1729 3143
222 225 306 265 524
653 235 686 264 s.
723 235 953 265 Aueusnm
985 238 1166 266 Emscom

218 303 327 362 ipso,
352 300 397 344 id
418 309 496 355 est,
522 299 577 344 de
599 310 788 345 amatore
809 302 901 361 ipso
924 302 1034 346 nihil
1055 311 1202 347 actum
1223 321 1232 348 ε
1259 301 1334 347 sed
1355 317 1511 362 parum
1532 302 1603 347 di-

220 370 365 415 lucide
388 370 463 429 qui
485 370 567 414 hoc
588 370 820 415 arbitratur
843 371 1062 431 intelligit.
1085 375 1183 418 Non
1205 373 1322 416 enim
1338 372 1431 416 fieri
1445 381 1601 431 potest,

221 451 270 485 ut
302 456 346 484 se
378 441 521 500 ipsum
543 476 554 496 ,
592 442 668 502 qui
696 446 834 487 Deum
864 443 1030 502 diligit,
1064 460 1154 488 non
1191 443 1342 502 diligat
1375 463 1384 489 ι
1415 445 1607 489 imovero

220 510 334 555 solus
363 527 406 556 se
438 512 560 557 novit
588 513 789 572 diligere,
815 515 891 575 qui
915 518 1052 558 Deum
1085 514 1240 573 diligit.
1268 515 1312 559 Si
1335 514 1514 575 quidem
1534 513 1608 558 ille

221 598 264 626 se
286 583 384 627 satis
407 582 577 642 diligit,
612 584 688 644 qui
718 584 870 629 sedulo
904 586 991 643 agit
1009 621 1020 641 ,
1055 594 1105 629 ut
1126 600 1298 630 summo
1320 594 1363 629 et
1383 600 1486 630 vero
1507 600 1608 644 per-

220 652 391 697 fruatur
414 654 531 699 bono
553 674 561 699 :
587 654 708 714 quod
740 656 774 699 si
804 655 914 699 nihil
943 665 1006 701 est
1028 654 1146 700 aliud
1168 670 1299 716 quam
1322 658 1436 699 Deus
1457 689 1468 709 ,
1499 655 1612 699 sicut

218 739 267 767 ea
287 740 385 780 quae
408 724 522 767 dieta
545 735 647 770 sunt
669 725 937 781 docuerunt,
967 728 1064 787 quis
1094 726 1293 771 cunctari
1316 734 1477 785 potest,
1503 726 1612 786 quin

221 807 311 836 sese
334 800 464 845 amet,
490 792 565 850 qui
587 805 751 834 amator
773 807 836 834 est
860 799 937 839 Dei
955 800 972 840 ‘3
994 798 1127 853 Quid,
1148 799 1261 842 inter
1279 798 1393 857 ipsos
1414 798 1611 842 homines

221 862 477 906 nullum-ne
499 876 588 905 esse
615 861 770 905 amoris
796 856 1023 906 vinculum
1041 861 1208 907 debet?
1231 865 1429 908 Imovero
1450 869 1511 909 ita
1536 868 1613 909 de·
1678 884 1680 886 ’
1720 862 1722 865 ’

221 934 322 987 bet,
347 942 398 977 ut
429 932 576 977 nullus
607 932 764 976 certior
797 933 954 991 gradus
984 932 1038 977 ad
1060 948 1252 978 amorem
1276 935 1352 978 Dei
1375 935 1468 978 fieri
1491 951 1613 995 posse

219 1002 437 1057 credatur,
463 1017 595 1062 quam
617 1002 804 1046 hominis
825 1019 927 1062 erga
948 1004 1175 1047 hominem
1197 1004 1399 1048 charitas.

279 1076 437 1117 XLIX.
465 1076 642 1116 Promat
662 1073 787 1118 nobis
806 1089 909 1132 ergo
933 1072 1118 1117 alterum
1136 1084 1404 1134 praeceptum
1424 1076 1514 1134 ipse
1531 1078 1614 1120 Do-

221 1145 388 1198 minus,
417 1143 471 1188 de
492 1144 592 1188 vitae
610 1145 836 1204 praeceptis
851 1145 1142 1202 interrogatus
1163 1165 1170 1190 :
1188 1161 1277 1190 non
1296 1146 1411 1190 enim
1429 1156 1612 1191 conten-

222 1225 290 1259 tus
311 1213 394 1259 fuit
415 1230 519 1270 uno,
546 1216 622 1275 qui
641 1216 768 1261 sciret
786 1215 905 1260 aliud
928 1219 1066 1260 Deum
1085 1231 1191 1271 esse,
1218 1215 1338 1261 aliud
1360 1218 1607 1263 hominem:

222 1294 352 1346 atque
373 1285 579 1330 interesse
600 1295 771 1330 tantum
781 1322 796 1342 ,
820 1296 1035 1347 quantum
1056 1288 1169 1332 inter
1191 1303 1294 1331 eum
1315 1288 1391 1348 qui
1417 1288 1578 1332 creavit
1594 1323 1605 1342 ,

222 1365 264 1400 et
285 1355 330 1401 id
352 1355 472 1416 quod
494 1355 549 1401 ad
570 1358 784 1402 Creatoris
815 1357 1148 1401 similitudinem
1172 1368 1366 1402 creatum
1395 1367 1472 1402 est.
1500 1358 1614 1402 Dicit

222 1441 325 1485 ergo
338 1425 579 1470 secundum
592 1437 863 1487 praeceptum
877 1443 966 1471 esse
981 1447 989 1471 :
1016 1446 1035 1469 «
1054 1427 1211 1485 Diliges
1224 1427 1469 1487 proximum
1486 1437 1614 1472 tuum

226 1516 245 1538 »
272 1507 481 1558 tanquam
498 1507 540 1542 te
559 1498 704 1558 ipsum
719 1501 748 1542 ¹.
768 1516 788 1540 »
815 1501 874 1542 Te
890 1507 1035 1543 autem
1050 1499 1192 1557 ipsum
1212 1498 1441 1543 salubriter
1457 1498 1612 1556 diligis,

223 1569 256 1613 si
278 1568 375 1628 plus
399 1585 533 1629 quam
555 1578 598 1614 te
621 1569 760 1627 diligis
792 1572 947 1613 Deum.
975 1569 1104 1623 Quod
1131 1584 1231 1627 ergo
1255 1570 1344 1628 agis
1366 1579 1536 1624 tecum,
1570 1568 1616 1613 id

223 1640 439 1699 agendum
456 1655 557 1685 cum
575 1641 771 1700 proximo
790 1649 869 1695 est,
887 1641 971 1685 hoc
990 1649 1069 1695 est,
1091 1649 1140 1684 ut
1162 1640 1252 1699 ipse
1271 1640 1401 1684 etiam
1419 1639 1614 1699 perfecto

224 1726 370 1756 amore
396 1710 547 1770 diligat
569 1715 725 1756 Deum.
762 1714 860 1758 Non
890 1712 1005 1755 enim
1038 1726 1138 1755 eum
1168 1711 1310 1769 diligis
1339 1721 1548 1770 tanquam
1576 1719 1615 1754 te

225 1781 366 1840 ipsum
383 1816 393 1835 ,
429 1781 464 1824 si
486 1797 574 1825 non
597 1781 651 1825 ad
673 1780 717 1824 id
747 1781 914 1825 bonum
936 1780 990 1824 ad
1013 1781 1133 1840 quod
1154 1781 1245 1839 ipse
1266 1779 1409 1824 tendis
1426 1814 1437 1835 ,
1469 1778 1614 1824 addu-

224 1867 321 1896 cere
340 1853 507 1910 satagis.
536 1851 653 1896 Illud
675 1861 738 1897 est
760 1852 875 1896 enim
899 1867 1037 1896 unum
1054 1851 1240 1907 bonum,
1265 1852 1387 1911 quod
1406 1851 1612 1895 omnibus

226 1932 368 1967 tecum
401 1922 684 1967 tendentibus
713 1939 802 1968 non
835 1924 885 1967 fit
918 1932 1164 1980 angustum.
1202 1925 1268 1966 Ex
1291 1923 1373 1967 hoc
1398 1931 1616 1982 praecepto

227 2003 466 2038 nascuntur
487 1994 628 2038 officia
643 1994 858 2038 societatis
883 1994 1103 2048 humanae,
1127 1993 1172 2036 in
1195 1992 1355 2052 quibus
1372 2008 1461 2037 non
1476 2007 1618 2036 errare

227 2063 404 2108 difficile
427 2073 505 2109 est.
533 2064 765 2124 Agendum
805 2073 949 2108 autem
982 2063 1191 2123 imprimis
1221 2072 1309 2117 est,
1347 2072 1394 2106 ut
1416 2062 1618 2107 benevoli

226 2135 372 2189 simus,
398 2134 444 2179 id
463 2144 542 2189 est,
568 2144 617 2180 ut
640 2135 760 2179 nulla
784 2134 947 2178 malitia
967 2170 976 2188 ,
1003 2134 1126 2178 nullo
1149 2132 1251 2178 dolo
1273 2132 1388 2177 malo
1411 2132 1618 2177 adversus

157 2240 161 2243 ,
227 2205 447 2248 hominem
487 2214 676 2250 utemur.
720 2205 836 2258 Quid
872 2205 987 2248 enim
1024 2204 1192 2249 homini
1220 2203 1397 2248 homine
1435 2204 1615 2263 propin-

229 2274 359 2334 quius
376 2277 394 2319 Ξ)

287 2348 336 2388 L.
368 2346 526 2406 Accipe
546 2347 676 2391 etiam
694 2345 801 2406 quid
822 2345 981 2390 Paulus
1000 2345 1116 2390 dicat
1134 2364 1142 2389 :
1178 2363 1198 2387 «
1220 2343 1421 2398 Dilectio,
1448 2343 1616 2404 inquit,

235 2433 251 2454 ι)
279 2415 489 2473 proximi,
515 2417 678 2460 malum
697 2433 787 2462 non
810 2419 1057 2477 operatur2.
1079 2435 1097 2458 »
1124 2415 1388 2461 Brevissimis
1408 2424 1509 2459 utor
1533 2424 1620 2459 tes-

232 2483 438 2539 timoniis,
464 2484 555 2540 sed,
581 2484 663 2528 nisi
689 2486 832 2543 fallor,
858 2487 1049 2543 idoneis,
1082 2496 1126 2532 et
1147 2486 1309 2546 quibus
1330 2494 1539 2545 susceptae
1561 2485 1621 2528 rei

286 2574 292 2589 ¹
318 2567 427 2600 Matlh.
449 2568 536 2608 xxiv,
563 2568 673 2610 39.·--η
691 2575 704 2591 ²
727 2571 817 2601 Rom.
842 2568 910 2610 xiii,
936 2582 964 2602 1.
