1729 3143
421 233 475 259 DE
507 234 658 260 manno
689 230 902 269 Anum-mo,
938 232 1020 258 Lm.
1057 231 1123 257 111.
1385 214 1469 252 389

83 295 228 341 debet.
269 297 311 341 Si
342 298 456 341 enim
480 306 530 342 tu
560 296 748 342 laudaris
770 296 958 341 videndo
979 294 1083 355 quid
1106 293 1247 338 facere
1270 291 1429 336 debeas
1450 326 1461 346 ‚
1525 288 1527 291 ’

82 381 184 410 cum
210 365 256 410 id
283 382 372 410 non
399 367 572 422 videas,
611 367 692 411 nisi
728 367 773 410 in
793 365 868 409 illo
904 366 980 425 qui
1008 374 1072 410 est
1103 361 1469 409 incommutabilis

0 440 3 448 '
77 436 248 493 ,Veritas
280 458 291 494 3
332 446 496 497 quanto
533 437 668 496 magis
697 435 771 479 ille
806 436 882 494 qui
925 445 968 480 et
1000 434 1112 480 velle
1147 433 1353 495 praecepit
1375 467 1386 488 ‚
1424 441 1468 476 et

81 522 205 566 posse
232 508 421 567 praebuit
445 544 456 563 ‚
498 517 541 553 et
568 523 658 552 non
684 508 865 565 impune
887 505 1004 551 nolle
1025 506 1249 565 permisit?
1285 505 1328 550 Si
1351 503 1467 548 enim

80 577 164 621 hoc
202 577 335 622 debet
370 579 555 638 quisque
594 577 715 638 quod
752 576 946 635 accepit,
988 585 1031 620 et
1068 577 1127 620 sic
1162 577 1296 621 homo
1330 574 1471 620 factus

80 655 173 702 est,
214 656 265 692 ut
299 649 536 693 necessario
565 658 743 708 peccet,
778 648 863 692 hoc
900 646 1031 691 debet
1067 656 1118 691 ut
1152 640 1324 705 peccet(
1355 647 1469 691 Cum

79 732 181 776 ergo
203 727 380 777 peccat,
412 719 534 779 quod
566 718 698 763 dehet
732 717 849 762 facit.
887 718 1018 771 Quod
1052 717 1086 761 si
1119 717 1258 762 scelus
1298 725 1362 761 est
1397 715 1467 760 di-

78 803 201 843 cere,
243 790 461 833 neminem
499 799 653 834 natura
700 805 775 833 sua
811 789 926 848 cogit
969 797 1018 833 ut
1056 797 1220 848 peccet.
1270 787 1355 833 Sed
1391 801 1472 831 nec

79 858 232 903 aliena.
258 862 355 904 Non
379 861 492 904 enirn
516 861 713 920 quisquis
735 860 840 904 dum
863 860 906 904 id
926 858 1046 920 quod
1063 875 1154 904 non
1169 858 1264 902 vult
1282 857 1464 916 patitur,

12 979 14 982 y
76 939 239 987 peccat.
266 932 376 975 Nam
399 931 430 973 si
447 932 563 989 juste
581 931 744 989 patitur
761 965 771 984 ‚
797 931 953 973 nonin
974 943 1025 973 eo
1047 937 1198 987 peccat
1215 926 1336 987 quod
1359 927 1468 986 pati-

76 1007 148 1042 tur
172 999 332 1043 invitus
349 1034 360 1053 ,
386 1000 461 1043 sed
482 1000 527 1043 in
550 1015 600 1043 eo
629 1000 827 1059 peccavit
848 999 969 1059 quod
998 999 1055 1043 ita
1077 997 1181 1042 fecit
1208 998 1359 1042 volens
1376 1032 1388 1052 ‚
1419 1006 1470 1042 ut

76 1070 197 1129 quod
217 1069 351 1113 nollet
364 1071 462 1128 jure
479 1079 715 1127 pateretur.
741 1070 783 1114 Si
802 1079 946 1113 autem
964 1070 1123 1129 injuste
1140 1069 1304 1127 patitur
1321 1104 1332 1123 ,
1358 1083 1471 1128 quo-

75 1138 208 1183 modo
230 1141 411 1197 peccat?
433 1142 529 1184 Non
553 1141 669 1183 enim
696 1141 856 1199 injuste
878 1139 1042 1200 aliquid
1063 1139 1152 1199 pati
1171 1175 1182 1195 ,
1208 1139 1285 1184 sed
1306 1139 1468 1199 injuste

22 1228 23 1231 ¹
75 1208 236 1268 aliquid
262 1208 431 1263 facere,
467 1218 696 1267 peccatum
731 1219 811 1271 est.¹
836 1211 965 1263 Quod
988 1210 1022 1254 si
1055 1225 1199 1270 neque
1227 1226 1301 1254 sua
1325 1224 1469 1269 neque

75 1279 214 1323 aliena
237 1272 393 1324 nai'ura
416 1281 513 1339 quis
541 1296 723 1340 peccare
746 1282 917 1339 cogitur
936 1316 947 1336 ‚
972 1290 1103 1325 restat
1124 1290 1174 1325 ut
1195 1281 1369 1339 propria
1391 1295 1470 1325 vo-

73 1350 242 1395 luntate
277 1360 498 1410 peccetur.
535 1351 661 1405 Quod
689 1352 723 1395 si
757 1352 949 1395 tribuere
979 1351 1169 1396 volueris
1203 1351 1432 1396 Conditori
1453 1385 1465 1406 ‚

74 1430 328 1480 peccantem
350 1421 557 1481 purgabis
578 1458 589 1476 ,
616 1421 692 1482 qui
713 1421 822 1465 nihil
845 1430 1003 1480 praeter
1024 1421 1091 1466 sui
1113 1421 1361 1466 Conditoris
1378 1422 1468 1466 ins-

73 1491 203 1536 tituta
225 1492 440 1536 commisit
460 1527 470 1546 ‚
504 1493 579 1551 qui
607 1493 641 1535 si
670 1500 786 1536 recte
809 1490 1061 1535 defenditur
1083 1527 1094 1543 ‚
1117 1507 1208 1535 non
1233 1492 1429 1550 peccavit
1450 1510 1459 1536 :

73 1577 163 1606 non
195 1571 259 1606 est
297 1577 399 1620 ergo
433 1562 555 1622 quod
591 1562 756 1606 tribuas
787 1562 1032 1607 Conditori.
1073 1561 1323 1606 Laudemus
1363 1577 1466 1621 ergo

73 1631 357 1677 Conditorem
377 1668 387 1685 ‚
427 1633 459 1677 si
491 1642 632 1691 potest
667 1631 846 1676 defendi
880 1641 1082 1692 peccator
1103 1667 1114 1687 ‚
1148 1631 1406 1688 laudemus,
1432 1633 1467 1677 si

72 1718 162 1746 non
184 1712 340 1762 potest.
382 1703 425 1748 Si
454 1704 569 1746 enim
588 1704 703 1762 juste
731 1702 1007 1757 defenditur,
1034 1718 1122 1746 non
1144 1712 1206 1746 est
1227 1713 1460 1762 peccator:

6 1819 10 1823 ,
71 1771 202 1816 lauda
223 1787 326 1830 ergo
352 1774 617 1817 Creatorem.
655 1773 699 1817 Si
731 1782 876 1817 autem
915 1772 1093 1816 defendi
1116 1789 1203 1817 non
1226 1782 1394 1832 potest,
1420 1773 1465 1818 in

73 1851 244 1886 tantum
281 1852 483 1901 peccator
512 1852 575 1887 est
607 1843 652 1887 in
675 1852 889 1902 quantum
917 1857 962 1887 se
995 1859 1018 1887 a
1047 1844 1252 1887 Creatore
1275 1844 1459 1888 avertit:

72 1912 201 1956 lauda
234 1928 337 1971 ergo
368 1915 634 1958 Creatorem.
666 1914 856 1957 Omnino
884 1913 1015 1970 igitur
1042 1929 1131 1958 non
1153 1913 1328 1957 invenio
1348 1949 1359 1971 ,
1383 1928 1463 1957 nec

71 1983 255 2026 inveniri
292 1998 414 2042 posse
446 1993 488 2027 et
521 1999 696 2042 prorsus
727 1999 817 2027 non
849 1998 939 2027 esse
977 1984 1215 2052 confirmo„
1242 1985 1464 2043 quomodo

73 2053 322 2097 tribuantur
344 2062 520 2112 peccata
541 2062 685 2097 nostra
701 2054 894 2098 Creatori
913 2063 1061 2098 nostro
1081 2057 1168 2098 Deo
1186 2074 1196 2110 3
1222 2054 1400 2113 quando
1417 2063 1461 2098 et

72 2124 116 2168 in
129 2124 231 2182 ipsis
247 2139 347 2167 eum
364 2122 628 2167 laudabilem
642 2124 838 2179 invenio,
855 2140 943 2169 non
958 2124 1096 2170 solum
1115 2124 1236 2185 quod
1252 2140 1300 2168 ea
1313 2125 1456 2184 punit,

72 2194 148 2239 sed
175 2194 303 2238 etiam
325 2194 445 2254 quod
469 2203 574 2238 tunc
595 2195 708 2238 fiunt
728 2230 738 2248 ‚
770 2210 870 2239 cum
892 2197 947 2239 ab
970 2198 1063 2257 ejus
1084 2197 1266 2241 veritate
1289 2196 1459 2240 recedi-

72 2275 158 2310 tur.
196 2268 248 2309 E.
283 2265 461 2324 Accipio
490 2266 570 2309 ista
605 2264 888 2310 libentissime
921 2282 970 2310 ac
1002 2267 1170 2325 probo,
1205 2276 1247 2311 et
1277 2267 1456 2311 omnino

72 2350 224 2381 verum
242 2350 331 2379 esse
348 2337 573 2381 consentio
590 2372 600 2391 ‚
626 2336 749 2380 nullo
766 2336 897 2380 modo
917 2337 1005 2381 fieri
1030 2353 1150 2397 posse
1167 2373 1177 2393 ‚
1201 2346 1250 2382 ut
1266 2337 1461 2382 Creatori

73 2414 221 2450 nostro
240 2414 356 2449 recte
378 2415 553 2465 peccata
575 2415 721 2450 nostra
744 2406 1007 2451 tribuantur.
1302 2454 1304 2456 f

132 2477 314 2520 XLVII.
343 2475 427 2521 Sed
448 2485 595 2520 tamen
618 2476 726 2521 seire
746 2477 901 2522 vellem
921 2513 932 2532 ‚
958 2478 990 2521 si
1018 2477 1110 2520 fieri
1131 2487 1274 2536 posset
1291 2513 1302 2533 ‚
1328 2492 1462 2537 quare

77 2545 148 2589 illa
175 2555 326 2591 natura
351 2562 439 2592 non
472 2557 648 2606 peccet,
679 2563 809 2607 quam
834 2564 921 2592 non
952 2557 1224 2608 peccaturam
1249 2548 1463 2607 praescivit
