1729 3143
267 160 348 200 144
693 170 726 197 s.
763 169 993 197 Anonszrnu
1026 170 1206 197 Emscom

257 237 482 295 sanguine.
503 234 619 288 Quid
636 234 750 277 enim
772 233 964 278 manavit
980 249 1031 277 ex
1046 233 1120 278 illo
1137 233 1271 278 latere
1288 235 1518 279 crucifixi?
1542 237 1645 280 San-

257 308 351 366 guis
373 315 415 350 et
437 321 548 364 aqua
573 322 581 347 ε
605 318 655 346 ex
676 303 887 361 sanguine
908 305 1067 358 rubor,
1108 319 1157 347 ex
1191 319 1303 363 aqua
1336 304 1556 363 splendor.
1590 308 1642 348 In

255 377 343 420 istis
375 375 545 419 duobus
574 374 848 417 sacramentis
876 374 1138 418 decorantur
1169 373 1352 432 singulae
1380 375 1535 418 animae
1552 410 1563 430 ,
1589 391 1642 419 ex

254 446 414 506 quibus
441 459 526 486 una
550 443 623 486 illa
645 442 828 502 pulchra
852 445 1040 488 eflicitur
1063 460 1218 503 sponsa
1242 443 1455 499 Ecclesia,
1480 445 1553 489 cui
1579 444 1642 488 di·
1702 451 1715 498 ἦ,

253 518 364 562 citur
392 517 437 559 in
459 516 641 560 Cantico
662 517 931 561 canticorum
952 537 961 561 :
991 521 1169 570 «Quam
1193 518 1383 576 speciosa
1418 532 1462 561 es
1480 552 1490 571 ,
1522 532 1643 561 soror

254 606 274 629 »
300 602 411 642 mea,
438 587 594 632 dilecta
617 604 727 643 mea,
754 604 886 648 quam
908 589 1111 647 speciosae
1131 597 1232 632 sunt
1251 604 1373 646 genae
1393 598 1480 631 tuae
1495 591 1523 630 ¹.
1545 605 1565 628 »
1587 591 1643 631 Et
1701 617 1707 634 i

250 674 349 702 cum
371 660 461 717 ipse
483 674 576 703 eam
600 659 729 702 talem
751 659 902 703 fecerit
920 695 931 713 ,
956 660 1181 718 ipsamque
1205 659 1580 718 pulchritudinem
1603 658 1643 701 ei

249 730 339 788 ipse
359 730 586 773 donaverit
600 766 610 783 ,
636 730 787 773 videns
806 746 900 774 eam
924 729 1055 773 talem
1073 731 1195 789 quasi
1213 730 1391 772 miratus
1409 728 1640 782 exclamat,

250 808 382 859 atque
400 800 725 844 circumstantes
742 800 1015 858 interrogans
1035 800 1140 843 dicit
1163 819 1172 843 ι
1197 819 1215 840 «
1236 802 1447 852 Quaenam
1466 808 1529 842 est
1546 799 1640 842 haec
1702 796 1707 838 ἶ

252 889 271 912 »
297 886 396 929 quae
430 871 622 915 ascendit
655 870 890 915 dealbata?
911 873 967 914 Et
994 869 1082 925 illi,
1115 871 1315 929 AEquitas
1340 868 1487 912 dilexit
1511 878 1552 912 te
1565 870 1597 911 ².
1618 887 1637 910 »
1702 903 1703 906 ,

252 943 396 999 «Ipsa
434 950 497 984 est
528 941 676 998 regina
715 957 813 1000 quae
851 941 983 984 astitit
1024 956 1047 983 a
1083 939 1242 983 dextris
1282 939 1367 982 tuis
1403 939 1448 981 in
1483 938 1643 982 vestitu

251 1027 271 1050 »
298 1010 527 1062 deaurato,
554 1011 876 1053 circumamicta
904 1010 1155 1060 varietate³‚
1175 1027 1194 1049 n
1222 1008 1473 1063 linguarum
1503 1007 1643 1051 diver·
1700 1006 1703 1048 ὲ

246 1092 388 1122 sarum
409 1075 603 1133 gentium
628 1073 833 1116 varietate
850 1072 1066 1117 decorata.
1090 1073 1284 1117 Audiens
1302 1075 1395 1118 haec
1416 1077 1560 1134 sponsi
1576 1077 1643 1121 sui

246 1162 396 1192 vocem
419 1145 600 1189 dicentis
628 1164 636 1188 :
667 1147 918 1197 «Quaenam
943 1154 1006 1188 est
1028 1145 1120 1188 haec
1155 1160 1256 1204 quae
1291 1146 1486 1189 ascendit
1515 1146 1641 1190 deal-
1699 1166 1702 1185 ι

250 1239 270 1261 »
296 1219 425 1262 bata?
448 1235 466 1257 »
492 1215 738 1260 verecunde
755 1216 882 1258 etiam
902 1215 991 1272 ipsa
1010 1215 1272 1273 respondere
1289 1216 1461 1273 cogitur
1475 1251 1485 1270 ,
1510 1226 1552 1260 et
1570 1217 1639 1261 di-
1699 1247 1705 1258 .,

245 1292 392 1334 citsuo
405 1303 562 1346 sponso
583 1290 667 1331 :De
680 1287 1001 1343 meinterrogas
1026 1301 1228 1344 quaenam
1254 1287 1333 1329 sim
1346 1302 1445 1345 quae
1464 1288 1639 1332 ascendi

247 1358 482 1403 dealbata?
506 1360 598 1414 Ego
621 1371 715 1399 sum
740 1371 871 1414 quam
896 1354 1060 1398 foedam
1078 1355 1294 1409 invenisti,
1320 1356 1638 1416 pulchramque

245 1428 399 1473 fecisti.
418 1430 613 1485 Egosum
626 1426 748 1483 cujus
765 1440 909 1483 preces
922 1424 1095 1479 audisti,
1116 1426 1294 1484 quando
1315 1441 1382 1469 me
1400 1426 1444 1468 in
1465 1426 1639 1471 Psalmo
1698 1447 1705 1478 »j

245 1509 419 1545 cantare
434 1497 573 1541 fecisti
595 1516 604 1540 2
629 1515 649 1537 «
662 1499 773 1539 Lava
783 1496 843 1538 bis
859 1511 943 1550 me,
963 1505 1004 1539 et
1021 1511 1150 1554 super
1162 1497 1306 1540 nivem
1321 1496 1603 1542 dealbabor&
1615 1518 1635 1539 »

246 1568 362 1623 Quid
405 1583 505 1625 ergo
550 1566 713 1609 miraris
756 1565 1128 1624 pulchritudinem
1173 1582 1313 1610 meam
1332 1602 1342 1620 ,
1389 1584 1488 1611 cum
1531 1569 1638 1613 scias

245 1642 358 1685 hanc
383 1654 473 1682 esse
495 1653 625 1696 opera
648 1638 753 1679 tua?
776 1636 889 1688 Quid
922 1637 1185 1693 interrogas,
1211 1638 1331 1696 quod
1360 1638 1450 1696 ipse
1479 1638 1634 1684 fecisti.

246 1710 376 1755 Vides
408 1724 476 1752 me
506 1707 777 1760 dealbatam,
806 1716 852 1749 tu
875 1705 1009 1750 lotam
1044 1722 1171 1765 super
1203 1708 1347 1750 nivem
1372 1707 1510 1752 fecisti
1531 1725 1638 1753 can·
1701 1686 1717 1740 ξ’

244 1780 407 1825 didam.
435 1781 491 1823 Ut
513 1778 658 1821 videas
689 1792 758 1820 me
785 1777 1116 1830 ascendentem,
1145 1785 1186 1819 te
1216 1777 1400 1834 cognovi
1438 1777 1493 1820 de
1522 1779 1636 1823 coelo

243 1850 580 1895 descendentem
600 1883 610 1903 ‚
649 1856 691 1890 te
732 1847 871 1890 amavi
903 1847 948 1889 in
984 1861 1112 1890 cruce
1151 1846 1431 1905 pendentem.
1476 1849 1636 1892 Humi-

243 1923 338 1967 litas
368 1932 444 1966 tua
479 1920 592 1964 facta
626 1928 688 1963 est
725 1917 927 1962 exaltatio
965 1933 1082 1970 mea,
1110 1917 1285 1960 foeditas
1314 1926 1388 1960 tua
1425 1917 1540 1962 facta
1569 1929 1634 1963 est

244 1990 526 2053 pulchritudo
539 2006 650 2035 mea.
667 1990 756 2035 Nisi
769 1989 884 2032 enim
907 1997 955 2032 tu
972 1987 1026 2031 de
1038 2002 1166 2031 cruce
1178 1987 1431 2031 vulneratus
1450 1987 1634 2033 descen-

244 2064 392 2120 deres,
423 2078 503 2122 ego
524 2061 724 2106 dealbata
746 2060 801 2103 de
822 2059 944 2103 fonte
967 2073 1057 2102 non
1081 2057 1375 2102 ascenderem.
1402 2060 1514 2103 Vere
1541 2059 1633 2104 dic-

243 2144 338 2179 tum
361 2143 424 2178 est
450 2154 458 2178 ;
489 2132 638 2185 «Quia
660 2128 804 2175 valida
822 2138 885 2173 est
907 2129 1018 2173 sicut
1042 2143 1155 2172 mors
1178 2126 1393 2171 dilectio⁵.
1411 2147 1430 2168 »
1455 2131 1633 2181 Quous-

245 2220 332 2265 que
349 2219 393 2248 se
413 2217 595 2263 sponsus
617 2201 686 2245 hic
707 2199 945 2252 inclinavit,
971 2198 1047 2258 qui
1068 2206 1239 2242 tantum
1258 2195 1443 2241 amando
1465 2196 1631 2244 foedam

246 2283 297 2318 ut
317 2273 478 2318 faceret
498 2272 743 2333 pulchram,
768 2284 905 2329 usque
927 2268 981 2312 ad
1004 2268 1153 2312 mortis
1174 2267 1337 2310 exitum
1355 2267 1473 2311 venit
1494 2287 1503 2313 z
1532 2287 1554 2311 «
1575 2272 1631 2313 Et

251 2362 271 2385 »
298 2345 490 2400 Domini,
525 2344 694 2404 inquit,
731 2341 880 2386 mortis
911 2341 1091 2384 exitusfl.
1120 2337 1317 2381 Vidimus
1351 2338 1468 2381 enim
1499 2354 1628 2395 eum,

297 2453 306 2469 ¹
328 2448 418 2480 Cant.
437 2458 489 2487 iv,
519 2460 547 2480 1.
574 2465 615 2471 -—-
633 2447 810 2482 21d.v1n‚
839 2443 870 2476 5.
890 2459 929 2467 ³-
954 2441 1066 2475 3Psal.
1095 2450 1192 2480 xmv,
1227 2450 1339 2471 10.—
1358 2437 1448 2472 41d.
1470 2451 1506 2481 ι,
1535 2451 1567 2482 9.
1589 2457 1630 2464 —

249 2502 263 2527 ⁵
282 2505 373 2536 Cant.
390 2515 457 2543 vm,
477 2503 509 2535 6.
531 2522 571 2528 -
590 2502 604 2526 6
625 2503 704 2535 Psal.
728 2512 814 2534 van
829 2526 836 2540 ,
856 2509 910 2533 21.
