1729 3143
203 150 252 185 18
627 156 658 182 s.
695 153 923 182 Incusum
956 155 1135 182 Enscom

189 223 320 267 etiam
348 238 369 263 α
395 224 477 265 Pro
498 220 642 279 impiis
665 228 862 263 mortuus
876 219 974 262 est1.
1000 235 1021 259 »
1048 220 1106 261 Et
1124 226 1359 276 antequam
1381 232 1576 262 morere-

193 302 281 348 tur,
306 307 397 336 non
413 291 565 351 utique
582 291 735 350 justOS,
761 288 837 332 sed
855 287 1155 348 justificandos
1179 287 1309 345 elegit
1325 288 1578 347 Apostolos,

176 360 352 423 'quibus
370 363 444 407 ait:
461 364 586 419 «Ego
600 374 675 404 vos
687 358 742 403 de
758 357 926 403 mundo
941 358 1093 417 elegi2.
1111 357 1312 411 «Quibus
1326 359 1441 402 enim
1455 358 1577 402 dixit:

202 452 223 477 «
243 436 305 478 De
336 431 501 479 mundo
523 445 613 474 non
647 429 775 488 estis,
814 448 834 471 »
871 438 915 474 et
951 445 1006 473 ne
1043 438 1249 488 putarent
1280 444 1323 472 se
1354 443 1582 488 nunquam

194 504 327 550 fuisse
339 504 394 549 de
415 501 605 556 mundo,
630 517 733 546 mox
755 500 946 545 addidit:
979 519 996 543 α
1017 499 1101 545 Sed
1128 515 1206 558 ego
1233 515 1308 544 vos
1339 499 1394 543 de
1417 498 1584 543 mundo

196 591 218 616 »
242 574 352 632 elegi
383 592 393 618 ι
421 591 442 614 »
467 571 664 632 profecto
685 582 735 617 ut
756 571 811 616 de
832 570 1000 616 mundo
1019 586 1110 615 non
1121 579 1279 625 essent,
1296 570 1430 628 ipsius
1444 569 1490 612 in
1512 583 1584 612 eos

193 644 404 688 electione
425 643 632 688 collatum
648 652 725 687 est.
748 643 958 696 Quocirca
974 642 1007 686 si
1025 657 1102 701 per
1118 657 1237 685 suam
1247 641 1478 700 justitiam,
1495 654 1586 683 non

190 729 269 775 per
293 715 475 773 gratiam
488 715 580 774 ejus
600 714 881 773 eligerentur,
902 729 992 758 non
1009 713 1064 757 de
1078 713 1244 756 mundo
1261 711 1388 755 electi
1410 718 1553 754 essent
1572 728 1580 753 :

191 785 402 844 quoniam
429 784 484 828 de
510 783 675 829 mundo
690 785 781 844 jam
803 799 894 828 non
916 793 1081 836 essent,
1105 781 1140 825 si
1155 784 1246 842 jam
1276 782 1381 840 justi
1423 787 1580 823 essent.

188 854 357 899 Deinde
372 855 409 900 si
430 865 658 915 propterea
671 865 774 900 sunt
785 854 936 909 electi,
962 855 1063 915 quia
1082 854 1171 913 jam
1189 853 1296 912 justi
1318 860 1468 908 erant3
1505 849 1587 908 ipsi

189 924 353 982 priores
386 926 476 984 jam
503 926 736 969 Dominum
766 924 1006 983 elegerant.
1039 925 1146 976 Quis
1173 923 1288 966 enim
1323 930 1467 981 potest
1495 934 1587 964 esse

183 992 343 1053 justus,
361 995 442 1038 nisi
467 993 670 1053 eligendo
685 995 962 1054 justitiamP«
975 994 1093 1037 Finis
1114 1002 1263 1037 autem
1275 990 1587 1049 legisChristus

195 1079 217 1105 »
241 1063 297 1108 ad
315 1065 530 1124 justitiam
547 1066 666 1109 omni
683 1064 913 1109 credenti-2.
927 1064 1013 1117 Qui
1031 1063 1169 1108 factus
1191 1072 1255 1107 est
1271 1061 1399 1106 nobis
1412 1061 1587 1119 sapien-

196 1149 217 1174 »
246 1133 300 1177 tia
323 1149 348 1177 a
367 1137 482 1188 Dec,
504 1143 546 1178 et
557 1134 743 1193 justitia,
769 1142 813 1178 et
842 1133 1126 1177 sanctificatio
1143 1164 1153 1183 ‚
1178 1141 1222 1172 et
1244 1131 1514 1186 redemptio,
1539 1137 1591 1172 ut

191 1219 212 1243 »
239 1203 616 1261 quemadmodum
633 1205 844 1259 scriptum
858 1210 946 1245 est:
966 1202 1051 1254 Qui
1067 1199 1293 1257 gloriatur,
1318 1199 1364 1242 in
1386 1199 1575 1243 Domino

194 1288 216 1312 »
243 1269 495 1329 glorietur⁴.
519 1287 539 1310 »
558 1272 656 1328 Ipse
677 1278 742 1314 est
757 1284 859 1328 ergo
874 1278 1018 1314 nostra
1037 1268 1220 1329 justitia.

251 1343 419 1385 XVIII.
443 1339 570 1385 Unde
587 1349 631 1385 et
652 1341 819 1401 antiqui
838 1341 945 1400 justi
959 1349 1059 1383 ante
1077 1339 1421 1383 incarnationem
1433 1337 1583 1392 Verbi,

193 1410 240 1454 in
253 1410 336 1454 hac
352 1409 440 1454 fide
463 1410 648 1464 Christi,
674 1419 718 1454 et
738 1411 785 1453 in
806 1410 888 1454 hac
912 1425 1011 1454 vera
1028 1409 1218 1469 justitia,
1236 1407 1357 1467 quod
1378 1416 1442 1451 est
1461 1407 1587 1451 nobis

190 1480 388 1526 Christus
406 1513 418 1533 ,
436 1480 662 1538 justificati
684 1488 786 1524 sunt
804 1500 814 1537 3
839 1480 923 1523 hoc
948 1478 1174 1522 credentes
1197 1478 1428 1533 futurum,
1466 1475 1588 1536 quod

191 1564 270 1593 nos
288 1548 506 1593 credimus
527 1548 695 1593 factum
717 1568 727 1593 2
751 1558 795 1593 et
818 1549 898 1607 ipsi
921 1548 1057 1606 gratia
1076 1547 1182 1592 salvi
1201 1546 1306 1591 facti
1327 1563 1402 1605 per
1423 1546 1555 1590 fidem
1571 1581 1583 1601 ,

192 1635 284 1665 non
305 1634 356 1663 ex
377 1634 420 1662 se
442 1619 560 1677 ipsis,
579 1618 655 1662 sed
670 1619 747 1662 Dei
770 1618 932 1675 dono⁵3
955 1634 1045 1662 non
1073 1634 1124 1662 ex
1146 1618 1367 1676 operibus,
1394 1633 1449 1660 ne
1472 1616 1588 1661 forte

193 1689 520 1734 extollerentur.
533 1691 652 1732 Bona
667 1688 830 1748 quippe
848 1703 978 1747 opera
1001 1702 1152 1731 eorum
1172 1703 1261 1731 non
1273 1695 1586 1745 praevenerunt

196 1758 534 1803 misericordiam
556 1758 649 1813 Dei,
670 1757 744 1802 sed
766 1758 996 1802 subsecuta
1010 1766 1126 1801 sunt.
1152 1757 1238 1815 Ipsi
1254 1757 1418 1816 quippe
1435 1755 1588 1800 audie-

193 1839 319 1885 runt,
349 1830 431 1889 ipsi
454 1829 719 1888 scripserunt
746 1829 877 1888 longe
913 1838 1150 1888 antequam
1170 1827 1370 1873 Christus
1400 1827 1591 1871 venisset

197 1900 244 1944 in
264 1915 393 1945 carne
419 1919 427 1944 ε
457 1918 479 1943 «
498 1899 733 1944 Miserebor
755 1899 827 1943 cui
849 1899 1048 1943 misertus
1065 1914 1155 1952 ero,
1181 1907 1224 1942 et
1247 1896 1590 1941 misericordiam

200 1988 221 2012 »
245 1969 462 2030 praestabo
493 1971 564 2015 cui
584 1969 819 2014 misericors
840 1967 1001 2013 {uei-0⁶.
1026 1987 1046 2009 υ
1074 1971 1107 2012 Ε
1132 1969 1294 2028 quibus
1318 1971 1395 2012 Dei
1419 1967 1586 2022 verbis,

197 2048 320 2085 tanto
335 2051 432 2100 post
442 2040 660 2099 apostolus
681 2039 840 2084 Paulus
860 2038 1044 2083 diceret:
1066 2059 1086 2080 «
1109 2039 1248 2097 Igitur
1270 2054 1360 2081 non
1385 2037 1589 2091 volentis,

203 2128 224 2152 »
248 2126 394 2170 neque
407 2110 635 2164 currentis,
647 2109 722 2153 sed
735 2109 973 2152 miserentis
987 2118 1051 2152 est
1069 2109 1180 2152 Dei7.
1203 2126 1221 2148 η
1240 2111 1442 2167 Ipsorum
1458 2107 1590 2151 etiam

204 2195 287 2225 vox
299 2189 363 2224 est
387 2180 516 2237 longe
533 2188 766 2238 antequam
783 2178 979 2223 Christus
995 2179 1179 2222 venisset
1200 2177 1246 2221 in
1262 2193 1391 2221 carne
1410 2192 1418 2217 ε
1439 2196 1459 2218 «
1476 2180 1591 2222 Deus

210 2267 230 2291 »
254 2264 392 2305 meus,
408 2249 697 2294 misericordia
706 2250 741 2308 ej
749 2264 797 2292 us
807 2249 1042 2307 praeveniet
1052 2264 1118 2291 me
1127 2250 1158 2290 8.
1171 2247 1434 2300 »Quomodo
1444 2257 1591 2291 autem

209 2329 384 2378 possent
401 2320 529 2365 alieni
549 2335 639 2364 esse
659 2336 683 2364 a
704 2319 790 2364 fide
800 2319 977 2373 Christi,
1001 2334 1188 2378 quorum
1219 2318 1428 2362 charitate
1462 2320 1592 2362 etiam

262 2421 271 2437 ¹
291 2417 383 2447 Rom.
403 2417 491 2455 v,6.
516 2432 556 2438 —
573 2422 585 2437 ²
609 2417 701 2447 Joan.
722 2426 783 2454 xv,
807 2412 855 2445 16.
876 2430 917 2435 —
941 2411 954 2434 3
973 2415 1065 2445 Rom.
1085 2424 1128 2453 x,
1153 2412 1183 2453 4.
1202 2411 1272 2437 -4
1296 2424 1306 2443 1
1326 2415 1396 2444 Cor.
1427 2425 1460 2453 1,
1479 2414 1533 2445 30.
1551 2430 1592 2435 --

213 2468 228 2494 5
246 2469 359 2512 Ephes.
381 2481 418 2512 11,
437 2472 469 2503 8.
491 2487 528 2494 -
542 2469 557 2493 ⁶
578 2470 675 2503 Exod.
695 2481 807 2509 xxxin,
832 2480 880 2510 ¹9·
901 2475 969 2500 -7
990 2471 1080 2501 Rom.
1099 2480 1143 2509 ix,
1167 2469 1216 2500 16.
1232 2485 1272 2491 -
1290 2467 1304 2490 3
1325 2468 1405 2501 Psal.
1425 2480 1517 2512 mnu,
1539 2480 1590 2501 11.
