1729 3143
559 181 772 213 Anvnnsns
803 184 982 212 JunAEos.
1381 171 1466 210 259

81 249 160 309 qni
187 257 231 292 et
258 248 395 307 ipsam
418 263 519 293 cum
546 250 712 293 caeteris
732 248 1010 292 sacramentis
1037 245 1254 291 carnalem
1275 246 1321 289 in
1342 247 1469 305 spiri-

81 318 214 363 talem
245 319 431 363 mutavit
462 319 730 363 unctionem.
776 317 844 360 Ibi
881 318 918 360 ei
954 317 1009 361 de
1044 316 1237 361 Ecclesia
1267 315 1429 360 dicitur
1454 335 1464 361 ε

84 405 106 430 «
129 387 277 431 Astitit
298 389 442 446 regina
463 404 487 432 a
508 388 666 432 dextris
683 386 768 430 tuis
784 386 831 428 in
848 387 1007 430 vestitu
1024 386 1234 431 deaurato
1248 420 1260 442 ‚
1285 387 1466 430 circum-

82 474 103 498 »
128 457 284 501 amicta
305 458 553 502 varietate1.
577 475 596 499 »
622 456 704 500 Ubi
726 455 990 513 significatur
1011 455 1262 515 linguarum
1279 456 1463 501 varietas

79 527 126 571 in
141 528 345 572 omnibus
364 529 565 587 gentibus
591 546 600 571 :
625 542 812 586 quarum
829 535 976 570 tamen
992 542 1081 571 una
1100 537 1143 571 et
1159 527 1341 587 simplex
1358 527 1466 571 fides

81 605 145 640 est
162 597 280 641 intus
301 617 310 641 ι
337 616 358 639 «
382 597 533 640 Omnis
556 596 672 639 enim
693 594 978 654 pulchritudo
1000 595 1099 639 filiae
1129 597 1238 654 regis
1266 597 1468 641 intrinse-

81 682 104 707 υ
129 681 205 710 cus
215 670 248 709 ².
277 684 296 707 >³
323 668 463 718 Quam
488 665 683 709 Psalmus
705 664 941 725 alloquitur
956 664 1104 709 dicens
1128 684 1137 709 ε
1161 684 1188 706 7«
1208 665 1339 721 Audi,
1363 666 1468 719 filia,

81 751 103 776 »
129 744 172 778 et
203 734 302 778 vide
328 754 337 778 :
373 754 391 775 »
429 734 530 778 audi
566 734 825 792 promissum
851 769 878 789 ,.
908 733 1008 779 vide
1039 733 1325 792 completum.
1369 753 1388 776 «
1414 736 1472 777 Et

82 821 104 845 »
129 802 380 848 obliviscere
399 804 612 862 populum
627 812 755 847 tuum
772 813 815 848 et
831 803 1013 848 domum
1030 804 1163 863 patris
1179 804 1258 847 tui.
1274 805 1343 848 Sic
1357 818 1474 848 nova

78 873 318 933 implentur
334 907 345 928 ‚
371 872 430 917 sic
451 882 596 918 vetera
613 883 956 919 commutantur.
986 893 1008 917 «
1030 874 1245 927 Quoniam
1262 873 1474 932 concupi-

80 960 102 984 »
126 943 188 987 vit
209 958 282 986 rex
303 943 490 1002 speciem
520 953 640 987 tuam
659 945 690 987 ³.
719 962 739 985 »
769 945 966 1003 Speciem
989 960 1121 1005 quam
1147 943 1251 989 fecit
1278 945 1370 1004 ipse
1391 960 1469 1004 per

77 1027 122 1056 se
136 1046 147 1068 ‚
173 1028 264 1057 non
290 1013 457 1057 invenit
483 1014 528 1056 in
550 1023 606 1057 te.
639 1015 869 1067 Quomodo
892 1015 1010 1059 enim
1030 1016 1223 1075 speciosa
1245 1030 1356 1059 esses
1378 1016 1470 1075 ejus

78 1083 215 1128 oculis
230 1118 242 1138 ‚
266 1085 444 1143 quando
466 1100 557 1128 eras
580 1085 664 1128 tuis
686 1085 850 1129 foedata
868 1087 1084 1145 peccatis?
1108 1089 1171 1132 Ne
1192 1096 1339 1131 tamen
1353 1101 1476 1147 spem

78 1163 200 1198 tuam
221 1154 438 1197 arbitreris
456 1154 706 1213 ponendam
724 1156 770 1197 in
787 1155 965 1198 homine
981 1188 993 1208 ,
1018 1155 1219 1213 sequitur
1236 1190 1246 1209 ,
1274 1165 1318 1199 et
1339 1157 1472 1201 dicit:

83 1241 103 1264 «
127 1224 345 1275 Quoniam
379 1223 469 1282 ipse
497 1233 561 1267 est
590 1224 800 1268 Dominus
834 1226 950 1266 Deus
984 1232 1100 1266 tuus.
1137 1241 1157 1264 »
1194 1227 1258 1269 Ne
1287 1224 1475 1269 formam

78 1291 190 1336 servi
210 1307 386 1351 spernas
406 1325 417 1345 ,
443 1307 498 1334 ne
521 1293 711 1350 potentis
731 1291 1030 1336 infirmitatem
1055 1293 1301 1352 excelsique
1324 1295 1474 1338 humi-

78 1361 244 1406 litatem
265 1360 462 1405 derideas
487 1381 496 1406 :
524 1380 541 1400 «
565 1363 661 1420 Ipse
677 1370 741 1404 est
761 1364 877 1405 Deus
897 1370 1015 1405 tuus.
1039 1380 1058 1402 »
1087 1365 1140 1405 In
1161 1377 1212 1406 eo
1231 1363 1352 1422 quod
1375 1379 1475 1422 par-

79 1446 159 1476 vus
181 1440 360 1490 apparet
375 1466 385 1485 ‚
411 1446 594 1489 magnus
615 1431 747 1487 latet3
771 1431 818 1474 in
839 1432 994 1475 umbra
1011 1432 1162 1476 mortis
1185 1432 1249 1476 sol
1260 1433 1441 1492 justitiae
1458 1469 1470 1488 ‚

81 1502 128 1545 in
150 1501 413 1545 contumelia
437 1501 575 1545 crucis
602 1501 811 1546 Dominus
834 1500 996 1559 gloriae.
1024 1503 1226 1555 Quamvis
1250 1518 1352 1547 eum
1374 1519 1474 1562 per-

80 1581 297 1615 secutores
330 1580 511 1624 necent,
536 1570 733 1614 infideles
767 1581 927 1629 negent
959 1590 967 1615 :
997 1590 1017 1613 «
1044 1575 1140 1630 Ipse
1173 1581 1237 1616 est
1264 1574 1475 1617 Dominus

84 1660 104 1682 »
130 1644 246 1685 Deus
263 1650 364 1685 tuus
384 1659 392 1685 ε
414 1660 433 1681 »
460 1656 536 1700 per
562 1642 684 1700 cujus
708 1656 865 1700 corpus
886 1641 1176 1686 immutantur
1193 1677 1204 1698 ,
1226 1659 1326 1703 quae
1348 1653 1473 1688 antea

80 1725 158 1770 per
182 1711 355 1755 umbras
371 1709 690 1768 figurabantur.

139 1783 214 1824 VI.
243 1780 437 1824 Psalmus
466 1795 645 1839 quoque
675 1780 1164 1837 sexagesimus-octavus
1184 1782 1319 1827 habet
1347 1783 1393 1827 in
1416 1784 1471 1827 ti-

81 1851 175 1894 tulo
201 1870 210 1895 :
246 1869 265 1892 «
292 1854 376 1895 Pro
404 1851 454 1894 iis
489 1866 589 1910 quae
616 1852 1023 1895 commutabuntur.
1052 1871 1072 1894 »
1098 1855 1154 1896 Et
1187 1862 1387 1898 cantatur
1410 1855 1471 1898 ibi

80 1921 220 1980 passio
249 1920 424 1965 Domini
446 1921 581 1964 nostri
608 1923 711 1964 Jesu
742 1921 903 1966 Christi
929 1955 940 1975 ‚
977 1923 1322 1980 transfigurantis
1350 1923 1396 1967 in
1428 1939 1472 1968 se

81 1990 291 2050 quasdam
304 1991 432 2033 etiam
449 2005 577 2034 voces
595 1992 892 2035 membrorum
908 2026 918 2044 ,
946 1991 1030 2035 hoc
1046 2001 1109 2035 est
1122 2026 1134 2046 ,
1158 1992 1356 2036 fidelium
1375 2008 1472 2038 suo-

81 2075 196 2105 rum.
225 2063 323 2105 Non
345 2061 460 2104 enim
488 2061 578 2120 ipse
597 2061 687 2106 ulla
714 2062 872 2106 delicta
894 2062 1050 2106 habuit
1069 2098 1080 2117 ‚
1109 2063 1184 2106 sed
1201 2072 1347 2107 nostra
1370 2079 1472 2123 por-

82 2131 191 2176 tavit
210 2166 220 2185 ,
256 2131 374 2175 unde
391 2130 498 2175 dicit
519 2150 527 2175 :
554 2149 574 2173 «
593 2135 651 2175 Et
668 2132 826 2177 delicta
848 2149 945 2177 mea
962 2149 985 2178 a
1007 2142 1050 2177 te
1068 2149 1158 2178 non
1177 2143 1279 2178 sunt
1295 2135 1475 2179 abscon-

86 2219 108 2244 »
133 2201 224 2246 dita
244 2204 274 2245 ⁵.
305 2220 324 2242 »
360 2202 428 2245 Ibi
458 2203 668 2261 scriptum
695 2211 759 2246 est
789 2213 832 2246 et
864 2205 1236 2262 praenuntiatum,
1276 2205 1397 2265 quod
1426 2207 1472 2249 in

82 2272 321 2331 Evangelio
353 2271 535 2330 legimus
568 2272 732 2316 factum
761 2292 770 2317 ε
799 2291 820 2314 «
844 2272 1070 2316 Dederunt
1095 2274 1141 2317 in
1164 2289 1305 2318 escam
1330 2290 1472 2319 meam

86 2359 108 2382 »
133 2339 218 2396 fel,
245 2351 288 2385 et
309 2342 353 2385 in
385 2343 454 2386 siti
484 2357 580 2386 mea
602 2351 864 2400 potaverunt
896 2357 966 2385 me
995 2344 1162 2387 acetoss.
1192 2362 1212 2384 »
1246 2347 1325 2388 Per
1352 2345 1471 2388 hunc

133 2448 144 2465 ¹
164 2442 245 2474 Psal.
266 2453 352 2483 xmv,
370 2453 420 2475 ιο.
437 2459 478 2465 --
494 2442 609 2474 21bid.
638 2442 688 2484 14.
706 2459 748 2464 —
762 2441 775 2465 3
798 2442 880 2474 lbid.
906 2442 1008 2482 14-
1024 2442 1134 2475 41bid.
1160 2455 1210 2484 11,
1230 2455 1279 2476 12.
1300 2461 1340 2467 -
1359 2444 1375 2468 5
1391 2446 1472 2477 Psal.

88 2505 202 2537 vam,
220 2496 253 2528 6.
273 2513 314 2520 -
326 2494 341 2519 ⁶
360 2496 475 2529 Matth.
495 2507 592 2537 xxvn,
613 2495 651 2538 34
668 2501 701 2528 et
718 2495 772 2538 48.
790 2498 882 2528 Joan.
900 2507 966 2538 xix,
983 2506 1038 2540 29,
1058 2502 1090 2529 et
1104 2498 1182 2530 Psal.
1201 2509 1311 2539 vani,
1327 2507 1378 2531 27.

1213 2553 1276 2591 17.
