1729 3143
562 207 615 235 DE
646 206 812 245 GENESI,
847 206 930 234 Lm.
964 206 994 231 1.
1381 188 1467 229 449

62 322 64 324 .
93 273 303 334 spiritales
322 306 334 329 ‚
371 273 417 318 in
453 273 582 333 hujus
616 274 718 319 vitae
739 272 1001 317 obscuritate
1027 278 1235 328 tanquam
1266 267 1312 310 in
1344 275 1473 311 nocte

93 346 257 390 micent
277 354 320 390 et
340 343 553 404 fulgeant.
579 349 771 398 Quarum
792 357 936 387 rerum
954 340 1107 386 notitia
1125 338 1275 384 fortior
1293 338 1475 383 effectus

92 415 272 475 incipiat
301 415 457 475 quinto
480 414 550 459 die
578 415 624 459 in
650 413 892 459 actionibus
913 409 1275 457 turbulentissimi
1297 407 1474 462 saeculi,

93 494 303 545 tanquam
334 485 381 529 in
413 485 535 545 aquis
561 484 690 530 maris
718 482 907 543 operari,
934 491 1110 542 propter
1135 479 1369 525 utilitatem
1396 477 1481 522 fra-

93 564 228 599 ternae
249 554 487 612 societatis3
511 564 554 600 et
587 554 642 599 de
669 552 968 613 corporalibus
998 551 1265 607 actionibus,
1297 563 1397 610 quae
1427 547 1482 592 ad

92 625 235 684 ipsum
256 638 375 669 mare
393 625 613 684 pertinent
627 659 638 680 ‚
664 624 710 668 id
727 633 817 679 est,
844 623 899 668 ad
921 623 1034 667 hanc
1050 623 1183 667 vitam
1200 657 1210 677 ‚
1239 619 1481 681 producere

93 696 336 739 animarum
363 695 562 740 vivarum
583 694 755 754 reptilia
778 729 789 750 ,
826 694 873 738 id
894 703 957 738 est
979 728 990 749 ,
1027 708 1157 753 opera
1193 708 1291 752 quae
1318 689 1487 750 prosint

95 765 246 809 animis
277 764 416 821 vivis3
440 774 484 809 et
515 774 631 810 cetos
661 779 841 824 magnos
859 798 870 819 ‚
894 763 941 807 id
964 772 1054 818 est,
1083 762 1332 808 fortissimas
1354 759 1487 804 actio-

94 850 171 879 nes
188 870 200 890 ,
232 834 393 895 quibus
421 835 583 880 fluctus
615 835 763 880 sacculi
793 830 1107 894 dirumpuntur
1130 842 1173 878 et
1194 841 1489 878 contemnun-

97 915 195 961 tur,
222 914 265 949 et
285 904 478 950 volatilia
497 905 597 950 coeli
617 941 628 958 ,
654 906 699 948 id
717 915 810 957 est,
833 920 961 947 voces
978 905 1172 949 coelestia
1188 902 1488 963 praedicantes.

100 979 230 1021 Sexto
248 984 394 1019 autem
412 975 484 1017 die*
503 972 718 1032 producat
739 972 794 1016 de
813 981 928 1017 terra
950 973 1138 1016 animam
1157 974 1299 1016 vivam
1312 1007 1323 1027 ‚
1347 971 1393 1015 id
1412 979 1491 1024 est⁷

100 1045 155 1087 de
174 1045 265 1103 ipsa
289 1043 523 1087 stabilitate
544 1043 702 1087 mentis
725 1058 814 1088 suae
832 1043 908 1086 ubi
929 1042 1136 1102 spiritales
1149 1042 1285 1086 habet
1305 1040 1491 1094 fructuS,

102 1114 229 1158 idest
243 1149 253 1168 ,
277 1113 414 1158 bonas
439 1114 749 1171 cogitationes,
775 1122 919 1158 motus
942 1128 1092 1157 omnes
1110 1112 1242 1157 animi
1261 1108 1327 1156 sui
1345 1119 1465 1169 regat
1482 1143 1493 1164 ‚

101 1193 151 1227 ut
183 1185 236 1227 sit
269 1185 315 1226 in
342 1182 418 1227 illo
451 1184 594 1226 anima
615 1184 740 1238 viva,
765 1183 812 1227 id
834 1193 922 1240 est,
948 1184 1106 1228 rationi
1138 1191 1181 1226 et
1206 1181 1386 1241 justitiae
1409 1195 1498 1224 ser-

102 1255 222 1298 viens
238 1287 249 1308 ‚
274 1268 364 1297 non
390 1254 623 1297 temeritati
641 1262 773 1313 atque
794 1262 990 1312 peccato.
1013 1256 1077 1298 Ita
1100 1253 1176 1297 fiat
1206 1253 1335 1296 etiam
1364 1251 1497 1295 homo

106 1324 161 1370 ad
188 1324 423 1383 imaginem
445 1333 489 1368 et
509 1323 837 1369 similitudinem
860 1325 965 1380 Dei,
994 1323 1214 1368 masculus
1232 1331 1274 1367 et
1291 1321 1495 1375 foemina,

106 1396 154 1439 id
172 1404 235 1440 est
251 1429 262 1451 ‚
286 1393 532 1439 intellectus
555 1404 598 1439 et
619 1395 733 1440 actio
749 1430 760 1451 ‚
786 1410 976 1455 quorum
997 1394 1277 1454 copulatione
1295 1391 1498 1452 spiritalis

109 1466 244 1511 foetus
266 1473 426 1510 terram
445 1464 640 1524 impleat,
667 1464 714 1509 id
735 1474 814 1520 est,
841 1479 1015 1510 carnem
1037 1463 1254 1524 subjiciat,
1277 1471 1322 1507 et
1343 1470 1499 1506 caetera

109 1538 316 1597 quaejam
338 1537 384 1580 in
404 1536 592 1581 hominis
624 1535 894 1596 perfectione
921 1535 1118 1595 superius
1152 1534 1268 1578 dicta
1297 1541 1413 1578 sunt.
1448 1534 1502 1575 In

110 1607 200 1652 istis
218 1616 362 1651 autem
386 1616 596 1668 tanquam
614 1607 767 1652 diebus
782 1622 960 1667 vespera
977 1615 1041 1651 est
1059 1606 1106 1650 in
1122 1607 1214 1665 ipsa
1235 1603 1502 1664 perfectione

113 1677 383 1736 singulorum
403 1688 613 1738 operum,
640 1687 682 1722 et
703 1693 831 1722 mane
859 1678 906 1722 in
932 1677 1210 1723 inchoatione
1231 1677 1503 1735 consequen-

114 1750 241 1794 tium.
269 1753 370 1794 Post
401 1750 592 1799 istorum
608 1749 730 1809 quasi
758 1764 827 1794 sex
850 1748 1019 1795 dierum
1043 1763 1174 1808 opera
1202 1748 1317 1792 bona
1343 1744 1472 1792 valde
1489 1777 1501 1799 ⁷

116 1830 258 1880 speret
279 1822 412 1866 homo
433 1822 625 1881 quietem
656 1829 937 1881 perpetuam,
968 1828 1012 1864 et
1041 1818 1256 1877 intelligat
1282 1817 1391 1878 quid
1413 1816 1469 1860 sit
1494 1832 1504 1858 z

117 1891 352 1950 Requievit
385 1893 500 1935 Deus
530 1891 714 1950 septimo
748 1891 817 1934 die
850 1891 906 1934 ab
929 1890 1131 1935 omnibus
1161 1887 1366 1947 operibus
1388 1885 1504 1930 suis:

118 1961 222 2022 quia
244 1969 288 2004 et
318 1961 408 2019 ipse
439 1961 486 2004 in
515 1960 642 2005 nobis
662 1961 756 2004 haec
785 1960 901 2004 bona
929 1967 1134 2018 operatur
1150 1992 1162 2013 ,
1187 1957 1264 2016 qui
1284 1966 1333 2000 ut
1353 1969 1509 2015 opere-

121 2046 219 2075 mur
241 2030 398 2090 jubet3
423 2039 466 2075 et
493 2031 583 2090 ipse
613 2039 728 2075 recte
760 2030 1032 2090 requiescere
1064 2028 1223 2073 dicitur
1242 2063 1252 2082 ‚
1288 2027 1393 2087 quia
1413 2031 1512 2085 post

123 2102 219 2146 haec
240 2103 386 2146 omnia
403 2116 533 2161 opera
551 2101 746 2161 requiem
763 2100 889 2146 nobis
907 2101 998 2160 ipse
1016 2098 1257 2160 praestabit.
1281 2094 1512 2150 Quomodo

126 2173 242 2217 enim
275 2182 391 2217 recte
424 2171 583 2216 dicitur
613 2170 920 2231 paterfamilias
942 2170 1156 2216 aedificare
1178 2169 1361 2214 domum
1378 2203 1389 2224 ‚
1414 2180 1514 2212 cum

128 2245 212 2289 hoc
233 2260 324 2289 non
348 2259 477 2304 opere
495 2259 572 2288 suo
597 2242 727 2288 faciat
744 2278 755 2299 ,
782 2243 858 2288 sed
875 2258 1027 2288 eorum
1048 2243 1210 2304 quibus
1232 2239 1517 2286 servientibus

131 2315 316 2374 imperat
333 2337 343 2373 3
368 2316 428 2360 sic
448 2324 564 2359 recte
581 2313 740 2359 dicitur
759 2323 801 2360 et
815 2315 870 2358 ab
887 2313 1089 2374 operibus
1105 2313 1373 2374 requiescere
1386 2346 1398 2368 ,
1418 2323 1519 2356 cum

132 2395 230 2445 post
252 2384 565 2445 perfectionem
588 2385 766 2430 fabricae
780 2420 791 2441 ‚
816 2384 899 2429 illis
914 2385 1074 2445 quibus
1090 2384 1333 2444 imperabat
1349 2381 1523 2443 permit-

138 2457 191 2501 tit
212 2466 262 2502 ut
282 2466 463 2513 vacent,
489 2467 532 2502 et
549 2457 747 2518 jucundo
767 2457 856 2502 otio
879 2456 1172 2516 perfruantur.

302 2604 485 2635 cxxxiv.
1289 2590 1341 2631 29
