1729 3143
582 241 636 268 DE
667 240 835 278 GENE51‚
871 241 952 267 Lm.
987 242 1016 267 1.
1406 228 1488 268 493

112 310 250 352 Deum
267 321 356 351 non
372 306 558 351 credunt
579 305 745 365 aliquid
763 304 817 347 de
839 304 975 349 nihilo
993 304 1133 350 facere
1149 304 1336 365 potuisse
1353 339 1364 359 ,
1388 320 1488 348 cum

110 376 386 422 considerant
408 376 553 421 fabros
577 385 619 420 et
641 372 858 434 quoslibet
881 375 1053 433 opifices
1080 391 1168 420 non
1190 390 1312 434 posse
1327 374 1489 434 aliquid

109 447 347 502 fabricare,
384 447 466 490 nisi
495 446 729 490 habuerint
759 443 876 488 unde
905 443 1134 490 fabricent.
1159 448 1216 489 Et
1233 444 1349 503 ligna
1375 447 1490 489 enim

110 517 319 577 adjuvant
349 517 551 572 fabrum,
576 526 620 560 et
646 524 875 574 argentum
898 516 1072 575 adjuvat
1100 516 1392 575 argentarium
1412 551 1423 571 ‚
1449 525 1492 561 et

110 604 262 633 aurum
286 588 505 631 aurificem
522 622 533 642 ‚
558 596 601 631 et
614 596 728 631 terra
743 586 929 645 figulum
947 586 1124 645 adjuvat
1144 596 1194 631 ut
1210 587 1342 646 possit
1358 587 1493 647 perfi-

108 673 205 703 cere
226 673 356 717 opera
379 673 470 702 sua.
494 658 537 703 Si
563 657 678 701 enim
699 672 788 701 non
811 657 1072 716 adjuventur
1094 672 1143 701 ea
1167 658 1345 702 materia
1373 659 1493 702 unde

109 728 274 788 aliquid
292 726 473 782 faciunt,
494 727 604 771 nihil
620 738 800 786 possunt
816 726 973 782 facere,
996 741 1096 772 cum
1115 727 1338 772 materiam
1355 728 1493 788 ipsam

105 800 186 859 ipsi
223 815 313 843 non
342 797 520 843 faciant.
558 801 656 844 Non
693 798 807 843 enim
838 797 963 843 faber
988 799 1157 858 lignum
1184 799 1315 854 facit,
1340 797 1415 843 sed
1438 799 1493 844 de

106 868 226 928 ligno
248 868 354 913 facit
376 867 542 928 aliquid
566 888 575 913 :
603 869 663 913 sic
681 878 724 912 et
746 869 891 913 caeteri
915 884 1064 914 omnes
1086 868 1341 922 hujusmodi
1364 869 1492 928 opifi-

106 952 189 982 ces.
226 939 511 994 Omnipotens
546 943 692 978 autem
723 936 835 977 Deus
856 933 978 978 nulla
1006 949 1051 977 re
1077 934 1349 993 adjuvandus
1370 948 1462 982 erat
1478 973 1490 993 ‚

105 1022 238 1068 quam
257 1007 348 1065 ipse
365 1021 454 1050 non
474 1004 637 1049 lecerat
651 1039 662 1060 ,
688 1014 736 1048 ut
753 1006 873 1065 quod
890 1005 1065 1050 volebat
1086 1005 1293 1051 efficeret.
1316 1007 1358 1052 Si
1376 1008 1493 1053 enim

104 1079 160 1124 ad
181 1093 251 1122 eas
277 1093 343 1121 res
366 1093 472 1137 quas
489 1075 633 1120 facere
658 1076 857 1133 volebat,
884 1075 1117 1138 adjuvabat
1138 1092 1239 1122 eum
1262 1076 1406 1138 aliqua
1427 1094 1492 1124 res

103 1164 237 1210 quam
259 1149 350 1207 ipse
378 1163 467 1192 non
489 1148 678 1204 fecerat,
708 1164 798 1194 non
825 1157 917 1193 erat
946 1149 1221 1209 omnipotens
1244 1168 1253 1196 ε
1278 1148 1399 1209 quod
1422 1166 1492 1196 sa-

102 1218 314 1277 crilegum
335 1226 397 1261 est
412 1218 603 1262 credere.

160 1291 241 1334 XI.
269 1287 472 1333 Informis
507 1302 608 1347 ergo
641 1287 715 1332 illa
749 1288 927 1334 materia
960 1303 1094 1350 quam
1124 1288 1179 1333 de
1211 1289 1349 1334 nihilo
1379 1293 1493 1338 Deus

103 1360 231 1415 fecit,
254 1359 470 1419 appellata
496 1369 560 1405 est
580 1360 721 1420 primo
742 1359 905 1404 coelum
926 1370 969 1405 et
988 1370 1099 1405 terra
1114 1395 1125 1416 ,
1150 1369 1195 1405 et
1210 1359 1377 1406 dictum
1399 1372 1488 1409 est:

107 1449 127 1474 «
153 1434 205 1475 In
225 1430 441 1491 principio
477 1431 583 1475 fecit
611 1434 724 1476 Deus
752 1432 915 1476 coelum
947 1440 991 1476 et
1023 1441 1210 1489 terram3
1236 1452 1253 1474 »
1279 1447 1369 1477 non
1390 1433 1492 1494 quia

97 1503 186 1562 jam
209 1502 292 1546 hoc
313 1511 431 1558 erat,
457 1502 533 1546 sed
555 1503 657 1562 quia
681 1504 764 1547 hoc
793 1518 882 1547 esse
910 1512 1079 1562 poterat
1105 1523 1114 1549 :
1139 1519 1240 1548 nam
1263 1513 1307 1549 et
1327 1504 1490 1550 coelum

102 1572 306 1617 scribitur
332 1582 481 1632 postea
505 1572 686 1618 factum.
713 1573 1093 1626 Quemadmodum
1112 1574 1146 1618 si
1162 1590 1308 1618 semen
1327 1574 1492 1620 arboris

101 1643 440 1698 considerantes,
459 1643 653 1688 dicamus
667 1644 729 1688 ibi
744 1659 833 1688 esse
853 1643 1031 1700 radices,
1051 1654 1094 1689 et
1107 1645 1257 1700 robur,
1273 1655 1316 1689 et
1333 1660 1490 1701 ramOS,

101 1722 145 1758 et
165 1713 352 1766 fructus,
375 1723 419 1758 et
441 1713 562 1770 folia,
587 1730 677 1759 non
698 1715 801 1774 quia
821 1717 910 1775 jam
930 1725 1059 1773 sunt,
1083 1716 1158 1760 sed
1180 1716 1278 1776 quia
1298 1716 1400 1760 inde
1417 1715 1491 1761 fu-

101 1793 198 1830 tura
220 1793 322 1828 sunt
353 1803 362 1829 :
397 1784 456 1829 sic
471 1785 637 1829 dictum
658 1794 720 1830 est
745 1804 753 1830 z
784 1804 806 1828 «
832 1789 882 1830 In
903 1786 1117 1846 principio
1140 1785 1243 1831 fecit
1266 1790 1380 1831 Deus
1401 1802 1492 1832 coe-

103 1873 124 1897 »
145 1855 236 1899 lum
261 1864 304 1899 et
326 1863 500 1910 terram,
519 1873 540 1897 »
559 1856 682 1916 quasi
697 1871 843 1900 semen
865 1855 964 1901 coeli
983 1866 1024 1901 et
1046 1866 1187 1912 terrae,
1206 1872 1306 1902 cum
1320 1857 1365 1902 in
1383 1873 1490 1903 con-

100 1925 198 1971 fuso
220 1925 364 1970 adhuc
385 1935 495 1970 esset
515 1925 616 1970 coeli
638 1936 681 1971 et
700 1935 827 1971 terrae
851 1929 1028 1972 materia
1057 1948 1066 1974 z
1092 1929 1166 1972 sed
1197 1930 1297 1988 quia
1321 1938 1490 1973 certum

100 2005 192 2040 erat
219 1995 319 2039 inde
337 1994 536 2040 futurum
554 2011 643 2041 esse
663 1997 826 2041 coelum
849 2007 892 2042 et
909 2008 1087 2055 terram,
1106 2001 1193 2060 jam
1215 2010 1259 2044 et
1279 2000 1370 2059 ipsa
1394 2014 1489 2043 ma—

102 2067 208 2111 teria
227 2067 391 2111 coelum
413 2077 457 2112 et
477 2077 589 2112 terra
608 2069 822 2128 appellata
848 2080 925 2114 est.
952 2074 1040 2115 Isto
1074 2086 1231 2129 genere
1258 2069 1490 2115 locutionis

101 2137 231 2182 etiam
252 2138 461 2183 Dominus
482 2138 694 2199 loquitur,
718 2156 818 2185 cum
837 2140 943 2186 dicit
961 2160 970 2186 :
997 2161 1016 2183 ι(
1036 2144 1133 2185 Jam
1147 2158 1236 2186 non
1254 2141 1395 2187 dicam
1415 2156 1490 2186 vos

102 2226 124 2250 »
150 2224 310 2265 servos,
330 2210 430 2270 quia
451 2226 598 2255 servus
619 2212 754 2256 nescit
775 2211 882 2272 quid
902 2211 1030 2257 saciat
1051 2214 1252 2257 dominus
1271 2214 1377 2273 ejus.
1402 2215 1488 2257 Vos

103 2297 123 2321 »
150 2289 294 2324 autem
320 2280 407 2325 dixi
431 2283 589 2326 amicos
605 2317 616 2337 ,
642 2283 744 2342 quia
761 2284 904 2327 omnia
923 2301 1020 2344 quae
1038 2284 1185 2329 audivi
1203 2300 1226 2329 a
1249 2288 1374 2329 Patre
1389 2298 1488 2328 meo

103 2367 123 2390 »
148 2359 250 2395 nota
274 2350 358 2395 feci
380 2352 502 2397 vobis
523 2355 562 2410 ¹3
585 2371 603 2394 »
630 2369 719 2398 non
737 2354 837 2413 quia
853 2355 943 2414 jam
962 2354 1126 2399 factum
1146 2364 1260 2406 erat,
1289 2352 1364 2396 sed
1387 2353 1487 2412 quia

97 2421 332 2465 certissime
360 2422 560 2467 futurum
591 2433 696 2469 erat.
729 2427 835 2470 Nam
858 2436 955 2484 post
977 2425 1203 2485 paululum
1235 2422 1340 2467 dicit
1365 2422 1447 2469 illis
1474 2443 1483 2468 :

35 2520 42 2528 .
103 2509 120 2530 «
148 2491 305 2537 Adhuc
327 2493 464 2539 multa
488 2495 628 2540 habeo
646 2495 766 2541 vobis
787 2497 930 2541 dicere
946 2531 956 2547 ,
989 2493 1064 2538 sed
1082 2509 1170 2539 non
1189 2494 1365 2553 potestis
1391 2510 1483 2553 por·

146 2586 157 2600 ¹
181 2581 272 2611 Joan.
298 2592 361 2622 xv,
381 2582 413 2613 6.
