1729 3143
226 230 307 267 422
665 236 698 265 s.
735 236 965 265 Auons'mm
997 236 1179 267 ssPlscom

223 305 350 349 fabri.
372 302 501 356 Quod
517 302 551 345 si
571 302 665 345 haec
683 301 874 345 humana
891 311 934 346 et
947 302 1201 362 quotidiana
1215 318 1306 348 non
1319 308 1604 364 comprehen-

223 375 363 427 dunt,
388 373 570 415 timeant
591 374 728 415 Deum
745 406 756 426 ,
781 382 824 416 et
843 371 1026 432 simplici
1046 373 1176 418 corde
1200 374 1321 434 quod
1337 390 1428 420 non
1442 377 1601 422 intelli-

224 452 332 503 gunt
352 450 550 502 quaerant
567 475 577 495 ‚
604 455 659 484 ne
681 456 780 485 cum
801 442 956 487 volunt
977 443 1120 488 verbis
1141 444 1356 503 sacrilegis
1378 446 1605 492 concidere

220 513 446 558 veritatem
465 527 595 571 quam
613 511 759 556 videre
776 528 863 557 non
880 523 1062 573 possunt
1076 549 1087 569 ‚
1111 514 1261 559 redeat
1281 514 1363 559 illis
1383 517 1543 560 securis
1558 518 1605 562 in

218 599 360 628 crura.
394 585 502 628 Nam
526 581 598 626 illa
622 583 792 627 concidi
820 599 910 628 non
934 593 1073 643 potest
1105 600 1205 645 quae
1233 585 1604 632 incommutabilis

217 662 366 698 manet
380 688 392 709 ‚
428 652 504 697 sed
541 668 833 714 quaecumque
866 654 1006 714 plagae
1032 656 1078 698 in
1101 655 1220 699 illam
1255 657 1418 700 emissae
1440 657 1604 702 fuerint
1648 715 1653 716 ⁷

216 726 586 785 repercutiuntur,
612 734 655 769 et
675 726 838 785 majore
860 725 951 770 ictu
973 725 1159 771 redeunt
1179 726 1226 770 in
1248 742 1319 771 eos
1340 728 1416 787 qui
1436 728 1603 772 caedere

215 797 407 853 audent,
439 796 560 857 quod
594 795 769 840 credere
805 795 1046 853 deberent,
1086 805 1137 840 ut
1166 797 1407 856 intelligere
1438 813 1601 843 moere—

214 876 380 911 rentur.

251 939 329 980 IX.
343 930 508 978 Deinde
517 938 736 991 quaerunt,
755 929 1057 975 etinsultando
1069 936 1340 991 interrogant
1352 954 1362 979 ;
1376 938 1502 979 Unde
1511 947 1604 982 erat

213 1008 304 1066 ipsa
333 1019 447 1064 aqua
475 1018 604 1061 super
632 1017 762 1062 quam
793 1001 1017 1045 ferebatur
1041 1002 1223 1061 Spiritus
1246 1005 1352 1048 Dei?
1384 1007 1603 1066 numquid

214 1077 330 1122 enim
349 1074 546 1134 superius
559 1073 767 1132 scriptum
780 1082 858 1126 est,
879 1072 999 1132 quod
1018 1075 1130 1117 Deus
1147 1088 1305 1132 aquam
1317 1073 1493 1121 fecerit?
1509 1079 1602 1123 Hoc

213 1148 247 1191 si
265 1147 334 1206 pie
350 1154 612 1206 quaererent,
628 1144 873 1187 invenirent
884 1143 1254 1203 quemadmodum
1270 1145 1602 1206 intelligendum

212 1226 335 1263 esset.
363 1219 458 1261 Non
483 1216 598 1259 enirn
621 1231 733 1275 aqua
754 1215 812 1259 sic
838 1214 1052 1274 appellata
1075 1224 1138 1258 est
1159 1216 1242 1259 hoc
1263 1214 1360 1260 loco
1378 1251 1390 1272 ‚
1427 1227 1477 1262 ut
1507 1219 1601 1264 haec

213 1305 237 1333 a
271 1287 395 1332 nobis
429 1286 698 1346 intelligatur
734 1302 865 1346 quam
900 1285 1047 1329 videre
1077 1287 1166 1346 jam
1189 1301 1416 1345 possumus
1438 1297 1481 1333 et
1502 1298 1602 1333 tan·

217 1374 347 1419 gere:
370 1360 592 1419 quomodo
624 1374 704 1402 nec
730 1367 842 1401 terra
871 1372 970 1416 quae
993 1357 1278 1416 incomposita
1309 1367 1352 1401 et
1378 1358 1603 1404 invisibilis

211 1429 329 1473 dicta
353 1437 416 1473 est
436 1463 446 1482 ,
477 1427 573 1472 talis
595 1438 686 1471 erat
711 1427 850 1487 qualis
874 1427 951 1470 ista
974 1443 1073 1487 quae
1091 1428 1181 1486 jam
1206 1426 1339 1470 videri
1362 1437 1404 1472 et
1428 1431 1602 1473 tractari

213 1508 371 1560 potest.
413 1498 497 1544 Sed
526 1498 634 1542 illud
667 1499 785 1558 quod
823 1498 989 1542 dictum
1011 1508 1074 1542 est
1100 1518 1108 1542 ;
1139 1518 1158 1539 «
1186 1501 1236 1542 In
1261 1499 1473 1558 principio
1500 1499 1603 1545 fecit

214 1590 231 1612 »
267 1574 380 1613 Deus
399 1569 561 1613 coelum
581 1578 623 1612 et
643 1578 822 1622 terram,
847 1586 867 1608 »
889 1568 988 1611 coeli
1007 1577 1049 1611 et
1068 1578 1191 1612 terrae
1209 1569 1386 1613 nomine
1403 1570 1603 1615 universa

213 1650 409 1685 creatura
432 1640 669 1698 significata
688 1649 751 1682 est
766 1674 776 1692 ‚
802 1654 934 1698 quam
953 1637 1056 1681 fecit
1072 1647 1116 1682 et
1132 1638 1329 1683 condidit
1347 1642 1476 1684 Deus.
1497 1640 1602 1686 Ideo

217 1721 362 1756 autem
399 1711 650 1755 nominibus
680 1709 914 1753 visibilium
937 1724 1081 1753 rerum
1113 1709 1206 1753 haec
1233 1709 1448 1768 appellata
1469 1719 1599 1766 sunt,

218 1790 395 1842 propter
416 1782 698 1840 parvulorum
721 1778 1041 1834 infirmitatem,
1071 1779 1148 1838 qui
1174 1779 1317 1822 minus
1338 1779 1484 1823 idonei
1500 1789 1603 1826 sunt

211 1853 443 1897 invisibilia
473 1850 856 1911 comprehendere.
890 1850 1035 1894 Primo
1064 1864 1166 1909 ergo
1194 1850 1373 1895 materia
1398 1850 1512 1896 facta
1538 1861 1602 1896 est

216 1923 395 1968 confusa
413 1933 455 1967 et
477 1922 673 1967 informis
689 1958 699 1977 ‚
725 1924 843 1966 unde
860 1921 1005 1966 omnia
1027 1921 1182 1965 fierent
1201 1937 1299 1980 quae
1316 1920 1518 1967 distincta
1541 1932 1603 1968 at·

216 2010 303 2055 que
324 1994 508 2039 formata
527 2004 654 2049 sunt,
686 1993 805 2055 quod
824 1992 954 2038 credo
976 2009 999 2037 a
1022 1993 1183 2037 Graecis
1209 1994 1352 2039 Chaos
1374 1993 1597 2054 appellari.

219 2066 287 2110 Sic
322 2066 437 2109 enim
473 2075 516 2110 et
546 2065 628 2109 alio
660 2064 757 2109 loco
789 2064 974 2123 legimus
1001 2063 1165 2108 dictum
1194 2064 1240 2108 in
1265 2063 1468 2108 laudibus
1490 2065 1600 2110 Dei:

218 2154 236 2176 «
264 2137 347 2189 Qui
368 2135 504 2180 fecisti
527 2136 741 2180 mundum
759 2135 812 2179 de
834 2134 1012 2179 materia
1032 2133 1210 2180 informi
1225 2137 1256 2180 1.
1280 2153 1301 2178 »
1325 2135 1454 2188 Quod
1468 2135 1602 2196 aliqui

216 2207 386 2252 codices
407 2208 587 2263 habent,
613 2206 666 2250 de
689 2207 866 2251 materia
888 2206 1041 2252 invisa.

262 2278 318 2319 X.
358 2280 416 2322 Et
448 2278 550 2322 ideo
583 2282 695 2322 Deus
728 2277 960 2322 rectissime
992 2276 1183 2322 creditur
1209 2275 1357 2321 omnia
1385 2275 1439 2319 de
1464 2274 1602 2320 nihilo

202 2345 352 2389 fecisse
371 2380 381 2398 ‚
416 2350 518 2405 quia
545 2349 712 2394 etiarnsi
740 2349 887 2393 omnia
906 2349 1094 2393 formata
1116 2349 1171 2392 de
1191 2346 1271 2391 ista
1289 2346 1469 2390 materia
1488 2344 1602 2389 facta

199 2425 325 2470 sunt,
354 2417 446 2461 haec
468 2418 557 2476 ipsa
579 2421 756 2464 materia
780 2430 928 2464 tamen
946 2420 1000 2464 de
1019 2420 1198 2465 omnino
1216 2417 1354 2462 nihilo
1378 2416 1493 2462 facta
1515 2425 1595 2460 est.

198 2485 296 2529 Non
326 2486 440 2529 enim
475 2487 687 2532 debemus
717 2506 806 2535 esse
836 2490 996 2535 similes
1026 2490 1116 2535 istis
1143 2489 1220 2549 qui
1247 2487 1598 2547 omnipotentem

252 2575 257 2589 ¹
280 2570 349 2609 Sap.
374 2579 416 2603 xi,
463 2572 512 2602 18.
