<?xml version="1.0" encoding="UTF-8"?>
<!DOCTYPE html PUBLIC "-//W3C//DTD XHTML 1.0 Transitional//EN"
    "http://www.w3.org/TR/xhtml1/DTD/xhtml1-transitional.dtd">
<html xmlns="http://www.w3.org/1999/xhtml" xml:lang="en" lang="en">
 <head>
  <title>
</title>
<meta http-equiv="Content-Type" content="text/html;charset=utf-8" />
  <meta name='ocr-system' content='tesseract 3.04.00' />
  <meta name='ocr-capabilities' content='ocr_page ocr_carea ocr_par ocr_line ocrx_word'/>
</head>
<body>
  <div class='ocr_page' id='page_1' title='image "./operaomniaaccura27auguuoft/operaomniaaccura27auguuoft_0523.png"; bbox 0 0 1729 3143; ppageno 0'>
   <div class='ocr_carea' id='block_1_1' title="bbox 298 205 1471 252">
    <p class='ocr_par' dir='ltr' id='par_1_1' title="bbox 298 205 1471 252">
     <span class='ocr_line' id='line_1_1' title="bbox 298 205 1471 252; baseline -0.006 -2"><span class='ocrx_word' id='word_1_1' title='bbox 298 223 381 251; x_wconf 80' lang='lat' dir='ltr'><strong>LIB.</strong></span> <span class='ocrx_word' id='word_1_2' title='bbox 416 225 446 250; x_wconf 87' lang='lat'>1.</span> <span class='ocrx_word' id='word_1_3' title='bbox 482 224 537 251; x_wconf 82' lang='lat' dir='ltr'>DE</span> <span class='ocrx_word' id='word_1_4' title='bbox 567 223 755 252; x_wconf 70' lang='lat' dir='ltr'>Monlssus</span> <span class='ocrx_word' id='word_1_5' title='bbox 786 221 986 250; x_wconf 84' lang='lat' dir='ltr'>ECCLESIAE</span> <span class='ocrx_word' id='word_1_6' title='bbox 1013 216 1271 248; x_wconf 71' lang='lat' dir='ltr'>CATHOLICAE.</span> <span class='ocrx_word' id='word_1_7' title='bbox 1390 205 1471 244; x_wconf 74' lang='lat'>511</span> 
     </span>
    </p>
   </div>
   <div class='ocr_carea' id='block_1_2' title="bbox 97 281 1505 1763">
    <p class='ocr_par' dir='ltr' id='par_1_2' title="bbox 97 281 1489 754">
     <span class='ocr_line' id='line_1_2' title="bbox 97 281 1480 345; baseline -0.004 -15"><span class='ocrx_word' id='word_1_8' title='bbox 97 287 251 344; x_wconf 87' lang='lat' dir='ltr'>agendi</span> <span class='ocrx_word' id='word_1_9' title='bbox 287 288 506 344; x_wconf 87' lang='lat' dir='ltr'>efficacia,</span> <span class='ocrx_word' id='word_1_10' title='bbox 543 297 587 333; x_wconf 90' lang='lat' dir='ltr'>et</span> <span class='ocrx_word' id='word_1_11' title='bbox 619 287 849 333; x_wconf 84' lang='lat' dir='ltr'>sobrietate</span> <span class='ocrx_word' id='word_1_12' title='bbox 883 283 1237 345; x_wconf 79' lang='lat' dir='ltr'>contemplandi,</span> <span class='ocrx_word' id='word_1_13' title='bbox 1268 297 1368 343; x_wconf 82' lang='lat' dir='ltr'>quae</span> <span class='ocrx_word' id='word_1_14' title='bbox 1400 281 1480 326; x_wconf 92' lang='lat' dir='ltr'>Dei</span> 
     </span>
     <span class='ocr_line' id='line_1_3' title="bbox 99 352 1481 418; baseline -0.004 -18"><span class='ocrx_word' id='word_1_15' title='bbox 99 357 246 402; x_wconf 87' lang='lat' dir='ltr'><strong>Virtus</strong></span> <span class='ocrx_word' id='word_1_16' title='bbox 277 367 321 402; x_wconf 90' lang='lat' dir='ltr'>et</span> <span class='ocrx_word' id='word_1_17' title='bbox 351 359 430 403; x_wconf 91' lang='lat' dir='ltr'>Dei</span> <span class='ocrx_word' id='word_1_18' title='bbox 464 358 683 418; x_wconf 82' lang='lat' dir='ltr'>Sapientia</span> <span class='ocrx_word' id='word_1_19' title='bbox 701 393 712 414; x_wconf 87' lang='lat'><strong><em>‚</em></strong></span> <span class='ocrx_word' id='word_1_20' title='bbox 741 358 788 402; x_wconf 91' lang='lat' dir='ltr'>id</span> <span class='ocrx_word' id='word_1_21' title='bbox 808 366 899 413; x_wconf 82' lang='lat' dir='ltr'>est,</span> <span class='ocrx_word' id='word_1_22' title='bbox 925 357 1002 401; x_wconf 93' lang='lat' dir='ltr'>Dei</span> <span class='ocrx_word' id='word_1_23' title='bbox 1033 354 1170 400; x_wconf 91' lang='lat' dir='ltr'>Filius</span> <span class='ocrx_word' id='word_1_24' title='bbox 1198 352 1481 398; x_wconf 86' lang='lat' dir='ltr'>dilectoribus</span> 
     </span>
     <span class='ocr_line' id='line_1_4' title="bbox 99 421 1485 489; baseline -0.004 -17"><span class='ocrx_word' id='word_1_25' title='bbox 99 427 186 472; x_wconf 90' lang='lat' dir='ltr'>suis</span> <span class='ocrx_word' id='word_1_26' title='bbox 217 427 380 483; x_wconf 90' lang='lat' dir='ltr'>donat,</span> <span class='ocrx_word' id='word_1_27' title='bbox 417 429 525 488; x_wconf 91' lang='lat' dir='ltr'>quid</span> <span class='ocrx_word' id='word_1_28' title='bbox 559 427 903 489; x_wconf 87' lang='lat' dir='ltr'>comparandum</span> <span class='ocrx_word' id='word_1_29' title='bbox 933 428 990 472; x_wconf 89' lang='lat' dir='ltr'>sit</span> <span class='ocrx_word' id='word_1_30' title='bbox 1030 426 1200 480; x_wconf 84' lang='lat' dir='ltr'>nescio,</span> <span class='ocrx_word' id='word_1_31' title='bbox 1237 438 1340 469; x_wconf 88' lang='lat' dir='ltr'>cum</span> <span class='ocrx_word' id='word_1_32' title='bbox 1366 421 1485 467; x_wconf 88' lang='lat' dir='ltr'>idem</span> 
     </span>
     <span class='ocr_line' id='line_1_5' title="bbox 101 494 1488 560; baseline -0.003 -18"><span class='ocrx_word' id='word_1_33' title='bbox 101 499 324 558; x_wconf 82' lang='lat' dir='ltr'>Propheta·</span> <span class='ocrx_word' id='word_1_34' title='bbox 335 500 480 544; x_wconf 89' lang='lat' dir='ltr'>statim</span> <span class='ocrx_word' id='word_1_35' title='bbox 502 498 617 545; x_wconf 86' lang='lat' dir='ltr'>dicat</span> <span class='ocrx_word' id='word_1_36' title='bbox 638 500 791 560; x_wconf 89' lang='lat' dir='ltr'>quanti</span> <span class='ocrx_word' id='word_1_37' title='bbox 813 499 998 557; x_wconf 35' lang='lat' dir='ltr'>sintjlista</span> <span class='ocrx_word' id='word_1_38' title='bbox 1019 495 1250 558; x_wconf 89' lang='lat' dir='ltr'>pendenda</span> <span class='ocrx_word' id='word_1_39' title='bbox 1275 515 1284 541; x_wconf 91' lang='lat'><strong>:</strong></span> <span class='ocrx_word' id='word_1_40' title='bbox 1309 509 1411 540; x_wconf 87' lang='lat' dir='ltr'>nam</span> <span class='ocrx_word' id='word_1_41' title='bbox 1427 494 1488 538; x_wconf 85' lang='lat' dir='ltr'>ita</span> 
     </span>
     <span class='ocr_line' id='line_1_6' title="bbox 100 566 1489 629; baseline -0.003 -15"><span class='ocrx_word' id='word_1_42' title='bbox 100 570 292 629; x_wconf 90' lang='lat' dir='ltr'>positum</span> <span class='ocrx_word' id='word_1_43' title='bbox 314 578 378 614; x_wconf 90' lang='lat' dir='ltr'>est</span> <span class='ocrx_word' id='word_1_44' title='bbox 397 589 406 615; x_wconf 91' lang='lat'><strong>:</strong></span> <span class='ocrx_word' id='word_1_45' title='bbox 431 589 452 613; x_wconf 91' lang='lat'>«</span> <span class='ocrx_word' id='word_1_46' title='bbox 474 572 763 616; x_wconf 86' lang='lat' dir='ltr'>Sobrietatem</span> <span class='ocrx_word' id='word_1_47' title='bbox 782 570 898 614; x_wconf 89' lang='lat' dir='ltr'>enim</span> <span class='ocrx_word' id='word_1_48' title='bbox 921 570 1129 629; x_wconf 81' lang='lat' dir='ltr'>sapientia</span> <span class='ocrx_word' id='word_1_49' title='bbox 1150 568 1281 614; x_wconf 88' lang='lat' dir='ltr'>docet</span> <span class='ocrx_word' id='word_1_50' title='bbox 1297 602 1310 624; x_wconf 78' lang='lat'>,</span> <span class='ocrx_word' id='word_1_51' title='bbox 1333 575 1377 612; x_wconf 87' lang='lat' dir='ltr'>et</span> <span class='ocrx_word' id='word_1_52' title='bbox 1392 566 1489 626; x_wconf 81' lang='lat' dir='ltr'>jus·</span> 
     </span>
     <span class='ocr_line' id='line_1_7' title="bbox 104 637 1488 702; baseline -0.001 -20"><span class='ocrx_word' id='word_1_53' title='bbox 104 656 126 681; x_wconf 90' lang='lat'>»</span> <span class='ocrx_word' id='word_1_54' title='bbox 151 639 288 684; x_wconf 82' lang='lat' dir='ltr'>titiam</span> <span class='ocrx_word' id='word_1_55' title='bbox 306 675 317 695; x_wconf 94' lang='lat'>‚</span> <span class='ocrx_word' id='word_1_56' title='bbox 342 649 385 685; x_wconf 89' lang='lat' dir='ltr'>et</span> <span class='ocrx_word' id='word_1_57' title='bbox 403 640 610 686; x_wconf 88' lang='lat' dir='ltr'>virtutem</span> <span class='ocrx_word' id='word_1_58' title='bbox 624 676 636 698; x_wconf 83' lang='lat'>,</span> <span class='ocrx_word' id='word_1_59' title='bbox 660 640 822 702; x_wconf 89' lang='lat' dir='ltr'>quibus</span> <span class='ocrx_word' id='word_1_60' title='bbox 842 639 992 685; x_wconf 88' lang='lat' dir='ltr'>utilius</span> <span class='ocrx_word' id='word_1_61' title='bbox 1013 639 1122 684; x_wconf 90' lang='lat' dir='ltr'>nihil</span> <span class='ocrx_word' id='word_1_62' title='bbox 1143 648 1208 684; x_wconf 88' lang='lat' dir='ltr'>est</span> <span class='ocrx_word' id='word_1_63' title='bbox 1226 639 1273 683; x_wconf 89' lang='lat' dir='ltr'>in</span> <span class='ocrx_word' id='word_1_64' title='bbox 1293 637 1382 683; x_wconf 90' lang='lat' dir='ltr'>vita</span> <span class='ocrx_word' id='word_1_65' title='bbox 1403 637 1488 681; x_wconf 93' lang='lat' dir='ltr'>ho-</span> 
     </span>
     <span class='ocr_line' id='line_1_8' title="bbox 105 710 436 754; baseline 0 -3"><span class='ocrx_word' id='word_1_66' title='bbox 105 727 126 751; x_wconf 83' lang='lat'>»</span> <span class='ocrx_word' id='word_1_67' title='bbox 150 710 343 754; x_wconf 89' lang='lat' dir='ltr'>minibus</span> <span class='ocrx_word' id='word_1_68' title='bbox 358 713 390 754; x_wconf 84' lang='lat'>1.</span> <span class='ocrx_word' id='word_1_69' title='bbox 415 727 436 752; x_wconf 91' lang='lat'>»</span> 
     </span>
    </p>

    <p class='ocr_par' dir='ltr' id='par_1_3' title="bbox 102 775 1505 1763">
     <span class='ocr_line' id='line_1_9' title="bbox 162 775 1492 842; baseline -0.004 -18"><span class='ocrx_word' id='word_1_70' title='bbox 162 781 372 825; x_wconf 86' lang='lat' dir='ltr'>XXVIII.</span> <span class='ocrx_word' id='word_1_71' title='bbox 405 783 508 826; x_wconf 84' lang='lat' dir='ltr'>Haec</span> <span class='ocrx_word' id='word_1_72' title='bbox 524 780 704 826; x_wconf 84' lang='lat' dir='ltr'>fortasse</span> <span class='ocrx_word' id='word_1_73' title='bbox 721 781 936 842; x_wconf 84' lang='lat' dir='ltr'>quispiam</span> <span class='ocrx_word' id='word_1_74' title='bbox 953 796 1042 825; x_wconf 92' lang='lat' dir='ltr'>non</span> <span class='ocrx_word' id='word_1_75' title='bbox 1062 780 1118 823; x_wconf 89' lang='lat' dir='ltr'>de</span> <span class='ocrx_word' id='word_1_76' title='bbox 1140 775 1252 821; x_wconf 86' lang='lat' dir='ltr'>Filio</span> <span class='ocrx_word' id='word_1_77' title='bbox 1279 777 1358 820; x_wconf 90' lang='lat' dir='ltr'>Dei</span> <span class='ocrx_word' id='word_1_78' title='bbox 1371 775 1492 820; x_wconf 86' lang='lat' dir='ltr'>dicta</span> 
     </span>
     <span class='ocr_line' id='line_1_10' title="bbox 102 846 1490 907; baseline -0.002 -13"><span class='ocrx_word' id='word_1_79' title='bbox 102 864 192 896; x_wconf 88' lang='lat' dir='ltr'>esse</span> <span class='ocrx_word' id='word_1_80' title='bbox 206 851 455 896; x_wconf 85' lang='lat' dir='ltr'><strong>arbitretur.</strong></span> <span class='ocrx_word' id='word_1_81' title='bbox 476 851 593 905; x_wconf 88' lang='lat' dir='ltr'>Quid</span> <span class='ocrx_word' id='word_1_82' title='bbox 609 867 713 907; x_wconf 83' lang='lat' dir='ltr'>ergo</span> <span class='ocrx_word' id='word_1_83' title='bbox 730 851 850 892; x_wconf 81' lang='lat' dir='ltr'>aliud</span> <span class='ocrx_word' id='word_1_84' title='bbox 865 849 1055 893; x_wconf 79' lang='lat' dir='ltr'>ostendit</span> <span class='ocrx_word' id='word_1_85' title='bbox 1069 846 1192 907; x_wconf 87' lang='lat' dir='ltr'>quod</span> <span class='ocrx_word' id='word_1_86' title='bbox 1208 846 1377 891; x_wconf 88' lang='lat' dir='ltr'>dictum</span> <span class='ocrx_word' id='word_1_87' title='bbox 1394 855 1459 891; x_wconf 88' lang='lat' dir='ltr'>est</span> <span class='ocrx_word' id='word_1_88' title='bbox 1479 864 1490 891; x_wconf 74' lang='grc' dir='ltr'>ε</span> 
     </span>
     <span class='ocr_line' id='line_1_11' title="bbox 107 917 1490 978; baseline -0.002 -16"><span class='ocrx_word' id='word_1_89' title='bbox 107 938 128 962; x_wconf 88' lang='lat'>«</span> <span class='ocrx_word' id='word_1_90' title='bbox 145 921 489 965; x_wconf 85' lang='lat' dir='ltr'>Generositatem</span> <span class='ocrx_word' id='word_1_91' title='bbox 504 919 770 978; x_wconf 83' lang='lat' dir='ltr'>magnificat,</span> <span class='ocrx_word' id='word_1_92' title='bbox 786 918 1126 963; x_wconf 87' lang='lat' dir='ltr'>contubernium</span> <span class='ocrx_word' id='word_1_93' title='bbox 1140 917 1306 962; x_wconf 87' lang='lat' dir='ltr'>habens</span> <span class='ocrx_word' id='word_1_94' title='bbox 1321 917 1426 961; x_wconf 76' lang='lat' dir='ltr'>Dei2</span> <span class='ocrx_word' id='word_1_95' title='bbox 1440 918 1490 958; x_wconf 71' lang='lat'>⁴3»</span> 
     </span>
     <span class='ocr_line' id='line_1_12' title="bbox 103 987 1493 1049; baseline -0.003 -15"><span class='ocrx_word' id='word_1_96' title='bbox 103 992 174 1034; x_wconf 82' lang='lat' dir='ltr'>An</span> <span class='ocrx_word' id='word_1_97' title='bbox 193 1005 296 1035; x_wconf 80' lang='lat' dir='ltr'>vero</span> <span class='ocrx_word' id='word_1_98' title='bbox 315 991 578 1049; x_wconf 84' lang='lat' dir='ltr'>generositas</span> <span class='ocrx_word' id='word_1_99' title='bbox 594 989 703 1035; x_wconf 89' lang='lat' dir='ltr'>solet</span> <span class='ocrx_word' id='word_1_100' title='bbox 719 989 961 1049; x_wconf 85' lang='lat' dir='ltr'>significare</span> <span class='ocrx_word' id='word_1_101' title='bbox 976 988 1096 1034; x_wconf 91' lang='lat' dir='ltr'>aliud</span> <span class='ocrx_word' id='word_1_102' title='bbox 1111 1003 1245 1048; x_wconf 87' lang='lat' dir='ltr'>quam</span> <span class='ocrx_word' id='word_1_103' title='bbox 1263 987 1493 1047; x_wconf 80' lang='lat' dir='ltr'>parentes?</span> 
     </span>
     <span class='ocr_line' id='line_1_13' title="bbox 106 1059 1496 1121; baseline -0.004 -14"><span class='ocrx_word' id='word_1_104' title='bbox 106 1062 456 1107; x_wconf 87' lang='lat' dir='ltr'>Contubernium</span> <span class='ocrx_word' id='word_1_105' title='bbox 480 1077 583 1107; x_wconf 84' lang='lat' dir='ltr'>vero</span> <span class='ocrx_word' id='word_1_106' title='bbox 614 1077 761 1107; x_wconf 91' lang='lat' dir='ltr'>nonne</span> <span class='ocrx_word' id='word_1_107' title='bbox 790 1076 891 1106; x_wconf 88' lang='lat' dir='ltr'>cum</span> <span class='ocrx_word' id='word_1_108' title='bbox 922 1061 1017 1121; x_wconf 90' lang='lat' dir='ltr'>ipso</span> <span class='ocrx_word' id='word_1_109' title='bbox 1048 1064 1176 1105; x_wconf 85' lang='lat' dir='ltr'>Patre</span> <span class='ocrx_word' id='word_1_110' title='bbox 1198 1059 1496 1120; x_wconf 83' lang='lat' dir='ltr'>aequalitatem</span> 
     </span>
     <span class='ocr_line' id='line_1_14' title="bbox 106 1129 1496 1193; baseline -0.004 -15"><span class='ocrx_word' id='word_1_111' title='bbox 106 1131 265 1178; x_wconf 90' lang='lat' dir='ltr'>clamat</span> <span class='ocrx_word' id='word_1_112' title='bbox 299 1143 429 1193; x_wconf 87' lang='lat' dir='ltr'>atque</span> <span class='ocrx_word' id='word_1_113' title='bbox 457 1133 632 1178; x_wconf 75' lang='lat' dir='ltr'>asserit?</span> <span class='ocrx_word' id='word_1_114' title='bbox 654 1133 820 1177; x_wconf 88' lang='lat' dir='ltr'>Deinde</span> <span class='ocrx_word' id='word_1_115' title='bbox 846 1148 947 1178; x_wconf 89' lang='lat' dir='ltr'>cum</span> <span class='ocrx_word' id='word_1_116' title='bbox 977 1132 1139 1193; x_wconf 81' lang='lat' dir='ltr'>Paulus</span> <span class='ocrx_word' id='word_1_117' title='bbox 1166 1129 1283 1176; x_wconf 86' lang='lat' dir='ltr'>dicat</span> <span class='ocrx_word' id='word_1_118' title='bbox 1304 1149 1312 1175; x_wconf 92' lang='lat'>:</span> <span class='ocrx_word' id='word_1_119' title='bbox 1333 1129 1496 1175; x_wconf 90' lang='lat' dir='ltr'>Filium</span> 
     </span>
     <span class='ocr_line' id='line_1_15' title="bbox 107 1201 1497 1264; baseline -0.003 -15"><span class='ocrx_word' id='word_1_120' title='bbox 107 1205 185 1249; x_wconf 89' lang='lat' dir='ltr'>Dei</span> <span class='ocrx_word' id='word_1_121' title='bbox 207 1216 296 1249; x_wconf 86' lang='lat' dir='ltr'>esse</span> <span class='ocrx_word' id='word_1_122' title='bbox 318 1205 395 1249; x_wconf 90' lang='lat' dir='ltr'>Dei</span> <span class='ocrx_word' id='word_1_123' title='bbox 414 1206 699 1264; x_wconf 79' lang='lat' dir='ltr'>Sapientiam3</span> <span class='ocrx_word' id='word_1_124' title='bbox 717 1226 729 1263; x_wconf 78' lang='lat'>3</span> <span class='ocrx_word' id='word_1_125' title='bbox 751 1214 794 1249; x_wconf 90' lang='lat' dir='ltr'>et</span> <span class='ocrx_word' id='word_1_126' title='bbox 809 1205 900 1264; x_wconf 90' lang='lat' dir='ltr'>ipse</span> <span class='ocrx_word' id='word_1_127' title='bbox 918 1204 1128 1249; x_wconf 89' lang='lat' dir='ltr'>Dominus</span> <span class='ocrx_word' id='word_1_128' title='bbox 1149 1221 1158 1248; x_wconf 74' lang='grc' dir='ltr'>ε</span> <span class='ocrx_word' id='word_1_129' title='bbox 1183 1204 1355 1248; x_wconf 92' lang='lat' dir='ltr'>«Nemo</span> <span class='ocrx_word' id='word_1_130' title='bbox 1373 1201 1497 1246; x_wconf 88' lang='lat' dir='ltr'>novit</span> 
     </span>
     <span class='ocr_line' id='line_1_16' title="bbox 109 1272 1497 1335; baseline -0.003 -17"><span class='ocrx_word' id='word_1_131' title='bbox 109 1277 281 1319; x_wconf 87' lang='lat' dir='ltr'>Patrem</span> <span class='ocrx_word' id='word_1_132' title='bbox 299 1310 310 1330; x_wconf 87' lang='lat'>‚</span> <span class='ocrx_word' id='word_1_133' title='bbox 335 1275 416 1319; x_wconf 89' lang='lat' dir='ltr'>nisi</span> <span class='ocrx_word' id='word_1_134' title='bbox 430 1276 681 1335; x_wconf 79' lang='lat' dir='ltr'>unigenitus</span> <span class='ocrx_word' id='word_1_135' title='bbox 699 1275 835 1320; x_wconf 85' lang='lat' dir='ltr'>Filius</span> <span class='ocrx_word' id='word_1_136' title='bbox 848 1278 865 1300; x_wconf 61' lang='lat'>4</span> <span class='ocrx_word' id='word_1_137' title='bbox 883 1295 894 1334; x_wconf 81' lang='lat'><em>3</em></span> <span class='ocrx_word' id='word_1_138' title='bbox 912 1293 932 1317; x_wconf 73' lang='lat' dir='ltr'>n</span> <span class='ocrx_word' id='word_1_139' title='bbox 950 1273 1058 1334; x_wconf 85' lang='lat' dir='ltr'>quid</span> <span class='ocrx_word' id='word_1_140' title='bbox 1075 1272 1220 1333; x_wconf 89' lang='lat' dir='ltr'>potuit</span> <span class='ocrx_word' id='word_1_141' title='bbox 1237 1287 1261 1316; x_wconf 94' lang='lat' dir='ltr'>a</span> <span class='ocrx_word' id='word_1_142' title='bbox 1279 1272 1497 1331; x_wconf 88' lang='lat' dir='ltr'>Propheta</span> 
     </span>
     <span class='ocr_line' id='line_1_17' title="bbox 111 1344 1500 1406; baseline -0.003 -17"><span class='ocrx_word' id='word_1_143' title='bbox 111 1347 420 1404; x_wconf 87' lang='lat' dir='ltr'>congruentius</span> <span class='ocrx_word' id='word_1_144' title='bbox 442 1345 550 1402; x_wconf 83' lang='lat' dir='ltr'>dici,</span> <span class='ocrx_word' id='word_1_145' title='bbox 576 1361 710 1406; x_wconf 88' lang='lat' dir='ltr'>quam</span> <span class='ocrx_word' id='word_1_146' title='bbox 725 1345 836 1391; x_wconf 90' lang='lat' dir='ltr'>illud</span> <span class='ocrx_word' id='word_1_147' title='bbox 859 1344 980 1406; x_wconf 90' lang='lat' dir='ltr'>quod</span> <span class='ocrx_word' id='word_1_148' title='bbox 1001 1344 1169 1389; x_wconf 83' lang='lat' dir='ltr'>dictum</span> <span class='ocrx_word' id='word_1_149' title='bbox 1190 1352 1255 1387; x_wconf 84' lang='lat' dir='ltr'>est</span> <span class='ocrx_word' id='word_1_150' title='bbox 1281 1362 1290 1388; x_wconf 89' lang='lat'>:</span> <span class='ocrx_word' id='word_1_151' title='bbox 1319 1345 1415 1387; x_wconf 88' lang='lat' dir='ltr'>«Et</span> <span class='ocrx_word' id='word_1_152' title='bbox 1435 1350 1500 1386; x_wconf 91' lang='lat' dir='ltr'>te-</span> 
     </span>
     <span class='ocr_line' id='line_1_18' title="bbox 113 1411 1501 1477; baseline -0.001 -19"><span class='ocrx_word' id='word_1_153' title='bbox 113 1433 135 1457; x_wconf 88' lang='lat'>»</span> <span class='ocrx_word' id='word_1_154' title='bbox 152 1430 255 1460; x_wconf 87' lang='lat' dir='ltr'>cum</span> <span class='ocrx_word' id='word_1_155' title='bbox 285 1417 493 1476; x_wconf 89' lang='lat' dir='ltr'>sapientia</span> <span class='ocrx_word' id='word_1_156' title='bbox 524 1433 623 1477; x_wconf 86' lang='lat' dir='ltr'>quae</span> <span class='ocrx_word' id='word_1_157' title='bbox 651 1417 774 1462; x_wconf 84' lang='lat' dir='ltr'>novit</span> <span class='ocrx_word' id='word_1_158' title='bbox 805 1431 936 1477; x_wconf 88' lang='lat' dir='ltr'>opera</span> <span class='ocrx_word' id='word_1_159' title='bbox 964 1424 1041 1460; x_wconf 82' lang='lat' dir='ltr'>tua</span> <span class='ocrx_word' id='word_1_160' title='bbox 1060 1450 1071 1471; x_wconf 84' lang='lat'>,</span> <span class='ocrx_word' id='word_1_161' title='bbox 1106 1430 1206 1474; x_wconf 81' lang='lat' dir='ltr'>quae</span> <span class='ocrx_word' id='word_1_162' title='bbox 1236 1411 1366 1458; x_wconf 84' lang='lat' dir='ltr'>affuit</span> <span class='ocrx_word' id='word_1_163' title='bbox 1393 1421 1501 1457; x_wconf 84' lang='lat' dir='ltr'>tunc</span> 
     </span>
     <span class='ocr_line' id='line_1_19' title="bbox 117 1485 1501 1547; baseline -0.001 -17"><span class='ocrx_word' id='word_1_164' title='bbox 117 1506 136 1528; x_wconf 90' lang='lat'>»</span> <span class='ocrx_word' id='word_1_165' title='bbox 160 1502 263 1532; x_wconf 88' lang='lat' dir='ltr'>cum</span> <span class='ocrx_word' id='word_1_166' title='bbox 280 1488 430 1533; x_wconf 88' lang='lat' dir='ltr'>orbem</span> <span class='ocrx_word' id='word_1_167' title='bbox 448 1498 661 1533; x_wconf 87' lang='lat' dir='ltr'>terrarum</span> <span class='ocrx_word' id='word_1_168' title='bbox 679 1488 858 1545; x_wconf 85' lang='lat' dir='ltr'>faceres,</span> <span class='ocrx_word' id='word_1_169' title='bbox 878 1497 921 1533; x_wconf 90' lang='lat' dir='ltr'>et</span> <span class='ocrx_word' id='word_1_170' title='bbox 938 1488 1101 1533; x_wconf 86' lang='lat' dir='ltr'>sciebat</span> <span class='ocrx_word' id='word_1_171' title='bbox 1115 1485 1222 1547; x_wconf 87' lang='lat' dir='ltr'>quid</span> <span class='ocrx_word' id='word_1_172' title='bbox 1236 1485 1501 1545; x_wconf 87' lang='lat' dir='ltr'>placiturum</span> 
     </span>
     <span class='ocr_line' id='line_1_20' title="bbox 115 1556 1498 1614; baseline -0.001 -14"><span class='ocrx_word' id='word_1_173' title='bbox 115 1577 137 1601; x_wconf 89' lang='lat'>»</span> <span class='ocrx_word' id='word_1_174' title='bbox 162 1568 273 1604; x_wconf 87' lang='lat' dir='ltr'>esset</span> <span class='ocrx_word' id='word_1_175' title='bbox 300 1559 437 1604; x_wconf 88' lang='lat' dir='ltr'>oculis</span> <span class='ocrx_word' id='word_1_176' title='bbox 459 1560 544 1604; x_wconf 90' lang='lat' dir='ltr'>tuis</span> <span class='ocrx_word' id='word_1_177' title='bbox 559 1561 606 1601; x_wconf 86' lang='lat'>⁵?</span> <span class='ocrx_word' id='word_1_178' title='bbox 624 1579 644 1602; x_wconf 93' lang='lat'>»</span> <span class='ocrx_word' id='word_1_179' title='bbox 671 1560 801 1614; x_wconf 89' lang='lat' dir='ltr'>Quod</span> <span class='ocrx_word' id='word_1_180' title='bbox 827 1569 973 1604; x_wconf 88' lang='lat' dir='ltr'>autem</span> <span class='ocrx_word' id='word_1_181' title='bbox 995 1559 1192 1604; x_wconf 85' lang='lat' dir='ltr'>Christus</span> <span class='ocrx_word' id='word_1_182' title='bbox 1219 1565 1283 1601; x_wconf 90' lang='lat' dir='ltr'>est</span> <span class='ocrx_word' id='word_1_183' title='bbox 1299 1556 1469 1600; x_wconf 87' lang='lat' dir='ltr'>Veritas</span> <span class='ocrx_word' id='word_1_184' title='bbox 1486 1589 1498 1610; x_wconf 90' lang='lat'>,</span> 
     </span>
     <span class='ocr_line' id='line_1_21' title="bbox 113 1627 1501 1691; baseline -0.004 -16"><span class='ocrx_word' id='word_1_185' title='bbox 113 1630 235 1690; x_wconf 90' lang='lat' dir='ltr'>quod</span> <span class='ocrx_word' id='word_1_186' title='bbox 252 1631 368 1675; x_wconf 91' lang='lat' dir='ltr'>idem</span> <span class='ocrx_word' id='word_1_187' title='bbox 389 1631 634 1676; x_wconf 86' lang='lat' dir='ltr'>ostenditur</span> <span class='ocrx_word' id='word_1_188' title='bbox 657 1647 758 1677; x_wconf 85' lang='lat' dir='ltr'>eum</span> <span class='ocrx_word' id='word_1_189' title='bbox 779 1631 993 1691; x_wconf 85' lang='lat' dir='ltr'>Splendor</span> <span class='ocrx_word' id='word_1_190' title='bbox 1014 1630 1152 1675; x_wconf 89' lang='lat' dir='ltr'>Patris</span> <span class='ocrx_word' id='word_1_191' title='bbox 1174 1627 1501 1688; x_wconf 69' lang='lat' dir='ltr'>ntincupatur‘5,</span> 
     </span>
     <span class='ocr_line' id='line_1_22' title="bbox 115 1697 1505 1763; baseline -0.003 -18"><span class='ocrx_word' id='word_1_192' title='bbox 115 1715 205 1745; x_wconf 89' lang='lat' dir='ltr'>non</span> <span class='ocrx_word' id='word_1_193' title='bbox 237 1710 302 1745; x_wconf 90' lang='lat' dir='ltr'>est</span> <span class='ocrx_word' id='word_1_194' title='bbox 330 1703 447 1746; x_wconf 89' lang='lat' dir='ltr'>enim</span> <span class='ocrx_word' id='word_1_195' title='bbox 470 1703 712 1763; x_wconf 86' lang='lat' dir='ltr'>quidquam</span> <span class='ocrx_word' id='word_1_196' title='bbox 744 1704 789 1746; x_wconf 91' lang='lat' dir='ltr'>in</span> <span class='ocrx_word' id='word_1_197' title='bbox 822 1703 1008 1747; x_wconf 87' lang='lat' dir='ltr'>circuitu</span> <span class='ocrx_word' id='word_1_198' title='bbox 1036 1700 1161 1756; x_wconf 84' lang='lat' dir='ltr'>solis,</span> <span class='ocrx_word' id='word_1_199' title='bbox 1187 1699 1268 1744; x_wconf 89' lang='lat' dir='ltr'>nisi</span> <span class='ocrx_word' id='word_1_200' title='bbox 1297 1697 1505 1758; x_wconf 88' lang='lat' dir='ltr'>splendor</span> 
     </span>
    </p>
   </div>
   <div class='ocr_carea' id='block_1_3' title="bbox 68 1769 1508 1833">
    <p class='ocr_par' dir='ltr' id='par_1_4' title="bbox 68 1769 1508 1833">
     <span class='ocr_line' id='line_1_23' title="bbox 68 1769 1508 1833; baseline -0.003 -18"><span class='ocrx_word' id='word_1_201' title='bbox 68 1771 73 1776; x_wconf 81' lang='grc'><em>“</em></span> <span class='ocrx_word' id='word_1_202' title='bbox 115 1771 205 1830; x_wconf 89' lang='lat' dir='ltr'>ipse</span> <span class='ocrx_word' id='word_1_203' title='bbox 227 1787 359 1831; x_wconf 90' lang='lat' dir='ltr'>quem</span> <span class='ocrx_word' id='word_1_204' title='bbox 377 1774 551 1832; x_wconf 80' lang='lat' dir='ltr'>gignit?</span> <span class='ocrx_word' id='word_1_205' title='bbox 572 1774 691 1827; x_wconf 87' lang='lat' dir='ltr'>Quid</span> <span class='ocrx_word' id='word_1_206' title='bbox 712 1788 815 1833; x_wconf 86' lang='lat' dir='ltr'>ergo</span> <span class='ocrx_word' id='word_1_207' title='bbox 832 1772 976 1832; x_wconf 91' lang='lat' dir='ltr'>potuit</span> <span class='ocrx_word' id='word_1_208' title='bbox 992 1772 1180 1832; x_wconf 87' lang='lat' dir='ltr'>apertius</span> <span class='ocrx_word' id='word_1_209' title='bbox 1203 1779 1246 1815; x_wconf 88' lang='lat' dir='ltr'>et</span> <span class='ocrx_word' id='word_1_210' title='bbox 1271 1769 1427 1814; x_wconf 86' lang='lat' dir='ltr'>clarius</span> <span class='ocrx_word' id='word_1_211' title='bbox 1453 1783 1508 1812; x_wconf 82' lang='lat' dir='ltr'>ex</span> 
     </span>
    </p>
   </div>
   <div class='ocr_carea' id='block_1_4' title="bbox 116 1837 1510 2389">
    <p class='ocr_par' dir='ltr' id='par_1_5' title="bbox 116 1837 1508 2331">
     <span class='ocr_line' id='line_1_24' title="bbox 116 1837 1506 1903; baseline -0.003 -16"><span class='ocrx_word' id='word_1_212' title='bbox 116 1837 272 1888; x_wconf 79' lang='lat' dir='ltr'>Vetere</span> <span class='ocrx_word' id='word_1_213' title='bbox 297 1847 572 1890; x_wconf 88' lang='lat' dir='ltr'>Testamento</span> <span class='ocrx_word' id='word_1_214' title='bbox 594 1845 697 1890; x_wconf 88' lang='lat' dir='ltr'>huic</span> <span class='ocrx_word' id='word_1_215' title='bbox 714 1846 941 1890; x_wconf 79' lang='lat' dir='ltr'>sententiae</span> <span class='ocrx_word' id='word_1_216' title='bbox 965 1857 1220 1897; x_wconf 86' lang='lat' dir='ltr'>consonare,</span> <span class='ocrx_word' id='word_1_217' title='bbox 1244 1855 1376 1903; x_wconf 88' lang='lat' dir='ltr'>quam</span> <span class='ocrx_word' id='word_1_218' title='bbox 1393 1838 1506 1884; x_wconf 84' lang='lat' dir='ltr'>illud</span> 
     </span>
     <span class='ocr_line' id='line_1_25' title="bbox 117 1913 1506 1975; baseline -0.003 -17"><span class='ocrx_word' id='word_1_219' title='bbox 117 1913 238 1975; x_wconf 88' lang='lat' dir='ltr'>quod</span> <span class='ocrx_word' id='word_1_220' title='bbox 255 1914 421 1960; x_wconf 88' lang='lat' dir='ltr'>dictum</span> <span class='ocrx_word' id='word_1_221' title='bbox 436 1925 520 1961; x_wconf 88' lang='lat' dir='ltr'>est:</span> <span class='ocrx_word' id='word_1_222' title='bbox 537 1917 731 1961; x_wconf 85' lang='lat' dir='ltr'>«Veritas</span> <span class='ocrx_word' id='word_1_223' title='bbox 743 1925 817 1961; x_wconf 87' lang='lat' dir='ltr'>tua</span> <span class='ocrx_word' id='word_1_224' title='bbox 834 1916 880 1960; x_wconf 91' lang='lat' dir='ltr'>in</span> <span class='ocrx_word' id='word_1_225' title='bbox 898 1916 1081 1961; x_wconf 84' lang='lat' dir='ltr'>circuitu</span> <span class='ocrx_word' id='word_1_226' title='bbox 1098 1916 1222 1959; x_wconf 75' lang='lat' dir='ltr'>tuo⁷i&gt;</span> <span class='ocrx_word' id='word_1_227' title='bbox 1238 1933 1258 1955; x_wconf 70' lang='lat' dir='ltr'>n</span> <span class='ocrx_word' id='word_1_228' title='bbox 1281 1917 1506 1957; x_wconf 87' lang='lat' dir='ltr'>Postremo</span> 
     </span>
     <span class='ocr_line' id='line_1_26' title="bbox 116 1982 1507 2046; baseline -0.003 -17"><span class='ocrx_word' id='word_1_229' title='bbox 116 1984 224 2029; x_wconf 83' lang='lat' dir='ltr'>dicit</span> <span class='ocrx_word' id='word_1_230' title='bbox 249 1986 340 2045; x_wconf 88' lang='lat' dir='ltr'>ipsa</span> <span class='ocrx_word' id='word_1_231' title='bbox 364 1987 581 2045; x_wconf 91' lang='lat' dir='ltr'>Sapientia</span> <span class='ocrx_word' id='word_1_232' title='bbox 608 1988 654 2031; x_wconf 81' lang='lat' dir='ltr'>in</span> <span class='ocrx_word' id='word_1_233' title='bbox 682 1986 919 2046; x_wconf 90' lang='lat' dir='ltr'>Evangelio</span> <span class='ocrx_word' id='word_1_234' title='bbox 941 2005 950 2031; x_wconf 77' lang='lat' dir='ltr'><em>z</em></span> <span class='ocrx_word' id='word_1_235' title='bbox 981 2005 998 2026; x_wconf 83' lang='lat'>«</span> <span class='ocrx_word' id='word_1_236' title='bbox 1014 1987 1153 2032; x_wconf 88' lang='lat' dir='ltr'>Nemo</span> <span class='ocrx_word' id='word_1_237' title='bbox 1183 1984 1302 2029; x_wconf 88' lang='lat' dir='ltr'>venit</span> <span class='ocrx_word' id='word_1_238' title='bbox 1330 1982 1385 2027; x_wconf 90' lang='lat' dir='ltr'>ad</span> <span class='ocrx_word' id='word_1_239' title='bbox 1422 1984 1507 2025; x_wconf 86' lang='lat' dir='ltr'>Pa-</span> 
     </span>
     <span class='ocr_line' id='line_1_27' title="bbox 122 2057 1507 2117; baseline -0.004 -17"><span class='ocrx_word' id='word_1_240' title='bbox 122 2073 143 2098; x_wconf 87' lang='lat'>»</span> <span class='ocrx_word' id='word_1_241' title='bbox 167 2065 279 2101; x_wconf 90' lang='lat' dir='ltr'>trem</span> <span class='ocrx_word' id='word_1_242' title='bbox 296 2091 307 2111; x_wconf 90' lang='lat'>‚</span> <span class='ocrx_word' id='word_1_243' title='bbox 334 2057 413 2101; x_wconf 89' lang='lat' dir='ltr'>nisi</span> <span class='ocrx_word' id='word_1_244' title='bbox 435 2072 512 2116; x_wconf 85' lang='lat' dir='ltr'>per</span> <span class='ocrx_word' id='word_1_245' title='bbox 528 2059 627 2101; x_wconf 72' lang='lat' dir='ltr'>me8</span> <span class='ocrx_word' id='word_1_246' title='bbox 649 2073 658 2099; x_wconf 77' lang='grc' dir='ltr'><em>τ</em></span> <span class='ocrx_word' id='word_1_247' title='bbox 679 2077 696 2099; x_wconf 88' lang='grc'>»</span> <span class='ocrx_word' id='word_1_248' title='bbox 720 2057 825 2102; x_wconf 87' lang='lat' dir='ltr'>dicit</span> <span class='ocrx_word' id='word_1_249' title='bbox 849 2057 1066 2117; x_wconf 87' lang='lat' dir='ltr'>Propheta</span> <span class='ocrx_word' id='word_1_250' title='bbox 1088 2074 1097 2101; x_wconf 90' lang='lat'><strong>:</strong></span> <span class='ocrx_word' id='word_1_251' title='bbox 1127 2073 1147 2098; x_wconf 86' lang='lat'>«</span> <span class='ocrx_word' id='word_1_252' title='bbox 1168 2057 1350 2101; x_wconf 89' lang='lat' dir='ltr'>Sensum</span> <span class='ocrx_word' id='word_1_253' title='bbox 1377 2061 1507 2097; x_wconf 86' lang='lat' dir='ltr'>tuum</span> 
     </span>
     <span class='ocr_line' id='line_1_28' title="bbox 122 2122 1506 2188; baseline -0.003 -17"><span class='ocrx_word' id='word_1_254' title='bbox 122 2145 143 2170; x_wconf 91' lang='lat'>»</span> <span class='ocrx_word' id='word_1_255' title='bbox 168 2143 272 2188; x_wconf 88' lang='lat' dir='ltr'>ergo</span> <span class='ocrx_word' id='word_1_256' title='bbox 298 2128 394 2187; x_wconf 86' lang='lat' dir='ltr'>quis</span> <span class='ocrx_word' id='word_1_257' title='bbox 424 2129 525 2184; x_wconf 84' lang='lat' dir='ltr'>scit,</span> <span class='ocrx_word' id='word_1_258' title='bbox 555 2129 636 2173; x_wconf 91' lang='lat' dir='ltr'>nisi</span> <span class='ocrx_word' id='word_1_259' title='bbox 667 2137 717 2173; x_wconf 90' lang='lat' dir='ltr'>tu</span> <span class='ocrx_word' id='word_1_260' title='bbox 743 2127 911 2173; x_wconf 86' lang='lat' dir='ltr'>dederis</span> <span class='ocrx_word' id='word_1_261' title='bbox 939 2127 1262 2188; x_wconf 80' lang='lat' dir='ltr'>sapientiam‘?»</span> <span class='ocrx_word' id='word_1_262' title='bbox 1294 2128 1352 2171; x_wconf 88' lang='lat' dir='ltr'>Et</span> <span class='ocrx_word' id='word_1_263' title='bbox 1372 2122 1506 2185; x_wconf 89' lang='lat' dir='ltr'>paulo</span> 
     </span>
     <span class='ocr_line' id='line_1_29' title="bbox 121 2198 1508 2260; baseline -0.004 -16"><span class='ocrx_word' id='word_1_264' title='bbox 121 2208 248 2258; x_wconf 80' lang='lat' dir='ltr'>post:</span> <span class='ocrx_word' id='word_1_265' title='bbox 278 2217 296 2240; x_wconf 89' lang='lat'>«</span> <span class='ocrx_word' id='word_1_266' title='bbox 314 2202 371 2244; x_wconf 89' lang='lat' dir='ltr'>Et</span> <span class='ocrx_word' id='word_1_267' title='bbox 397 2215 496 2260; x_wconf 84' lang='lat' dir='ltr'>quae</span> <span class='ocrx_word' id='word_1_268' title='bbox 521 2199 602 2244; x_wconf 84' lang='lat' dir='ltr'>tibi</span> <span class='ocrx_word' id='word_1_269' title='bbox 624 2198 818 2259; x_wconf 86' lang='lat' dir='ltr'>placent,</span> <span class='ocrx_word' id='word_1_270' title='bbox 846 2198 1095 2245; x_wconf 87' lang='lat' dir='ltr'>didicerunt</span> <span class='ocrx_word' id='word_1_271' title='bbox 1114 2198 1338 2252; x_wconf 85' lang='lat' dir='ltr'>homines,</span> <span class='ocrx_word' id='word_1_272' title='bbox 1362 2204 1407 2240; x_wconf 87' lang='lat' dir='ltr'>et</span> <span class='ocrx_word' id='word_1_273' title='bbox 1429 2208 1508 2255; x_wconf 88' lang='lat' dir='ltr'>per</span> 
     </span>
     <span class='ocr_line' id='line_1_30' title="bbox 126 2271 780 2331; baseline 0 -19"><span class='ocrx_word' id='word_1_274' title='bbox 126 2288 147 2312; x_wconf 90' lang='lat'>»</span> <span class='ocrx_word' id='word_1_275' title='bbox 172 2271 425 2331; x_wconf 86' lang='lat' dir='ltr'>sapientiam</span> <span class='ocrx_word' id='word_1_276' title='bbox 443 2272 580 2316; x_wconf 84' lang='lat' dir='ltr'>sanati</span> <span class='ocrx_word' id='word_1_277' title='bbox 598 2273 739 2316; x_wconf 76' lang='lat' dir='ltr'>sunt-⁹.</span> <span class='ocrx_word' id='word_1_278' title='bbox 759 2289 780 2313; x_wconf 87' lang='lat'>»</span> 
     </span>
    </p>

    <p class='ocr_par' dir='ltr' id='par_1_6' title="bbox 181 2338 1510 2389">
     <span class='ocr_line' id='line_1_31' title="bbox 181 2338 1510 2389; baseline -0.005 -2"><span class='ocrx_word' id='word_1_279' title='bbox 181 2344 346 2388; x_wconf 87' lang='lat' dir='ltr'>XXIX.</span> <span class='ocrx_word' id='word_1_280' title='bbox 381 2343 496 2389; x_wconf 88' lang='lat' dir='ltr'>Dicit</span> <span class='ocrx_word' id='word_1_281' title='bbox 518 2343 679 2388; x_wconf 90' lang='lat' dir='ltr'>Paulus</span> <span class='ocrx_word' id='word_1_282' title='bbox 698 2362 707 2389; x_wconf 90' lang='lat'>:</span> <span class='ocrx_word' id='word_1_283' title='bbox 739 2362 758 2385; x_wconf 90' lang='lat'>«</span> <span class='ocrx_word' id='word_1_284' title='bbox 778 2343 976 2389; x_wconf 84' lang='lat' dir='ltr'>Charitas</span> <span class='ocrx_word' id='word_1_285' title='bbox 998 2341 1076 2386; x_wconf 93' lang='lat' dir='ltr'>Dei</span> <span class='ocrx_word' id='word_1_286' title='bbox 1093 2339 1251 2386; x_wconf 84' lang='lat' dir='ltr'>diffusa</span> <span class='ocrx_word' id='word_1_287' title='bbox 1267 2347 1331 2383; x_wconf 90' lang='lat' dir='ltr'>est</span> <span class='ocrx_word' id='word_1_288' title='bbox 1345 2338 1393 2382; x_wconf 88' lang='lat' dir='ltr'>in</span> <span class='ocrx_word' id='word_1_289' title='bbox 1409 2351 1510 2382; x_wconf 88' lang='lat' dir='ltr'>cor-</span> 
     </span>
    </p>
   </div>
   <div class='ocr_carea' id='block_1_5' title="bbox 127 2441 1509 2608">
    <p class='ocr_par' dir='ltr' id='par_1_7' title="bbox 127 2441 1509 2608">
     <span class='ocr_line' id='line_1_32' title="bbox 173 2441 1509 2494; baseline -0.007 -10"><span class='ocrx_word' id='word_1_290' title='bbox 173 2458 182 2475; x_wconf 86' lang='lat'>¹</span> <span class='ocrx_word' id='word_1_291' title='bbox 207 2452 287 2484; x_wconf 87' lang='lat' dir='ltr'>Vide</span> <span class='ocrx_word' id='word_1_292' title='bbox 313 2463 325 2484; x_wconf 91' lang='lat'>1</span> <span class='ocrx_word' id='word_1_293' title='bbox 346 2454 487 2485; x_wconf 82' lang='lat' dir='ltr'>Retract.</span> <span class='ocrx_word' id='word_1_294' title='bbox 511 2462 579 2494; x_wconf 81' lang='lat' dir='ltr'>cap.</span> <span class='ocrx_word' id='word_1_295' title='bbox 600 2462 678 2493; x_wconf 75' lang='lat' dir='ltr'>vn„</span> <span class='ocrx_word' id='word_1_296' title='bbox 698 2462 730 2482; x_wconf 91' lang='lat' dir='ltr'>n.</span> <span class='ocrx_word' id='word_1_297' title='bbox 760 2451 792 2482; x_wconf 82' lang='lat'>3.</span> <span class='ocrx_word' id='word_1_298' title='bbox 812 2468 853 2473; x_wconf 89' lang='lat'><strong>—</strong></span> <span class='ocrx_word' id='word_1_299' title='bbox 875 2456 886 2472; x_wconf 86' lang='lat'>²</span> <span class='ocrx_word' id='word_1_300' title='bbox 907 2451 981 2492; x_wconf 90' lang='lat' dir='ltr'>Sap.</span> <span class='ocrx_word' id='word_1_301' title='bbox 1003 2459 1070 2489; x_wconf 82' lang='lat' dir='ltr'>vm,</span> <span class='ocrx_word' id='word_1_302' title='bbox 1093 2447 1124 2479; x_wconf 81' lang='lat'>3.</span> <span class='ocrx_word' id='word_1_303' title='bbox 1139 2463 1178 2469; x_wconf 77' lang='lat'>--</span> <span class='ocrx_word' id='word_1_304' title='bbox 1195 2444 1208 2468; x_wconf 84' lang='lat'><strong>3</strong></span> <span class='ocrx_word' id='word_1_305' title='bbox 1230 2456 1241 2476; x_wconf 90' lang='lat'><strong>1</strong></span> <span class='ocrx_word' id='word_1_306' title='bbox 1263 2446 1335 2477; x_wconf 90' lang='lat' dir='ltr'>Cor.</span> <span class='ocrx_word' id='word_1_307' title='bbox 1354 2455 1380 2484; x_wconf 87' lang='lat'>1,</span> <span class='ocrx_word' id='word_1_308' title='bbox 1395 2441 1450 2484; x_wconf 74' lang='lat'>24.</span> <span class='ocrx_word' id='word_1_309' title='bbox 1467 2459 1509 2466; x_wconf 94' lang='lat'>—</span> 
     </span>
     <span class='ocr_line' id='line_1_33' title="bbox 127 2501 1509 2552; baseline -0.006 -12"><span class='ocrx_word' id='word_1_310' title='bbox 127 2506 142 2537; x_wconf 71' lang='grc'><strong><em>4</em></strong></span> <span class='ocrx_word' id='word_1_311' title='bbox 159 2509 282 2541; x_wconf 78' lang='lat' dir='ltr'>Matth.</span> <span class='ocrx_word' id='word_1_312' title='bbox 304 2521 347 2551; x_wconf 75' lang='lat' dir='ltr'>xi,</span> <span class='ocrx_word' id='word_1_313' title='bbox 374 2518 428 2550; x_wconf 83' lang='lat'>27.</span> <span class='ocrx_word' id='word_1_314' title='bbox 446 2526 486 2531; x_wconf 89' lang='lat'>—</span> <span class='ocrx_word' id='word_1_315' title='bbox 503 2507 518 2532; x_wconf 84' lang='lat'>⁵</span> <span class='ocrx_word' id='word_1_316' title='bbox 541 2511 616 2552; x_wconf 83' lang='lat' dir='ltr'>Sap.</span> <span class='ocrx_word' id='word_1_317' title='bbox 637 2519 683 2549; x_wconf 81' lang='lat' dir='ltr'>ix,</span> <span class='ocrx_word' id='word_1_318' title='bbox 706 2519 738 2550; x_wconf 87' lang='lat'>9.</span> <span class='ocrx_word' id='word_1_319' title='bbox 753 2523 795 2530; x_wconf 93' lang='lat'>—-</span> <span class='ocrx_word' id='word_1_320' title='bbox 809 2504 824 2529; x_wconf 84' lang='lat'>6</span> <span class='ocrx_word' id='word_1_321' title='bbox 839 2505 939 2540; x_wconf 86' lang='lat' dir='ltr'>Hebr.</span> <span class='ocrx_word' id='word_1_322' title='bbox 957 2517 982 2547; x_wconf 82' lang='lat'>1,</span> <span class='ocrx_word' id='word_1_323' title='bbox 1004 2505 1035 2537; x_wconf 82' lang='lat'>3.</span> <span class='ocrx_word' id='word_1_324' title='bbox 1060 2520 1101 2528; x_wconf 94' lang='lat'><em>-</em></span> <span class='ocrx_word' id='word_1_325' title='bbox 1116 2509 1129 2536; x_wconf 87' lang='lat'><strong>7</strong></span> <span class='ocrx_word' id='word_1_326' title='bbox 1153 2501 1235 2535; x_wconf 78' lang='lat' dir='ltr'>Psal.</span> <span class='ocrx_word' id='word_1_327' title='bbox 1256 2510 1402 2541; x_wconf 63' lang='lat' dir='ltr'>mxxviii,</span> <span class='ocrx_word' id='word_1_328' title='bbox 1417 2510 1450 2541; x_wconf 85' lang='lat'>9.</span> <span class='ocrx_word' id='word_1_329' title='bbox 1468 2513 1509 2521; x_wconf 93' lang='lat'>--</span> 
     </span>
     <span class='ocr_line' id='line_1_34' title="bbox 129 2561 727 2608; baseline 0.003 -14"><span class='ocrx_word' id='word_1_330' title='bbox 129 2561 144 2585; x_wconf 81' lang='grc'><strong>3</strong></span> <span class='ocrx_word' id='word_1_331' title='bbox 161 2565 250 2597; x_wconf 83' lang='lat' dir='ltr'>Joan.</span> <span class='ocrx_word' id='word_1_332' title='bbox 274 2577 342 2606; x_wconf 77' lang='lat' dir='ltr'>xiv,</span> <span class='ocrx_word' id='word_1_333' title='bbox 365 2576 415 2608; x_wconf 88' lang='lat'>17.</span> <span class='ocrx_word' id='word_1_334' title='bbox 431 2582 471 2589; x_wconf 90' lang='lat'>—</span> <span class='ocrx_word' id='word_1_335' title='bbox 485 2574 500 2598; x_wconf 82' lang='lat'><strong>9</strong></span> <span class='ocrx_word' id='word_1_336' title='bbox 517 2568 592 2608; x_wconf 78' lang='lat' dir='ltr'>Sap.</span> <span class='ocrx_word' id='word_1_337' title='bbox 607 2575 654 2605; x_wconf 75' lang='lat' dir='ltr'>ix,</span> <span class='ocrx_word' id='word_1_338' title='bbox 676 2575 727 2605; x_wconf 85' lang='lat'>17.</span> 
     </span>
    </p>
   </div>
  </div>
 </body>
</html>
