1729 3143
586 243 641 271 DE
671 242 839 280 anunm,
873 241 959 270 Lm.
994 242 1042 269 11.
1421 230 1506 271 457

129 313 176 357 in
197 311 404 356 exteriora
425 325 503 370 per
527 308 775 369 superbiam
804 315 1048 352 tumescens
1078 307 1212 367 coepit
1232 320 1323 351 non
1343 307 1509 366 irrigari

129 382 251 427 fonte
271 383 468 438 intimo1‚
491 383 604 426 bene
622 379 856 426 insultatur
872 379 934 424 illi
950 380 1094 425 verbis
1110 380 1372 441 propheticis
1391 389 1435 425 et
1450 380 1513 425 di-

130 455 243 499 citur
263 474 272 499 ς
302 473 323 497 «
341 453 459 507 Quid
480 451 674 512 superbit
695 460 808 495 terra
830 459 873 495 et
894 450 1056 496 cinis2?
1076 470 1094 493 »
1121 451 1338 504 Quoniam
1356 451 1404 495 in
1424 452 1514 498 vita

129 542 207 572 sua
238 525 419 584 projecit
452 523 604 568 intima
629 537 719 568 sua.
752 520 868 574 Quid
896 530 959 566 est
985 522 1103 566 enim
1135 522 1337 582 superbia
1369 521 1512 578 aliud,

130 596 210 641 nisi
232 595 402 640 deserto
428 594 657 639 secretario
686 591 961 638 conscientiae
982 590 1087 636 foris
1107 592 1244 636 videri
1266 589 1378 637 velle
1395 593 1517 653 quod

130 682 221 712 non
239 667 335 710 est?
357 668 414 710 Et
434 665 532 709 ideo
553 664 755 709 laborans
772 664 863 723 jam
884 661 932 706 in
952 671 1066 707 terra
1086 663 1366 708 necessariam
1382 663 1518 710 habet

129 737 324 798 pluviam
346 735 402 780 de
422 736 616 780 nubibus
631 770 643 791 ,
665 735 711 779 id
733 743 818 790 est,
843 733 1087 779 doctrinam
1119 734 1174 779 de
1197 735 1400 780 humanis
1421 750 1518 780 ver-

130 809 196 853 bis
211 842 223 864 ,
247 815 298 851 ut
319 806 449 851 etiam
466 807 549 852 hoc
565 805 699 851 modo
712 805 848 866 possit
864 805 919 849 ab
938 804 1013 849 illa
1027 804 1227 850 ariditate
1241 806 1515 863 revirescere,

130 888 174 924 et
194 879 352 923 iterum
373 878 467 922 fieri
489 877 627 922 viride
644 877 751 935 agri.
775 875 859 936 Sed
876 875 1043 921 utinam
1066 875 1133 920 vel
1146 875 1342 936 pluviam
1362 878 1521 922 verita-

130 950 183 994 tis
204 949 259 993 de
279 948 381 1006 ipsis
403 947 597 990 nubibus
618 945 803 989 libenter
825 943 1026 1002 excipiat.
1050 946 1160 990 Nam
1188 955 1368 1005 propter
1400 946 1520 992 illam

129 1018 338 1064 Dominus
353 1026 500 1062 noster
513 1015 717 1061 nubilum
731 1015 870 1060 carnis
884 1024 1044 1060 nostrae
1062 1014 1267 1075 dignatus
1284 1032 1517 1074 assumere,

130 1089 317 1133 imbrem
337 1088 471 1132 sancti
492 1086 719 1146 Evangelii
740 1085 1029 1145 largissimum
1049 1084 1236 1143 infudit,
1261 1090 1521 1147 promittens

130 1159 261 1204 etiam
284 1158 405 1217 quod
430 1158 463 1201 si
487 1158 581 1217 quis
611 1158 772 1201 biberit
800 1156 855 1201 de
884 1173 997 1218 aqua
1019 1157 1111 1218 ejus
1127 1192 1138 1213 ,
1163 1157 1302 1202 rediet
1322 1158 1378 1203 ad
1398 1159 1522 1204 illum

129 1230 333 1274 intimum
356 1228 524 1273 fontem
544 1263 555 1284 ‚
580 1237 631 1272 ut
652 1228 891 1273 forinsecus
912 1243 1002 1273 non
1024 1237 1192 1287 quaerat
1213 1228 1423 1288 pluviam.
1444 1231 1523 1275 Di-

131 1302 189 1346 cit
212 1300 355 1346 enim:
384 1317 402 1340 «
426 1299 524 1344 Fiet
545 1299 592 1343 in
613 1313 665 1344 eo
686 1299 785 1344 fons
808 1314 934 1359 aquae
964 1297 1153 1343 salientis
1175 1299 1222 1343 in
1241 1300 1375 1344 vitam
1398 1311 1524 1346 aeter-

133 1390 154 1415 »
181 1373 324 1416 namss.
344 1389 366 1413 »
398 1372 484 1414 Iste
512 1369 643 1414 eredo
672 1368 769 1415 fons
793 1379 893 1414 ante
923 1377 1153 1429 peccatum
1183 1370 1442 1416 ascendebat
1469 1372 1524 1417 de

131 1453 246 1488 terra
262 1477 273 1497 ,
297 1450 340 1486 et
356 1441 564 1499 irrigabat
579 1455 756 1485 omnem
773 1439 927 1485 faciem
947 1449 1091 1498 terrae,
1107 1441 1209 1502 quia
1220 1441 1400 1488 interior
1413 1452 1521 1500 erat,

132 1524 176 1559 et
203 1513 391 1558 nubium
417 1516 517 1556 ’non
547 1511 823 1557 desiderabat
854 1512 1063 1557 auxilium
1091 1531 1101 1558 ι
1130 1512 1373 1559 «Nondum
1407 1516 1523 1559 enim

135 1603 156 1628 »
181 1583 354 1644 pluerat
375 1586 490 1627 Deus
512 1597 641 1644 super
656 1591 839 1638 terram,
868 1598 949 1628 nec
970 1593 1062 1628 erat
1080 1584 1213 1628 homo
1230 1584 1307 1644 qui
1329 1599 1524 1644 operare-

137 1675 157 1698 »
174 1664 246 1699 tur
266 1655 312 1697 in
334 1668 398 1698 ea.
418 1671 439 1695 »
464 1654 578 1698 Cum
600 1653 715 1697 enim
730 1652 904 1698 dixisset
925 1672 934 1699 ε
958 1652 1197 1700 «Nondum
1214 1654 1332 1699 enim
1353 1655 1526 1716 pluerat

138 1745 157 1767 »
178 1727 292 1769 Deus
305 1738 436 1784 super
448 1724 652 1781 terram43
669 1741 689 1765 »
708 1723 895 1784 subjecit
911 1732 955 1768 et
977 1740 1151 1769 causam
1172 1740 1307 1785 quare
1325 1727 1525 1771 nondum

134 1795 306 1855 pluerat
337 1814 346 1840 :
376 1814 394 1835 «
417 1794 527 1848 Quia
549 1809 640 1839 non
670 1803 762 1839 erat
792 1795 926 1840 homo
950 1795 1026 1856 qui
1054 1805 1307 1856 operaretur
1335 1797 1382 1842 in
1414 1812 1521 1842 ea.»

136 1868 260 1911 Tunc
282 1874 429 1911 autem
449 1865 583 1910 homo
604 1865 741 1925 coepit
763 1866 932 1926 operari
952 1866 999 1910 in
1020 1875 1134 1912 terra
1149 1901 1160 1923 ‚
1186 1881 1287 1912 cum
1304 1877 1401 1928 post
1422 1883 1526 1929 pec-

137 1945 283 1982 catum
305 1936 361 1980 de
381 1936 510 1980 beata
530 1937 618 1980 vita
640 1935 840 1981 dimissus
870 1945 933 1980 est
949 1972 960 1993 ‚
994 1952 1081 1998 qua
1109 1939 1155 1982 in
1183 1939 1381 1997 paradiso
1402 1939 1524 1985 frue-

137 2008 307 2053 batur5.
336 2006 404 2052 Sic
426 2007 544 2050 enim
561 2006 769 2066 scriptum
788 2015 876 2051 est:
907 2010 1000 2052 «Et
1016 2006 1179 2054 dimisit
1196 2023 1297 2054 eum
1312 2011 1525 2056 Dominus

140 2098 162 2123 »
186 2082 301 2125 Deus
332 2078 389 2123 de
415 2078 614 2138 paradiso
646 2078 892 2134 suavitatis,
927 2088 979 2124 ut
1015 2088 1269 2141 operaretur
1289 2090 1448 2127 terram
1470 2082 1525 2128 de

141 2170 162 2195 >›
188 2167 275 2212 qua
296 2159 340 2195 et
368 2159 566 2210 sumptus
593 2149 737 2195 fuerat
757 2169 765 2195 :
789 2167 810 2192 »
847 2150 973 2196 Unde
1000 2167 1080 2197 suo
1111 2151 1208 2198 loco
1236 2154 1520 2215 requiremus.

139 2223 270 2277 Quod
290 2237 409 2267 nunc
433 2223 487 2266 ad
514 2223 598 2267 hoc
625 2223 987 2279 commemoravi,
1018 2232 1069 2268 ut
1100 2224 1438 2284 intelligeremus
1459 2226 1524 2272 la-

138 2294 312 2338 boranti
334 2293 501 2338 homini
522 2293 569 2337 in
596 2302 734 2349 terra,
759 2292 805 2337 id
831 2303 916 2351 est,
950 2294 996 2338 in
1024 2305 1302 2355 peccatorum
1323 2297 1523 2343 ariditate

140 2366 377 2410 constituto
393 2400 404 2421 ,
429 2363 710 2410 necessariam
731 2380 820 2410 esse
852 2367 906 2410 de
933 2367 1134 2413 humanis
1163 2369 1306 2414 verbis
1333 2369 1522 2416 divinam

141 2436 384 2481 doctrinam
403 2471 413 2491 ‚
449 2445 656 2497 tanquam
686 2435 741 2481 de
763 2437 956 2482 nubibus
987 2439 1194 2498 pluviam.
1234 2439 1345 2486 Talis
1376 2450 1522 2486 autem

190 2546 200 2562 1
221 2542 365 2572 Reti-act.
394 2549 466 2582 cap.
486 2550 506 2573 x
520 2564 529 2582 ‚
552 2551 583 2573 n.
606 2540 635 2573 3.
656 2554 698 2565 *-
722 2547 735 2565 ²
754 2540 854 2578 Eccli.
874 2551 894 2577 x
910 2566 919 2584 ‚
934 2553 968 2584 9·
989 2557 1029 2566 ·-
1050 2540 1063 2569 3
1085 2544 1175 2578 Joan.
1205 2554 1252 2587 lv,
1274 2543 1325 2587 14.
1340 2561 1382 2570 -
1400 2542 1416 2574 4
1438 2547 1518 2579 Gen.

142 2607 176 2636 n,
195 2596 226 2627 5.
245 2613 286 2620 -
300 2593 413 2630 ⁵1bid.
436 2604 480 2630 21.
