1729 3143
443 272 498 300 DE
529 269 743 309 εῩΜΒοιο,
777 269 915 299 sunno
946 268 997 297 11.
1354 258 1409 298 65

38 359 56 382 >›
81 338 174 384 todi
203 346 247 382 et
280 346 331 382 tu
350 337 670 391 innocentiam,
708 343 752 379 et
782 336 881 380 vide
908 334 1153 395 aequitatem
1176 333 1207 376 ¹.
1235 349 1255 374 n
1282 332 1414 378 Vides

33 409 308 469 aequitatem,
332 408 366 453 si
388 407 525 453 Patris
547 415 590 451 et
610 404 711 451 Filii
742 413 785 449 et
823 406 1006 465 Spiritus
1041 404 1176 450 sancti
1208 401 1415 463 intelligis

32 479 260 523 unitatem.

92 552 190 593 XX.
218 549 303 594 Sed
325 549 468 593 adhuc
483 560 615 592 vanas
634 554 732 590 tuas
755 546 978 590 machinas
999 547 1274 607 diversasque
1297 561 1418 591 com-

36 620 279 679 parationes
296 619 350 663 de
372 618 508 663 Patris
531 627 576 662 et
596 616 695 661 Filii
716 625 759 661 et
783 617 966 676 Spiritus
987 619 1124 662 sancti
1146 617 1387 662 substantia
1406 651 1417 672 ‚

37 689 250 735 catholica
273 689 470 734 doctrina
491 687 727 742 suffodiat,
772 696 822 731 ut
854 687 1086 732 aedificium
1114 697 1238 731 tuum
1264 723 1275 743 ,
1301 687 1421 747 quod

38 775 167 818 super
188 774 362 804 arenam
379 794 391 814 ,
417 774 508 803 non
541 773 671 817 super
704 766 871 816 petram
895 758 1104 813 aedificas,
1129 758 1237 801 flatu
1265 767 1422 802 vento-

39 844 136 874 rum
156 864 167 885 ,
213 830 462 874 divinorum
499 829 662 873 scilicet
684 828 973 887 Eloquiorum
992 865 1003 883 ,
1044 839 1086 873 et
1109 829 1256 887 pluvia
1275 829 1424 886 gratiae

40 899 328 944 descendente
350 900 576 944 subvertat
596 934 607 954 ‚
633 899 979 958 subversumque
1000 899 1075 942 fiat
1099 899 1225 942 ruina
1248 914 1422 957 magna.

41 970 247 1022 Quamvis
283 984 363 1014 nos
395 967 654 1014 invisibilem
692 977 828 1013 totam
868 969 1122 1013 Trinitatem
1150 969 1397 1013 noverimus
1414 1004 1425 1023 ‚

41 1040 269 1083 credamus
288 1074 300 1094 ,
335 1049 560 1084 teneamus
585 1058 594 1082 z
620 1038 690 1082 dic
723 1049 774 1082 tu
796 1039 921 1083 nobis
937 1074 948 1093 ‚
981 1040 1185 1084 haeretice
1201 1075 1213 1095 ‚
1250 1040 1347 1099 quis
1375 1040 1429 1083 sit

42 1107 116 1151 ille
137 1109 213 1166 qui
236 1109 436 1165 apparuit
458 1108 598 1162 Moysi
626 1108 671 1148 in
694 1107 867 1150 flamma
887 1109 998 1164 ignis
1025 1109 1071 1150 in
1107 1117 1256 1152 monte
1295 1109 1396 1154 Sina
1416 1144 1427 1163 ,

43 1178 167 1236 cujus
203 1176 440 1235 posteriora
475 1174 584 1219 vidit
617 1178 788 1232 Moyses
819 1177 912 1234 ipso
934 1192 978 1220 se
1012 1178 1200 1222 Domino
1229 1178 1434 1223 demonsss

44 1255 202 1291 trante.
227 1248 337 1291 Nam
355 1260 457 1289 cum
473 1245 546 1290 ille
563 1255 778 1305 quaereret
797 1245 950 1290 faciem
971 1248 1048 1290 Dei
1065 1247 1235 1302 videre,
1255 1248 1403 1292 dicens
1421 1268 1430 1293 ε

50 1335 72 1359 «
99 1317 143 1361 Si
158 1316 306 1361 inveni
322 1316 504 1375 gratiam
521 1324 621 1359 ante
639 1325 682 1358 te
698 1351 709 1370 ,
735 1317 917 1360 ostende
934 1317 1041 1360 mihi
1056 1317 1214 1363 faciem
1230 1328 1352 1363 tuam
1375 1339 1383 1363 z
1411 1337 1432 1360 »

46 1387 130 1431 hoc
153 1387 190 1430 ei
215 1386 426 1431 Dominus
447 1385 674 1444 respondit
696 1404 705 1428 ε
736 1403 756 1426 «
778 1385 972 1429 Ascende
989 1387 1035 1428 in
1054 1389 1228 1432 Choreb
1249 1424 1260 1443 ‚
1298 1398 1342 1433 et
1373 1399 1437 1434 sta

52 1473 73 1498 »
99 1471 229 1515 super
249 1465 441 1514 petram,
466 1465 509 1499 et
536 1455 715 1499 transiet
744 1454 914 1498 claritas
938 1469 1034 1498 mea
1054 1464 1154 1498 ante
1177 1465 1220 1499 te
1237 1491 1248 1510 ⁷
1275 1469 1318 1501 et
1336 1474 1440 1516 pos-

0 1558 1 1578 }
53 1544 74 1567 »
100 1526 257 1569 teriora
285 1540 381 1569 mea
404 1524 600 1580 videbis3
624 1523 756 1567 facies
786 1517 1064 1567 autem'mea
1095 1540 1184 1568 non
1221 1525 1442 1571 videbitur

55 1613 77 1637 »
101 1594 232 1652 tibin-2.
261 1612 281 1635 »
309 1594 415 1646 Quis
438 1603 501 1637 est
530 1594 610 1637 iste
640 1593 716 1651 qui
738 1592 948 1637 ducatum
979 1594 1166 1651 praebuit
1189 1594 1287 1638 filiis
1310 1598 1443 1641 Israel

52 1664 312 1709 excuntibus
328 1663 382 1707 de
404 1664 634 1722 AEgypto?
660 1680 680 1704 «
706 1665 836 1716 Deus,
861 1663 919 1706 ait
941 1662 1051 1706 liber
1069 1663 1234 1718 Exodi,
1261 1666 1443 1723 praeibat

58 1753 79 1778 »
104 1734 202 1779 illos
217 1768 229 1789 ,
269 1734 339 1777 die
371 1732 551 1793 quidem
575 1734 620 1776 in
642 1731 847 1777 columna
869 1733 1000 1777 nubis
1018 1769 1028 1788 ‚
1055 1744 1184 1778 nocte
1216 1745 1362 1780 autem
1399 1738 1445 1781 in

59 1823 80 1846 »
105 1804 310 1849 columna
331 1803 443 1862 ignis
459 1804 491 1846 3.
520 1820 540 1844 »
566 1802 671 1855 Quis
694 1811 756 1846 est
778 1803 891 1846 iste?
921 1806 1049 1847 Pater
1071 1813 1134 1848 est
1149 1839 1160 1858 ‚
1193 1820 1247 1849 an
1278 1806 1447 1851 Filius?

60 1876 104 1921 Si
121 1873 276 1918 dixeris
293 1909 304 1929 ,
327 1877 455 1918 Pater
472 1883 536 1918 est
557 1893 566 1918 :
587 1874 701 1918 visus
719 1882 782 1917 est
800 1889 902 1932 ergo
920 1883 963 1918 et
985 1878 1113 1918 Pater
1129 1875 1176 1918 in
1193 1875 1338 1936 aliqua
1355 1893 1448 1937 spe-

59 1945 139 1990 cie.
163 1946 262 1990 Non
284 1953 430 1988 autem
453 1944 587 1989 audes
605 1943 748 1988 dicere
766 1978 776 1998 ‚
806 1942 940 1988 Filius
961 1954 1024 1988 est
1046 1964 1054 1988 2
1080 1960 1135 1989 ne
1151 1961 1298 1991 rursus
1316 1948 1448 2007 ipsius

2 2065 3 2071 ἵ
59 2014 307 2059 testimonio
329 2014 470 2071 Moysi
495 2015 692 2058 obruaris
709 2047 720 2068 ,
752 2031 771 2054 «
793 2016 860 2057 Tu
881 2029 924 2058 es
946 2017 1061 2058 Deus
1083 2015 1198 2060 solus
1214 2051 1224 2071 ,
1251 2027 1293 2061 et
1315 2018 1450 2062 alium

2 2075 3 2085 ¹
65 2101 85 2127 »
111 2101 202 2130 non
226 2086 426 2129 novimus
449 2084 614 2144 absque
641 2093 685 2128 te
705 2084 738 2127 4.
765 2101 786 2124 »
812 2086 927 2142 Ergo
958 2087 1049 2128 Deo
1080 2086 1195 2129 Patri
1218 2088 1451 2144 assignabis

2 2148 3 2177 ³
64 2155 184 2216 quod
213 2155 412 2215 apparuit
442 2155 488 2197 in
510 2154 713 2198 columna
747 2154 858 2212 ignis
879 2154 950 2198 vel
972 2155 1114 2198 nubis.
1151 2156 1193 2200 Si
1214 2159 1304 2201 Deo
1337 2159 1453 2202 Patri

65 2226 150 2270 hoc
172 2223 409 2283 assignabis
427 2258 437 2277 ,
463 2221 557 2266 redi
572 2222 702 2267 modo
719 2223 774 2266 ad
784 2223 902 2267 illam
917 2225 1292 2270 ratiocinationem
1308 2236 1451 2285 tuam3

4 2317 5 2327 π
68 2305 113 2340 et
133 2294 204 2340 dic
225 2295 332 2339 mihi
353 2309 453 2354 quae
474 2293 529 2337 sit
550 2292 704 2338 melior
725 2302 880 2337 natura
897 2328 909 2348 ‚
933 2295 1067 2353 ignis,
1095 2297 1224 2340 nubis
1245 2332 1255 2352 ‚
1282 2308 1357 2342 aut
1374 2300 1455 2343 ho-

69 2367 213 2410 minis.
236 2369 295 2410 Et
317 2366 351 2410 si
372 2364 528 2409 dixeris
543 2399 556 2420 ,
581 2365 699 2424 Ignis
719 2364 785 2410 vel
808 2365 936 2409 nubis
950 2401 960 2420 ,
985 2366 1172 2411 irrideris
1194 2383 1283 2412 non
1315 2369 1456 2414 solum

72 2437 127 2481 ab
148 2437 401 2481 hominibus
418 2470 429 2491 ,
455 2436 532 2495 qui
563 2445 679 2480 certa
711 2435 876 2479 ratione
907 2445 1008 2479 sunt
1043 2437 1237 2495 praediti,
1262 2454 1352 2483 non
1379 2442 1455 2500 qui

74 2517 214 2553 vestra
236 2523 347 2552 vana
368 2507 620 2552 seductione
652 2507 822 2566 decepti
841 2527 851 2564 3
881 2506 956 2550 sed
978 2508 1106 2552 etiam
1128 2508 1183 2552 ab
1205 2509 1304 2568 ipsis
1327 2527 1455 2570 peco-

109 2593 211 2626 ¹Psal.
222 2604 334 2635 xxxvr,
345 2592 461 2634 37.—-²
472 2592 573 2625 Exod.
585 2602 694 2633 xxxin,
708 2602 720 2623 1
729 2590 892 2625 3-20.—-³
901 2592 949 2625 ld.
966 2602 1037 2633 xm,
1048 2601 1101 2625 21.
1114 2609 1154 2616 -
1165 2592 1392 2636 4Deut.xxx11‚
1406 2599 1458 2639 ὃς).

259 2657 419 2688 XXXIV.
1251 2651 1274 2687 3}
