1729 3143
454 225 507 249 DE
539 225 772 250 mscu‘mNA
796 222 1062 249 cnms'riANA.
1370 210 1444 245 117

69 287 178 331 nihil
198 288 355 332 horum
377 289 455 332 vis.
483 290 595 332 Ecce
615 285 838 346 quomodo
860 286 1001 345 diligis
1025 286 1267 345 proximum
1293 293 1415 327 tuum
1434 319 1444 338 ,

68 372 201 415 quem
218 358 298 401 tibi
319 358 450 402 facias
469 357 634 401 socium
652 355 706 399 ad
723 356 845 399 istam
865 356 1170 414 perditionem.

128 431 206 472 lx.
234 429 349 481 Quid
369 428 450 472 tibi
469 426 663 471 dicturus
684 441 779 469 sum
806 445 814 470 :
840 426 988 484 Diligis
1016 427 1265 485 proximum
1293 429 1450 469 tuum?

68 497 185 549 Quid
204 496 264 542 illi
287 498 333 541 in
355 511 476 541 aures
490 495 793 550 insusurrabis,
811 495 943 539 homo
962 510 1102 550 avare,
1132 496 1239 549 nisi,
1262 494 1350 549 fili,
1377 503 1451 537 aut

67 566 200 611 frater
214 602 225 622 ,
250 576 325 611 aut
347 576 469 626 pater
485 601 496 621 ,
524 568 690 610 bonum
709 575 773 611 est
794 566 919 610 nobis
935 600 946 620 ,
971 574 1022 609 ut
1039 581 1139 610 cum
1156 567 1225 609 hic
1240 566 1447 619 vivimus,

67 636 179 679 bene
214 638 268 680 sit
298 637 456 681 nobis?
481 639 704 690 Quantum
736 636 943 691 habebis,
970 644 1116 680 tantus
1149 636 1243 680 eris.
1281 639 1453 693 Frange

63 704 231 759 lunam,
254 717 293 749 et
304 706 374 750 fac
396 705 635 751 fortunam.
659 710 747 752 Ista
764 706 1005 751 susurrabis
1020 705 1218 765 proximo
1240 714 1334 759 tuo,
1355 721 1453 764 quae

64 790 154 819 non
184 775 371 820 didicisti
398 778 443 820 in
475 776 606 821 domo
629 777 869 837 disciplinae
889 813 900 832 ,
942 792 1022 821 nec
1045 776 1203 822 audisti
1224 777 1311 820 hic.
1342 773 1454 820 Nolo

63 844 122 888 sic
144 844 295 902 diligas
320 846 566 905 proximum
590 856 732 891 tuum.
759 849 796 891 Ο
823 847 857 891 si
879 862 1047 906 possem
1072 845 1238 900 facere,
1268 855 1318 889 ut
1342 843 1450 887 nulli

55 915 326 973 jungereris!
359 918 706 976 «Corrumpunt
741 918 856 962 enim
884 932 1024 962 mores
1062 917 1201 962 honos
1235 915 1453 974 colloquia

63 1001 83 1024 »
110 984 271 1028 mala1.
301 1004 320 1026 »
350 986 433 1030 Sed
455 1002 545 1031 non
576 1002 751 1046 possum
783 988 925 1032 facere
955 996 1004 1031 ut
1037 987 1201 1031 nemini
1230 985 1451 1046 jungaris,

60 1056 131 1097 cui
153 1056 265 1096 mala
298 1057 378 1097 ista
400 1072 499 1112 quse
532 1073 621 1096 non
643 1059 707 1096 vis
735 1058 955 1095 dediscere
976 1059 1217 1100 insusurres
1252 1076 1261 1100 :
1299 1065 1342 1099 et
1363 1069 1454 1097 non

59 1122 199 1165 solum
222 1121 332 1166 nolis
365 1122 568 1166 dedoceri
593 1157 603 1176 ,
645 1121 720 1165 sed
754 1121 932 1165 affectes
961 1122 1091 1165 etiam
1114 1121 1284 1165 docere.
1313 1123 1423 1167 Nolo
1440 1158 1451 1177 ‚

59 1192 146 1236 imo
182 1191 308 1246 volo,
349 1191 426 1235 sed
450 1207 540 1236 non
580 1206 755 1250 possum
777 1226 788 1236 .
830 1190 1076 1250 disjungere
1109 1201 1152 1235 te
1186 1192 1240 1234 ab
1274 1192 1453 1236 auribus

60 1261 259 1306 aliorum.
302 1260 420 1305 Alios
458 1261 718 1305 admoneam
746 1296 757 1316 ,
800 1262 855 1305 ad
892 1276 1081 1321 quorum
1120 1276 1243 1304 aures
1286 1262 1450 1317 ambis,

60 1346 248 1391 quorum
279 1346 401 1374 aures
436 1340 663 1389 penetrare
696 1329 858 1375 moliris
880 1366 890 1385 ,
923 1331 978 1375 ad
1009 1346 1197 1391 quorum
1221 1330 1352 1375 corda
1376 1347 1453 1390 per

61 1416 182 1445 aures
211 1401 373 1444 intrare
410 1399 616 1459 disponis.
657 1400 695 1444 Ο
730 1401 806 1459 qui
839 1401 994 1459 accipis
1019 1402 1203 1445 verbum
1225 1416 1378 1445 sanum
1405 1402 1450 1445 in

60 1471 193 1516 domo
222 1471 462 1530 disciplinae
490 1491 498 1514 :
529 1490 549 1513 «
577 1472 676 1530 Sepi
710 1486 833 1514 aures
855 1480 951 1514 tuas
973 1472 1120 1530 spinis.
1149 1473 1449 1530 Corrumpunt

61 1558 82 1581 »
110 1542 248 1585 bonos
271 1555 410 1584 mores
434 1539 652 1600 colloquia
673 1540 803 1584 mala.
832 1540 930 1598 Sepi
954 1555 1076 1584 aures
1100 1550 1196 1584 tuas
1217 1542 1347 1600 spinis
1364 1543 1395 1584 ².
1426 1559 1445 1581 »

63 1611 161 1669 Sepi
180 1646 190 1665 ‚
217 1620 260 1655 et
282 1611 415 1669 spinis
436 1611 555 1669 sepi,
587 1619 636 1654 ut
656 1610 730 1654 ille
761 1610 836 1669 qui
859 1611 1110 1669 importune
1131 1612 1292 1655 intrare
1322 1627 1449 1655 ausus

59 1682 217 1736 fuerit,
242 1697 333 1726 non
368 1684 506 1726 solum
542 1680 802 1740 repellatur,
834 1681 909 1725 sed
941 1682 1070 1725 etiam
1108 1691 1445 1740 compungatur.

60 1752 239 1811 Repelle
260 1752 386 1797 illum
403 1768 426 1796 a
443 1762 498 1797 te.
521 1753 598 1796 Dic
617 1788 627 1807 ,
654 1753 922 1796 Christianus
940 1768 982 1796 es
998 1788 1009 1807 ,
1034 1753 1305 1798 Christianus
1320 1769 1415 1797 sum
1435 1772 1443 1797 :

59 1838 150 1867 non
171 1824 255 1867 hoc
288 1823 532 1882 accepimus
562 1823 607 1866 in
635 1822 767 1867 domo
789 1822 1050 1882 disciplinae,
1078 1839 1164 1868 non
1185 1825 1268 1868 hoc
1291 1823 1449 1868 didici-

58 1908 154 1936 mus
189 1893 235 1936 in
268 1892 344 1938 illa
364 1892 512 1937 schola
534 1928 545 1947 ,
585 1907 718 1953 quam
755 1893 885 1951 gratis
922 1893 1211 1951 intravimus,
1243 1910 1333 1938 non
1366 1896 1448 1939 hoc

59 1962 290 2008 didicimus
316 1964 398 2007 sub
420 1963 496 2007 illo
524 1964 728 2022 magistro
744 1999 754 2019 ,
780 1965 902 2023 cujus
924 1964 1129 2008 cathedra
1163 1965 1209 2008 in
1231 1964 1343 2008 coelo
1366 1974 1443 2009 est.

59 2032 157 2077 Noli
178 2033 287 2077 mihi
310 2035 390 2078 ista
416 2033 586 2089 dicere,
612 2044 687 2079 aut
713 2034 804 2080 noli
833 2036 888 2080 ad
910 2050 980 2080 me
1002 2034 1221 2080 accedere.
1259 2038 1352 2080 Hoc
1384 2044 1448 2078 est

60 2103 173 2147 enim
202 2119 210 2144 :
242 2122 261 2145 «
289 2105 388 2162 Sepi
412 2119 535 2148 aures
554 2114 650 2149 tuas
672 2106 819 2164 spinis.
848 2123 869 2147 »

117 2175 173 2216 X.
200 2175 461 2217 Convertam
478 2188 547 2216 me
565 2173 620 2217 ad
638 2173 777 2218 illum.
802 2178 969 2220 Avarus
985 2192 1045 2231 es,
1062 2177 1292 2235 pecuniam
1311 2191 1443 2220 amas:

59 2243 212 2286 beatus
234 2257 323 2286 esse
344 2243 438 2286 vis?
466 2246 606 2286 Deum
639 2252 765 2287 tuum
801 2260 911 2289 ama.
938 2248 1128 2291 Pecunia
1150 2256 1193 2292 te
1222 2261 1311 2290 non
1344 2245 1448 2290 facit

59 2312 237 2356 beatum
262 2331 271 2356 ε
296 2321 346 2356 tu
372 2327 466 2356 eam
489 2311 592 2357 facis
617 2323 813 2358 ornatam
831 2349 842 2368 ,
867 2330 956 2359 non
980 2315 1052 2361 illa
1075 2326 1118 2360 te
1136 2317 1330 2361 beatum.
1361 2315 1444 2360 Sed

60 2384 160 2442 quia
191 2382 381 2426 multum
410 2398 526 2427 amas
559 2385 788 2443 pecuniam
806 2420 816 2439 ‚
843 2395 886 2429 et
914 2386 1042 2430 video
1065 2386 1167 2446 quia
1189 2387 1328 2445 pergis
1357 2401 1446 2445 quo

56 2453 229 2511 jusserit
246 2451 457 2511 cupiditas
478 2473 486 2496 :
511 2454 632 2511 piger
647 2469 775 2513 perge
788 2471 877 2514 quo
888 2456 1015 2514 jubet
1027 2457 1211 2500 charitas
1232 2475 1240 2501 :
1262 2458 1440 2514 respice,

109 2543 117 2557 ¹
140 2547 149 2567 1
174 2538 242 2567 Corv
266 2548 320 2577 xv,
341 2536 443 2567 23-
463 2543 473 2558 ²
493 2537 576 2568 Fccli
611 2548 719 2569 ΧυίιῐΔ
741 2539 793 2570 23.
