1729 3143
225 178 310 218 514
633 192 668 217 s.
703 186 933 217 Aucus‘nm
966 190 1146 216 muscom

221 271 242 296 »
267 262 344 299 est.
369 251 612 299 Custoditio
631 261 778 297 autern
791 251 956 312 legum,
975 253 1247 298 confirmatio
1263 254 1599 314 incorruptionis

220 341 242 365 »
266 332 330 368 est
349 337 360 363 ι
383 322 652 381 incorruptio
675 331 822 367 autem
842 322 948 367 facit
968 323 1214 382 proximum
1232 326 1337 368 Deo.
1357 325 1600 384 Concupis-

220 411 240 434 »
262 392 404 436 centia
416 391 564 452 itaque
580 392 801 452 sapientiae
816 392 994 437 deducit
1009 392 1064 437 ad
1077 396 1295 453 regnum1.
1307 414 1325 436 »
1345 397 1492 439 Ita-ne
1504 403 1602 439 tan-

218 462 317 506 dem
339 460 484 507 adhuc
505 461 735 509 adversum
756 465 836 509 ista
856 464 1069 509 latrabitis
1097 466 1115 509 Ρ
1144 467 1299 511 Nonne
1322 466 1381 509 ita
1400 466 1540 525 posita
1559 474 1603 510 et

217 531 412 577 nondum
443 532 683 590 intellecta,
721 536 856 581 cuivis
885 535 1132 595 significant
1160 535 1298 580 altum
1325 552 1369 581 se
1390 536 1602 596 quiddam

214 611 257 645 et
277 601 499 647 ineffabile
519 604 779 650 continere?
800 607 838 649 Ο
857 606 1026 650 utinam
1044 607 1223 666 possetis
1244 605 1485 664 intelligere
1501 621 1602 666 quae

212 671 326 716 dicta
351 675 482 717 sunt?
503 673 745 719 Confestim
772 675 1012 736 abjiceretis
1037 691 1186 721 omnes
1215 676 1399 736 ineptias
1418 674 1602 721 fabella-

212 758 308 786 rum
325 777 338 796 ,
361 751 406 785 et
426 746 675 790 vanissimas
691 746 1022 805 imaginationes
1035 762 1284 806 corporum,
1308 756 1512 807 totosque
1526 760 1602 791 vos

211 827 368 870 magna
389 810 609 856 alacritate
624 846 635 867 ,
663 815 831 856 sincero
853 832 1023 868 amore,
1047 818 1290 861 firmissima
1322 816 1409 862 fide
1427 851 1438 873 ,
1473 832 1601 862 sanc-

210 882 373 927 tissimo
394 881 600 927 Ecclesiae
621 881 846 927 catholicae
868 883 1034 942 gremio
1056 883 1318 928 conderetis.

266 954 479 997 XXXIII.
516 956 717 997 Poteram
738 967 818 1012 pro
840 967 936 997 mea
958 952 1257 999 mediocritate
1278 953 1494 1000 discutere
1515 955 1604 1000 sin-

211 1022 338 1081 gula,
361 1033 404 1068 et
425 1038 575 1067 eruere
605 1038 654 1067 ac
683 1021 981 1068 demonstrare
1008 1039 1108 1084 quae
1137 1025 1306 1084 accepi,
1339 1025 1385 1069 in
1413 1040 1603 1085 quorum

211 1092 463 1137 excellentia
484 1102 527 1138 et
547 1092 781 1138 altitudine
807 1094 1069 1155 plerumque
1095 1095 1229 1140 verba
1260 1094 1471 1140 deficiunt
1494 1115 1502 1141 :
1527 1095 1604 1140 sed

195 1162 405 1222 ¹quandiu
434 1163 626 1220 latratis,
659 1179 750 1208 non
772 1174 836 1209 est
861 1164 1129 1210 faciendum.
1167 1168 1265 1211 Non
1296 1167 1414 1210 enim
1444 1165 1602 1210 frustra

207 1232 373 1277 dictum
395 1242 458 1278 est
484 1252 492 1278 ε
535 1232 715 1280 «Nolite
749 1243 949 1279 sanctum
977 1234 1081 1279 dare
1103 1236 1284 1280 canibus
1298 1239 1331 1280 ².
1352 1254 1372 1278 »
1408 1238 1472 1282 Ne
1501 1250 1602 1280 suc·-

208 1305 431 1349 censeatis.
461 1307 617 1363 Et'ego
639 1305 790 1350 latravi
814 1315 857 1350 et
874 1306 992 1351 canis
1008 1305 1094 1362 fui,
1121 1306 1300 1367 quando
1320 1321 1492 1351 mecum
1501 1308 1602 1367 jure

210 1391 301 1421 non
327 1376 515 1421 docendi
545 1377 673 1432 cibo,
709 1378 785 1422 sed
816 1377 1046 1422 refellendi
1078 1377 1266 1423 fustibus
1294 1380 1521 1438 agebatur.
1558 1378 1602 1423 Si

211 1456 358 1491 autem
385 1448 431 1491 in
453 1448 576 1492 vobis
605 1457 715 1492 esset
748 1449 934 1493 charitas
951 1483 963 1504 ,
1000 1448 1055 1493 de
1090 1465 1177 1510 qua
1199 1465 1317 1495 nunc
1339 1451 1500 1508 agitur,
1533 1448 1602 1494 vel

212 1518 342 1562 etiarn
363 1519 398 1562 si
417 1517 548 1562 fuerit
571 1518 824 1579 aliquando,
850 1528 1058 1579 quantam
1082 1521 1393 1578 cognoscendae
1410 1520 1603 1565 veritatis

213 1588 472 1648 magnitudo
489 1589 726 1646 desiderat,
745 1590 884 1635 aderit
900 1594 1011 1635 Deus
1024 1592 1100 1651 qui
1111 1591 1311 1637 ostendat
1322 1592 1445 1636 vobis
1459 1607 1603 1652 neque

215 1659 333 1719 apud
352 1660 616 1705 Manichaeos
650 1676 739 1706 esse
767 1662 1047 1706 christianam
1069 1662 1202 1706 fidem
1218 1698 1229 1718 ,
1268 1678 1367 1723 quae
1405 1662 1460 1709 ad
1481 1677 1603 1707 sum-

214 1746 335 1774 mum
358 1732 525 1790 apicem
545 1732 767 1790 sapientiae
785 1733 1065 1793 veritatisque
1084 1734 1299 1792 perducit,
1316 1750 1403 1793 qua
1417 1732 1599 1793 perfrui,

215 1800 323 1844 nihil
345 1810 408 1844 est
430 1800 549 1845 aliud
568 1801 650 1845 nisi
671 1802 796 1846 beate
822 1803 966 1846 vivere
981 1838 992 1858 ,
1017 1818 1161 1863 neque
1184 1819 1273 1848 esse
1294 1805 1487 1863 uspiam,
1521 1803 1602 1847 nisi

215 1871 262 1914 in
282 1871 494 1915 catholica
516 1871 755 1931 disciplina.
783 1873 899 1925 Quid
921 1872 1037 1916 enim
1057 1871 1176 1917 aliud
1192 1874 1365 1918 videtur
1382 1873 1603 1933 apostolus

220 1941 379 1985 Paulus
400 1951 572 2001 optare,
598 1957 699 1986 cum
717 1941 821 1987 dicit
842 1962 850 1986 z
880 1944 1056 2003 «Hujus
1078 1944 1139 1986 rei
1158 1945 1293 2003 gratia
1313 1944 1443 1989 flecto
1461 1959 1604 2003 genua

220 2031 240 2052 »
266 2027 361 2056 mea
380 2013 436 2057 ad
454 2016 624 2057 Patrem
646 2013 818 2057 Domini
832 2013 968 2058 nostri
985 2016 1088 2058 Jesu
1108 2015 1290 2070 Christi,
1312 2031 1337 2060 a
1357 2030 1446 2075 quo
1464 2014 1604 2059 omnis

221 2101 241 2125 »
268 2085 502 2143 paternitas
523 2085 570 2129 in
588 2083 710 2129 coelis
733 2093 774 2128 et
797 2085 843 2129 in
871 2093 984 2130 terra
1011 2085 1284 2142 nominatur,
1310 2094 1361 2130 ut
1389 2086 1464 2130 det
1483 2085 1604 2130 vobis

221 2174 242 2197 »
266 2157 507 2201 secundum
527 2156 693 2201 divitias
709 2156 855 2215 gloriae
876 2172 965 2202 suae
980 2148 1311 2214 fortitudinem,
1333 2158 1603 2203 corroborari

222 2244 243 2268 >›
269 2228 344 2286 per
368 2227 576 2287 Spiritum
607 2227 652 2270 in
684 2228 877 2272 interiori
912 2229 1116 2284 homine,
1155 2229 1350 2273 habitare
1382 2229 1602 2274 Christum

225 2316 243 2338 »
269 2312 346 2356 per
367 2296 499 2341 fidem
520 2298 566 2341 in
587 2296 792 2342 cordibus
808 2298 957 2343 vestris
980 2317 989 2344 :
1010 2308 1059 2342 ut
1081 2299 1125 2342 in
1142 2299 1349 2344 charitate
1367 2298 1545 2343 radicati
1561 2306 1604 2342 et

227 2388 243 2408 »
269 2367 469 2422 fundati,
496 2368 661 2427 possitis
680 2369 1049 2428 comprehendere
1070 2385 1170 2414 cum
1191 2369 1396 2414 omnibus
1422 2368 1599 2423 sanctis,

229 2457 244 2476 »
271 2452 369 2495 quae
384 2437 436 2480 sit
448 2435 648 2492 altitudo,
664 2446 707 2481 et
719 2437 965 2497 longitudo,
980 2448 1018 2483 et
1037 2438 1238 2494 latitudo,
1250 2448 1294 2484 et
1308 2438 1597 2499 profundum:

271 2525 278 2541 ¹
301 2520 372 2560 Sap.
394 2520 574 2558 vi,13·21.
592 2534 632 2542 --
653 2528 664 2542 ²
684 2522 795 2554 matth.
818 2533 872 2564 vu,
889 2523 921 2554 6.
