1729 3143
311 196 395 226 ΜΒ.
429 198 460 226 1.
495 198 550 227 DE
580 198 767 228 Mommxs
798 199 1000 229 zcctnsm
1028 197 1284 230 cATnoLmAE.
1409 191 1494 233 497

116 262 151 306 si
163 261 384 308 hominem
400 279 556 324 corpus
566 280 785 310 vocemus.
798 268 867 310 An
883 280 985 311 vero
999 266 1034 311 si
1050 266 1157 311 mihi
1171 267 1319 327 auriga
1330 267 1495 313 obtem-

115 347 284 391 perans,
320 350 454 395 equos
479 336 640 396 quibus
662 344 816 396 praeest
832 335 908 380 alit
925 352 973 381 ac
990 337 1101 397 regit
1120 337 1463 383 commodissime
1479 374 1491 394 ,

114 412 245 463 atque
265 405 356 464 ipse
372 421 460 465 quo
482 406 589 450 mihi
610 415 674 450 est
693 405 982 462 obedientior,
1007 423 1103 452 mea
1119 408 1378 453 liberalitate
1391 425 1493 469 per-

112 471 273 518 fruitur
288 510 299 531 ,
325 491 483 534 negare
504 477 733 537 quisquam
756 485 899 535 potest
921 493 1010 521 non
1027 478 1167 523 solum
1188 479 1309 540 quod
1326 480 1491 540 auriga,

112 545 396 589 verumetiam
419 545 538 605 quod
561 545 662 606 equi
678 560 767 590 sese
789 545 951 604 optime
967 548 1133 592 habent
1148 583 1159 604 ,
1184 549 1290 593 mihi
1323 549 1498 594 deberi?

113 616 267 674 Itaque
278 616 367 660 sive
381 625 552 660 tantum
568 632 740 676 corpus,
758 617 847 661 sive
858 625 1031 661 tantum
1050 620 1209 675 anima,
1226 621 1314 665 sive
1327 630 1499 665 utrum-

112 700 198 744 que
218 686 352 730 homo
373 688 449 742 sit,
473 703 563 732 non
584 687 691 731 mihi
709 687 893 732 maxime
906 689 1194 748 quaerendum
1207 691 1397 747 videtur,
1412 693 1497 737 nisi

112 755 220 815 quid
241 757 429 801 animam
451 757 582 803 faciat
598 759 808 817 optimam
827 777 835 803 :
857 773 958 803 nam
981 774 1033 804 eo
1049 770 1255 820 percepto
1269 796 1280 816 ,
1306 777 1396 806 non
1417 778 1498 822 po-

111 835 220 871 teste
246 828 380 872 homo
407 844 497 873 non
520 839 595 874 aut
622 829 807 888 optime,
831 838 908 872 aut
929 838 1045 873 certe
1066 830 1207 876 multo
1234 831 1388 878 melius
1409 849 1499 879 sese

111 897 294 952 habere,
325 912 459 956 quam
481 899 516 940 si
532 900 616 941 hoc
634 911 773 940 unum
793 895 1015 942 defuisset.

107 949 215 1012 -l‘lff
211 970 268 1013 X.
303 969 440 1013 Nemo
458 976 605 1012 autem
627 967 892 1012 dubitaverit
906 1003 917 1024 ,
942 969 1052 1029 quin
1072 968 1210 1015 virtus
1228 971 1415 1016 animam
1432 972 1499 1018 fa-

111 1037 197 1081 ciat
228 1037 453 1097 optimam.
493 1037 578 1083 Sed
612 1038 846 1082 rectissime
877 1039 1015 1098 quaeri
1045 1049 1215 1098 potest,
1247 1049 1395 1086 utrum
1420 1045 1499 1088 ista

112 1109 248 1153 virtus
280 1109 410 1153 etiam
442 1124 519 1168 per
549 1124 666 1165 sese,
692 1125 747 1154 an
768 1110 850 1154 nisi
882 1110 928 1154 in
957 1111 1100 1156 anima
1123 1127 1213 1157 esse
1235 1127 1326 1158 non
1347 1116 1495 1174 possit.

111 1179 321 1223 Oboritur
339 1179 497 1223 iterum
518 1178 721 1224 altissima
743 1189 786 1224 et
807 1179 1047 1239 longissimi
1068 1184 1277 1229 sermonis
1299 1185 1500 1246 indigens

112 1250 295 1309 quaestio
318 1268 326 1293 ε
352 1248 428 1293 sed
457 1250 539 1293 hoc
572 1250 684 1293 bene
712 1258 810 1293 utar
844 1248 1023 1295 fortasse
1053 1253 1314 1312 compendio
1339 1274 1348 1301 ε
1374 1272 1499 1315 spero

112 1323 251 1364 Deum
269 1318 527 1374 affuturum,
548 1328 612 1374 ut,
633 1327 849 1378 quantum
865 1319 1137 1366 imbecillitas
1155 1332 1300 1368 nostra
1317 1326 1496 1384 patitur,

112 1390 167 1435 de
198 1391 327 1435 tantis
355 1390 482 1434 rebus
514 1405 604 1434 non
638 1389 770 1434 modo
801 1389 1022 1446 dilucide,
1058 1392 1134 1437 sed
1162 1394 1291 1439 etiam
1311 1395 1500 1442 breviter

112 1461 359 1507 doceamus.
380 1460 622 1515 Quodlibet
642 1461 758 1505 enim
782 1476 933 1506 eorum
950 1462 1005 1506 sit
1018 1497 1029 1518 ,
1057 1463 1145 1508 sive
1163 1465 1294 1510 etiam
1316 1481 1393 1526 per
1410 1484 1501 1513 sese

112 1547 201 1577 esse
222 1533 355 1592 possit
375 1532 511 1577 virtus
537 1532 629 1575 sine
652 1531 817 1586 anima,
852 1532 940 1577 sive
972 1533 1053 1577 nisi
1077 1534 1232 1578 animae
1253 1536 1389 1582 inesse
1410 1554 1500 1584 non

112 1603 246 1662 possit
261 1637 273 1657 ‚
297 1602 450 1662 procul
472 1601 608 1645 dubio
631 1601 796 1661 aliquid
826 1602 969 1646 anima
999 1604 1194 1663 sequitur
1221 1615 1271 1650 ut
1291 1607 1498 1653 virtutem

112 1682 363 1733 assequatur
389 1691 397 1717 ε
422 1672 468 1716 id
483 1672 565 1716 erit
582 1680 657 1715 aut
673 1672 765 1731 ipsa
782 1672 940 1728 anima,
965 1682 1042 1718 aut
1062 1674 1214 1731 virtus,
1240 1686 1316 1722 aut
1332 1679 1498 1739 aliquid

112 1744 304 1788 tertium.
331 1746 388 1787 At
409 1743 443 1787 si
462 1758 506 1786 se
527 1743 662 1802 ipsam
685 1743 882 1803 sequitur
902 1752 952 1788 ut
973 1745 1180 1790 virtutem
1209 1748 1493 1808 adipiscatur,

111 1814 296 1859 stultum
307 1814 451 1858 nescio
462 1813 570 1873 quid
586 1814 782 1874 sequitur
798 1833 809 1859 ι
829 1813 960 1859 stulta
974 1824 1038 1860 est
1051 1816 1168 1861 enim
1178 1826 1278 1862 ante
1293 1818 1497 1880 adeptam

111 1886 333 1930 virtutem.
373 1887 551 1930 Summa
587 1893 689 1928 sunt
721 1893 866 1928 autem
898 1894 1000 1930 vota
1036 1888 1334 1946 sequentium,
1371 1899 1422 1935 ut
1453 1891 1501 1935 id

111 1955 233 2016 quod
254 1956 438 2016 quisque
462 1956 658 2015 sequitur
680 1963 948 2014 assequatur.
975 1958 1064 2000 Aut
1083 1957 1216 2016 igitur
1231 1960 1399 2018 optabit
1411 1976 1500 2006 non

112 2027 280 2087 assequi
302 2025 423 2087 quod
444 2026 640 2085 sequitur
657 2026 799 2070 anima
812 2061 822 2081 ,
848 2041 936 2086 quo
955 2026 1066 2070 nihil
1087 2027 1317 2074 absurdius
1338 2040 1380 2076 et
1404 2047 1500 2092 per-

111 2098 277 2142 versius
299 2096 383 2141 dici
404 2105 567 2155 potest,
593 2105 669 2140 aut
690 2111 791 2140 cum
819 2112 863 2140 se
888 2097 1085 2156 sequitur
1112 2099 1244 2144 stulta
1259 2134 1271 2157 ,
1301 2102 1500 2148 eamdem

112 2167 339 2221 stultitiam
361 2181 493 2226 quam
514 2167 623 2211 vitat
640 2167 895 2226 assequitur.
916 2169 956 2212 Si
972 2177 1118 2213 autem
1132 2171 1341 2224 virtutem
1355 2174 1499 2233 sequi-

114 2246 201 2293 tur,
227 2239 340 2282 hanc
357 2236 527 2292 assequi
544 2237 738 2295 cupienS,
759 2236 983 2296 quomodo
999 2240 1195 2299 sequitur
1210 2241 1257 2286 id
1273 2243 1394 2303 quod
1410 2259 1500 2290 non

114 2318 202 2362 est,
229 2317 303 2353 aut
325 2307 546 2369 quomodo
578 2308 746 2366 assequi
774 2308 895 2367 cupit
922 2310 1040 2368 quod
1073 2310 1235 2356 habet?
1257 2316 1346 2358 Aut
1366 2314 1498 2374 igitur

113 2380 250 2424 virtus
273 2388 337 2423 est
358 2388 514 2438 praeter
533 2378 743 2435 animam,
767 2388 842 2422 aut
863 2379 896 2423 si
920 2395 1008 2424 non
1031 2381 1172 2440 placet
1194 2397 1346 2429 vocare
1364 2386 1499 2431 virtu-

114 2459 203 2495 tem
219 2450 299 2494 nisi
320 2450 519 2494 habitum
540 2450 682 2508 ipsum
706 2460 748 2494 et
768 2450 891 2509 quasi
914 2452 1120 2510 sapientis
1138 2455 1293 2499 animae
1315 2457 1499 2516 qualita-

114 2529 202 2565 tem
218 2555 230 2578 ,
254 2536 353 2581 quae
374 2520 455 2565 nisi
476 2520 521 2565 in
543 2519 686 2565 anima
711 2535 800 2566 esse
831 2535 920 2566 non
952 2531 1094 2581 potest
1111 2557 1123 2578 ,
1153 2534 1325 2585 oportet
1347 2536 1396 2572 ut
1417 2528 1500 2573 ali-

277 2602 465 2633 cxxxlv.
1292 2597 1344 2637 32
