1729 3143
1684 0 1699 156 f

261 222 345 261 262
692 233 726 259 s.
761 229 993 259 Aueusrnu
1024 230 1206 260 1:1›1300121
1687 159 1691 233 ι·

257 297 476 356 gentium,
500 296 597 339 ideo
619 296 759 354 perire
780 296 924 354 potuit
945 294 1067 339 radix
1091 296 1436 342 Patriarcharum
1463 308 1508 344 et,
1529 302 1640 344 Pro·
1687 256 1695 340 i
1719 315 1722 340 s

257 369 502 426 phetarum.
534 383 551 403 «
578 366 689 416 Quia
712 365 790 408 etsi
813 364 968 419 fuerit,
996 365 1141 425 inquit
1172 369 1329 421 Isa‘ias,
1359 382 1565 414 numerus
1587 369 1642 413 fi-
1688 355 1692 400 ἶ

263 456 282 478 »
307 437 463 479 liorum
478 435 609 476 Israel
631 433 745 477 sicut
763 449 891 478 arena
907 435 1036 478 maris
1053 470 1064 489 ‚
1089 435 1285 494 reliquiae
1308 435 1435 480 salvae
1450 437 1641 484 fient12»
1689 456 1692 493 μ

257 505 331 550 sed
353 519 430 563 per
452 518 553 546 eum
575 503 631 546 de
651 519 741 563 quo
764 503 923 548 dicitur
946 524 954 549 ε
991 523 1011 546 «
1029 507 1085 549 Et
1117 520 1246 564 super
1266 505 1407 549 filium
1428 507 1615 553 hominis
1630 544 1641 564 ‚
1690 496 1692 549 i
1717 360 1722 591 ἱ

255 594 277 618 »
303 589 435 635 quem
468 574 734 618 confirmasti
766 574 848 618 tibi
876 593 884 619 :
908 593 928 616 »
959 584 1001 619 et
1024 575 1079 618 de
1105 591 1195 635 quo
1224 577 1465 635 repetitur:
1503 595 1523 619 α
1546 578 1645 624 Fiat
1690 559 1693 621 Ῑ
1719 618 1721 625 .

255 665 273 686 »
300 659 454 688 manus
488 653 565 688 tua
599 659 729 703 super
760 644 901 688 virum
929 644 1118 688 dexterae
1145 654 1234 689 tuae
1250 680 1261 701 ,
1287 654 1330 690 et
1351 661 1482 705 super
1503 647 1646 691 filium
1691 634 1693 655 ³
1719 679 1721 690 ,

252 732 273 756 »
299 713 646 773 hominis‚quem
660 713 922 758 confirmasti
937 714 1060 758 tibi2.
1077 715 1540 760 Etnondiscedimusa
1553 725 1640 760 te.»
1691 660 1695 763 Ι

250 787 333 828 Per
360 785 480 828 hunc
501 783 642 827 filium
667 784 857 827 hominis
874 819 885 838 ‚
910 783 956 827 id
978 793 1057 839 est,
1083 785 1304 830 Christum
1323 786 1473 828 Jesum
1489 820 1500 839 ‚
1525 794 1569 829 et
1590 785 1646 829 de
1691 773 1696 842 ξ
1718 826 1721 833 .

251 853 338 898 suis
360 853 553 912 reliquiis
571 888 582 908 ‚
607 854 692 897 hoc
714 862 799 908 est,
825 853 1066 912 Apostolis‚
1092 864 1136 898 et
1167 854 1259 898 aliis
1280 853 1428 898 multis
1443 889 1454 909 ,
1487 855 1564 914 qui
1595 869 1646 898 ex
1717 870 1721 900 ε

252 923 456 967 Israelitis
477 923 523 966 in
550 923 774 967 Christum
796 925 937 966 Deum
957 922 1242 966 crediderunt
1258 956 1270 975 ‚
1295 922 1529 966 accedente
1549 923 1647 982 ple·
1693 922 1695 938 ¹

249 991 452 1036 nitudine
481 993 701 1050 gentium,
734 991 860 1034 vinea
888 1000 1036 1034 sancta
1063 990 1288 1049 perficitur
1319 1009 1328 1034 ε
1364 999 1407 1034 et
1433 991 1480 1034 in
1501 1006 1647 1036 remo-

250 1064 370 1107 tione
398 1071 597 1106 veterum
615 1096 625 1115 ,
661 1070 794 1120 atque
817 1061 1093 1105 institutione
1112 1076 1328 1105 novorum
1351 1072 1647 1107 sacramento-

249 1146 349 1175 rum
363 1130 517 1174 titulus
530 1131 624 1187 ers
640 1130 799 1172 Psalmi
816 1146 825 1172 :
851 1148 872 1171 «
893 1134 977 1174 Pro
995 1131 1062 1174 his
1079 1146 1177 1190 quae
1198 1132 1608 1188 commutabuntur,
1621 1150 1642 1173 »

249 1200 476 1260 impletur.

311 1271 435 1312 VIII.
472 1266 760 1326 Apertoribus
781 1266 929 1326 itaque
951 1269 1207 1314 testimoniis
1225 1284 1326 1313 cum
1343 1270 1402 1311 eis
1425 1269 1647 1327 agendum

249 1347 341 1393 est,
368 1353 468 1396 quae
494 1337 583 1380 sive
614 1337 911 1390 consentiant,
936 1336 1025 1380 sive
1057 1336 1333 1391 dissentiant,
1364 1346 1511 1382 tamen
1544 1354 1647 1383 sen—

252 1410 379 1452 tiant.
409 1423 430 1448 «
450 1409 565 1450 Ecce
588 1405 680 1449 dies
698 1406 900 1461 veniunt,
922 1405 1028 1449 dicit
1050 1407 1260 1450 Dominus
1277 1442 1288 1461 ‚
1314 1416 1358 1451 et
1378 1409 1649 1454 confirmabo

254 1497 275 1521 »
301 1492 433 1537 super
455 1475 635 1520 domum
661 1477 799 1520 Jacob
822 1484 1131 1520 testamentum
1155 1492 1341 1532 novum,
1373 1493 1464 1522 non
1493 1494 1648 1524 secun-

253 1566 274 1589 »
300 1547 408 1591 dum
438 1554 751 1590 testamentum
777 1544 898 1604 quod
933 1546 1140 1589 constitui
1170 1547 1368 1605 patribus
1397 1562 1548 1592 eorum
1565 1583 1576 1604 ‚
1601 1549 1647 1593 in

253 1637 273 1660 »
301 1619 371 1662 die
393 1633 480 1677 qua
502 1616 776 1676 apprehendi
794 1631 976 1660 manum
997 1632 1167 1672 eorum,
1185 1626 1235 1660 ut
1257 1617 1488 1662 educerem
1506 1633 1579 1664 eos
1592 1620 1648 1663 de

254 1708 274 1731 »
301 1698 415 1733 terra
436 1688 660 1747 AEgyptiss.
683 1705 702 1727 »
734 1690 821 1730 Ista
843 1695 960 1730 certe
985 1688 1193 1746 praedicta
1216 1689 1425 1744 mutatio,
1459 1704 1550 1733 non
1571 1705 1648 1750 per

251 1758 525 1803 psalmorum
547 1756 696 1801 titulos
716 1756 1061 1814 intelligentibus
1081 1758 1230 1816 paucis
1252 1759 1546 1815 significatur,
1572 1759 1648 1803 sed

253 1828 485 1874 manifesto
507 1828 727 1887 praeconio
751 1827 1018 1886 propheticae
1051 1828 1169 1870 vocis
1191 1828 1460 1886 exprimitur.
1487 1832 1648 1888 Aperte

252 1900 512 1961 promissum
556 1907 618 1942 est
660 1900 987 1941 Testamentum
1025 1899 1196 1942 Novum
1218 1931 1229 1952 7
1273 1913 1364 1941 non
1405 1898 1648 1943 secundum

256 1974 583 2015 Testamentum
623 1968 744 2029 quod
778 1968 946 2012 factum
989 1977 1052 2012 est
1090 1969 1145 2012 ad
1181 1968 1395 2028 populum
1417 2004 1428 2024 ,
1468 1970 1647 2029 quando

255 2040 440 2085 eductus
462 2049 526 2084 est
543 2048 586 2083 et
604 2038 659 2083 de
680 2041 888 2097 AEgypto.
922 2040 1034 2083 Cum
1068 2053 1169 2095 ergo
1199 2038 1244 2081 in
1279 2038 1354 2082 illo
1380 2040 1524 2083 Veteri
1543 2043 1647 2085 Tes-

254 2119 450 2155 tamento
486 2118 703 2170 praecepta
739 2109 823 2152 sint
862 2109 967 2161 ista,
1013 2123 1113 2167 quae
1148 2123 1227 2152 nos
1260 2108 1315 2152 ad
1350 2124 1515 2153 novum
1546 2125 1643 2168 per-

256 2181 444 2225 tinentes
472 2180 701 2224 observare
733 2194 822 2223 non
852 2178 1071 2236 cogimur,
1116 2192 1195 2221 cur
1223 2193 1314 2222 non
1335 2177 1477 2222 Judaei
1500 2195 1545 2223 se
1566 2195 1647 2239 po-

256 2252 342 2295 tius
374 2252 420 2294 in
456 2258 671 2294 vetustate
710 2263 1028 2308 supervacanea
1068 2248 1318 2292 remansisse
1345 2259 1644 2307 cognoscunt,

257 2336 389 2380 quam
432 2320 559 2365 nobis
604 2335 715 2364 nova
754 2319 964 2378 promissa
1001 2318 1280 2375 tenentibu83
1331 2319 1453 2377 quod
1500 2329 1646 2364 vetera

260 2405 350 2433 non
377 2391 675 2444 observemus,
706 2389 949 2448 objiciunt?
970 2388 1186 2441 Quoniam
1214 2402 1318 2446 ergo
1334 2422 1345 2442 ‚
1378 2389 1489 2432 sicut
1510 2390 1646 2448 scrip-

262 2469 358 2502 tum
391 2469 454 2503 est
485 2461 531 2502 in
564 2460 745 2504 Cantico
781 2459 1050 2502 canticorum
1083 2476 1091 2501 :
1132 2475 1151 2498 «
1171 2458 1389 2516 Aspiravit
1423 2457 1539 2514 dies,
1577 2474 1645 2502 re-

314 2549 322 2563 ¹
344 2542 414 2572 lsai.
430 2552 462 2581 x,
483 2551 535 2572 22.
558 2559 598 2564 -
619 2549 630 2563 ²
650 2542 733 2573 Psal.
755 2552 863 2581 Lxxxx,
888 2542 925 2573 16
943 2546 975 2572 et
997 2539 1123 2573 18.—3
1141 2542 1260 2573 Jerem.
1282 2552 1373 2582 xxm,
1394 2541 1431 2573 31
1453 2546 1486 2573 et
1503 2542 1556 2573 32.
