1729 3143
0 0 8 205 Ι
530 196 584 223 DE
618 197 736 225 omns
768 197 950 226 Excimo.
1353 190 1436 229 205

56 262 80 289 a
102 246 215 290 mala
235 248 509 305 cogitatione,
534 249 729 308 linguam
747 265 770 294 a
787 251 1018 296 maledicto
1036 269 1046 296 ι
1070 251 1268 296 servabat
1283 252 1438 296 animae

54 316 347 375 integritatem
368 319 413 362 in
436 319 667 378 putredine
689 321 894 378 corporis.
921 320 1110 365 Videbat
1129 321 1235 381 quid
1250 321 1297 365 in
1313 321 1438 366 futu-

53 401 151 430 rum
186 388 425 433 evadebat:
465 388 564 433 ideo
600 389 722 449 quod
757 390 1021 449 patiebatur,
1055 391 1239 437 ferebat.
1266 392 1349 447 Sic,
1380 393 1439 437 sic

0 457 2 523 ᾗ
53 458 353 518 unusquisque
403 458 668 503 Christianus
710 460 888 519 quando
935 461 1125 520 aliquam
1162 462 1440 507 afflictionem

0 527 1 567 i
52 529 243 586 corporis
258 529 437 587 patitur,
459 529 676 588 gehennas
694 532 870 589 cogitet,
892 540 935 576 et
950 531 1096 577 videat
1113 549 1246 593 quam
1267 533 1361 579 leve
1377 542 1440 578 est

0 592 1 595 ’
51 596 171 655 quod
187 599 364 655 patitur.
381 601 479 643 Non
498 610 742 645 murmuret
763 601 991 648 adversum
1009 606 1164 659 Deum,
1183 619 1273 649 non
1295 604 1411 649 dicat
1428 623 1437 649 ε

50 669 180 722 Deus,
221 667 328 726 quid
358 668 435 712 tibi
461 669 561 725 feci,
594 687 728 731 quare
759 673 839 717 ista
861 674 1028 733 patior?
1058 677 1153 719 Imo
1175 674 1292 719 dicat
1320 676 1441 735 quod

40 735 158 780 -dixit
173 737 263 795 ipse
277 738 362 782 Job
379 741 575 798 quamvis
587 751 762 787 sanctus
778 761 786 787 :
805 744 1071 804 «Exquisisti
1094 746 1238 790 omnia
1263 753 1440 805 peccata

53 823 73 847 »
108 821 231 862 mea,
278 817 321 852 et
346 824 395 853 ea
423 818 635 871 tanquam
665 812 713 857 in
740 813 913 859 sacculo
946 815 1168 874 signasti1.
1208 834 1228 857 »
1269 818 1367 861 Non
1395 830 1440 859 se

49 890 177 919 ausus
199 885 262 919 est
284 877 428 924 dicere
450 881 540 925 sine
557 892 761 940 peccato,
786 885 864 944 qui
885 885 1150 944 patiebatur,
1183 899 1274 929 non
1292 894 1342 929 ut
1357 899 1441 943 pu-

49 945 231 997 nix-etur,
270 948 346 986 scd
367 959 417 986 ut
437 952 712 1002 probat-omn
735 957 828 986 Πομ
857 955 973 989 dinm*
1003 956 1306 1003 unnsqujsque
1339 968 1439 998 cum

49 1021 229 1072 patltur.

108 1087 166 1128 VJ
199 1087 398 1128 Fuerunt
421 1086 573 1128 Romae
591 1085 906 1144 quinquaginta
933 1085 1056 1144 justi,
1093 1084 1182 1129 imo
1204 1086 1238 1129 si
1259 1088 1440 1134 modum

48 1155 292 1198 humanum
309 1153 569 1210 consideres,
590 1154 723 1198 millia
735 1155 955 1213 justorum
972 1173 981 1198 :
1001 1155 1035 1197 si
1054 1154 1248 1213 regulam
1266 1157 1439 1215 perfec-

48 1226 194 1280 tionis,
225 1239 354 1269 nemo
379 1225 597 1285 justorum
627 1225 784 1269 existit.
817 1225 1090 1284 Quicumque
1124 1227 1277 1268 Romae
1299 1228 1439 1285 quise

49 1295 206 1340 audeat
223 1296 391 1354 justum
414 1295 573 1350 dicere,
600 1311 622 1339 a
644 1310 714 1339 me
735 1310 825 1339 non
847 1294 969 1339 audit
989 1313 997 1339 ε
1019 1313 1037 1336 α
1058 1294 1284 1353 Numquid
1306 1305 1354 1340 tu
1372 1312 1439 1342 sa-

52 1384 74 1407 »
108 1365 294 1425 pientior
316 1380 448 1425 quam
469 1366 673 1410 Daniel²P
693 1383 713 1406 »
734 1364 849 1410 Audi
876 1380 977 1423 ergo
1002 1364 1129 1408 illum
1157 1365 1439 1411 confitentem

49 1445 226 1496 peccata
262 1451 353 1480 sua.
392 1439 462 1480 An
498 1436 610 1480 forte
647 1451 748 1480 cum
784 1435 1092 1490 confitebatur,
1119 1435 1439 1481 mentiebatur?

49 1508 163 1552 Hinc
196 1522 299 1567 ergo
328 1507 519 1551 habebat
552 1516 797 1566 peccatum,
834 1507 936 1566 quia
957 1504 1012 1550 de
1032 1506 1118 1550 suis
1140 1506 1327 1566 peccatis
1347 1509 1438 1553 Deo

48 1578 358 1622 mentiebatur.
400 1577 485 1622 Sed
515 1576 751 1636 aliquando
774 1585 1134 1635 argumentantur
1154 1577 1370 1632 homines,
1396 1587 1439 1622 et

49 1647 228 1692 dicunt:
254 1647 392 1692 Debet
418 1656 459 1692 et
487 1647 620 1691 homo
636 1647 778 1706 justus
807 1649 898 1690 Deo
923 1646 1081 1702 dicere,
1109 1647 1211 1707 quia
1238 1656 1440 1706 peccator

49 1726 113 1761 est
131 1737 140 1762 2
165 1718 362 1776 quamvis
379 1717 484 1760 sciat
505 1715 679 1760 nullum
700 1732 744 1760 se
765 1717 924 1761 habere
941 1726 1185 1776 peccatum,
1205 1726 1351 1762 tamen
1369 1718 1438 1762 di-

49 1796 120 1832 cat
150 1790 268 1832 Deo:
295 1786 446 1831 Habeo
477 1796 721 1846 peccatum.
747 1788 882 1832 Miror
910 1788 944 1831 si
973 1788 1052 1832 ista
1083 1786 1250 1832 consilii
1281 1788 1438 1833 sanitas

49 1857 309 1918 appellanda
327 1868 404 1903 est.
426 1858 531 1911 Quis
547 1867 590 1902 te
607 1856 711 1903 facit
728 1873 818 1905 non
836 1859 997 1903 habere
1013 1860 1271 1918 peccatum?
1293 1874 1438 1904 nonne

49 1932 164 1973 Deus
186 1930 263 1988 qui
283 1938 405 1973 sanat
423 1930 609 1973 animam
626 1930 774 1974 tuam?
794 1929 837 1974 Si
859 1939 1007 1974 tamen
1027 1945 1116 1973 non
1134 1929 1268 1973 habes
1282 1944 1438 1988 pecca-

50 2009 161 2044 tum.
187 2002 296 2043 Nam
314 1999 536 2044 considera
553 2020 563 2056 3
589 2009 631 2044 et
647 2000 854 2053 invenies,
876 2014 966 2043 non
983 2008 1227 2058 peccatum,
1245 1998 1320 2043 sed
1337 2015 1438 2058 pec-

51 2079 160 2114 cata.
184 2071 347 2112 Tamen
367 2070 400 2112 si
421 2084 596 2127 prorsus
617 2084 707 2114 non
728 2070 862 2113 habes
885 2078 1129 2128 peccatum,
1155 2083 1301 2113 nonne
1323 2067 1438 2113 illius

51 2138 316 2183 beneficium
339 2147 419 2192 est,
448 2138 519 2181 cui
541 2136 713 2183 dixisti:
736 2157 753 2177 «
775 2141 868 2195 Ego
883 2139 972 2182 dixi
989 2158 997 2183 :
1014 2140 1212 2194 Domine,
1239 2139 1437 2183 miserere

55 2227 76 2250 »
111 2209 213 2263 mei,
239 2223 341 2252 sana
363 2206 552 2252 animam
574 2221 736 2261 meam,
761 2207 966 2266 quoniam
990 2208 1165 2267 peccavi
1186 2209 1267 2252 tibi
1283 2210 1328 2250 3?
1349 2227 1366 2249 »
1392 2206 1436 2251 Si

53 2294 155 2338 ergo
193 2279 283 2322 sine
316 2287 497 2338 peccato
530 2286 592 2323 est
623 2277 764 2321 anima
787 2286 881 2333 tua,
907 2288 1054 2323 sanata
1076 2288 1139 2324 est
1160 2280 1278 2323 omni
1306 2275 1434 2322 modo

55 2350 198 2394 anima
221 2357 295 2393 tua
313 2368 320 2392 z
347 2349 381 2392 si
402 2357 548 2392 sanata
565 2357 628 2392 est
651 2348 770 2392 omni
794 2347 925 2392 modo
943 2349 1085 2393 anima
1103 2359 1191 2404 tua,
1211 2363 1341 2409 quare
1362 2347 1433 2390 in-

56 2429 202 2480 gratus
219 2435 262 2464 es
282 2419 451 2464 medico
468 2428 559 2474 tuo,
580 2428 630 2463 ut
650 2418 766 2463 dicas
784 2417 941 2463 vulnus
959 2434 1046 2463 esse
1068 2420 1226 2476 adhuc,
1246 2418 1320 2464 ubi
1336 2431 1432 2462 om-

103 2511 112 2527 ¹
133 2505 208 2547 Job,
231 2515 297 2545 xiv,
322 2516 370 2547 ¹7=
387 2521 426 2528 —
441 2512 454 2527 2
474 2504 591 2539 Ezcch.
613 2515 720 2546 xxvm,
737 2505 768 2537 3.
785 2521 826 2528 —
847 2502 859 2528 3
877 2504 956 2537 Psal.
978 2515 1028 2545 ει,
1050 2504 1079 2537 5,
