1729 3143
234 223 288 263 84
670 232 703 260 S.
739 232 969 259 AUGUSTINI
1002 232 1183 259 EPISCOPI

233 318 253 342 >›
279 299 335 343 ris
354 301 386 343 1.
410 317 431 340 »
458 297 526 343 Ad
548 304 801 355 sequentem
819 296 934 340 diem
956 295 1219 340 manifestati
1235 298 1425 357 peccati,
1451 297 1519 341 lex
1538 297 1613 341 illa

229 378 293 414 est
314 388 323 413 ε
353 387 373 410 «
397 368 493 413 Non
513 366 789 424 concupisces
805 369 838 409 ².
867 385 888 407 »
921 368 978 409 Et
1004 381 1087 410 vox
1109 366 1380 425 poenitentiae
1403 368 1492 426 ejus
1512 375 1577 410 est
1600 385 1608 410 :

232 458 252 481 «
279 437 376 482 Tibi
396 437 476 482 soli
496 436 672 494 peccavi
687 469 699 490 ‚
733 444 776 480 et
798 436 963 480 malum
985 451 1134 481 coram
1156 445 1199 480 te
1221 434 1305 480 feci
1325 437 1358 479 3.
1388 454 1408 477 »
1435 437 1502 480 Ad
1525 445 1614 479 ter-

229 508 337 553 tium
365 507 480 550 diem
516 513 560 549 et
595 513 769 549 noctem
796 506 886 565 jam
907 505 1088 565 sepultae
1111 506 1264 550 animae
1298 505 1614 549 consuetudine

226 575 391 636 peccati
411 609 423 630 ,
461 573 531 618 lex
564 573 639 618 illa
672 583 737 618 est
764 594 773 619 :
803 594 824 617 «
851 577 964 619 Ecce
997 591 1124 619 sanus
1152 574 1290 619 factus
1315 590 1358 618 es
1372 609 1388 630 ,
1406 575 1498 634 jam
1523 573 1614 619 noli

230 664 249 688 »
276 660 455 706 peccare
473 646 506 689 4.
536 662 556 686 n
581 647 638 689 Et
661 660 745 689 vox
766 646 1037 704 poenitentiae
1054 647 1146 706 ejus
1168 655 1232 689 est
1257 665 1265 689 :
1289 664 1308 686 <z
1333 646 1533 699 Domine,
1557 643 1615 687 li-

227 734 248 758 »
272 716 378 761 bera
401 716 589 760 animam
611 730 752 759 meam
775 715 830 759 de
852 725 992 761 morte
1008 718 1023 741 ⁵
1049 735 1058 760 2
1081 734 1101 757 »
1127 724 1186 770 et,
1212 734 1232 757 «
1252 715 1451 758 Eduxisti
1470 714 1525 758 ab
1552 715 1616 758 in-

228 806 247 829 »
275 787 375 831 feris
413 787 602 831 animam
637 801 778 830 meam
804 788 836 830 ⁶.
866 805 887 828 »
920 790 1002 830 Per
1029 786 1111 830 tria
1137 787 1216 829 ista
1253 793 1450 844 tempora
1479 784 1615 829 veluti

224 873 301 917 per
320 867 406 902 tres
430 857 520 902 dies
541 867 776 916 resurgunt
798 857 954 901 animae
975 872 1077 901 cum
1096 856 1268 901 Christo
1287 891 1296 911 ,
1329 856 1486 915 quibus
1508 855 1617 899 dici-

224 936 297 971 tur
314 943 392 987 per
410 928 673 987 Prophetam
702 946 711 972 :
741 945 758 967 «
783 929 1028 985 Resurgent
1042 926 1225 981 mortui,
1251 935 1295 969 et
1310 925 1617 969 excitabuntur

229 1016 250 1040 )›
276 999 353 1057 qui
375 998 421 1043 in
443 999 738 1043 monumentis
758 1007 860 1042 sunt
874 1032 885 1052 ‚
911 1006 955 1041 et
971 996 1234 1040 exultabunt
1255 1011 1404 1039 omnes
1423 996 1500 1054 qui
1517 1004 1618 1039 sunt

228 1083 249 1107 1)
277 1080 406 1123 super
437 1076 594 1107 terram
620 1070 652 1106 ⁷.
685 1086 706 1104 η
748 1070 805 1106 Et
833 1067 995 1121 quibus
1027 1080 1105 1120 per
1141 1065 1399 1120 Apostolum
1428 1065 1615 1108 dicitur:

235 1153 256 1176 «
283 1136 420 1192 Surge
448 1133 524 1192 qui
546 1132 708 1176 dormis
723 1166 734 1187 ‚
761 1140 804 1175 et
825 1146 985 1190 exurge
1007 1147 1030 1174 a
1056 1130 1265 1185 mortuis,
1290 1139 1333 1174 et
1353 1129 1621 1176 illuminabit

235 1224 254 1246 n
281 1213 324 1248 te
346 1204 542 1249 Christus
560 1205 592 1246 8.
621 1221 641 1245 »
667 1206 723 1247 Et
745 1204 835 1263 jam
859 1202 1182 1261 resurgentibus
1201 1235 1212 1256 ‚
1237 1202 1321 1245 hoc
1350 1210 1439 1256 est,
1467 1217 1490 1245 a
1514 1217 1620 1261 pec-

228 1275 331 1319 catis
364 1273 559 1317 liberatis
593 1272 699 1316 dicit
725 1291 736 1318 2
772 1291 792 1314 ‹<
819 1273 862 1316 Si
889 1272 1128 1316 surrexistis
1162 1286 1261 1314 eum
1295 1272 1495 1327 Christo,
1521 1288 1620 1332 quae

230 1362 252 1386 >›
278 1358 449 1388 sursum
464 1351 566 1387 sunt
583 1342 767 1402 quaerite
783 1375 793 1393 ‚
819 1342 898 1383 ubi
919 1341 1117 1385 Christus
1139 1350 1201 1385 est
1224 1341 1277 1385 ad
1300 1341 1521 1385 dexteram
1542 1343 1621 1386 Dei

232 1432 253 1456 »
278 1413 431 1458 sedens
457 1415 472 1438 ⁹
502 1430 509 1453 :
546 1427 565 1450 »
597 1409 699 1467 quia
722 1409 942 1453 *Dominus
972 1412 1097 1453 Jesus
1127 1426 1355 1469 resurgens
1372 1412 1618 1468 amortuis,

228 1489 471 1538 assumptus
493 1488 557 1523 est
578 1479 625 1522 in
647 1478 780 1523 coelos
802 1488 846 1522 et
866 1478 987 1522 sedet
1003 1479 1058 1523 ad
1079 1479 1300 1524 dexteram
1322 1481 1400 1525 Dei
1424 1483 1575 1527 Patris.

279 1552 380 1594 VII.
409 1549 510 1602 Quis
533 1557 597 1592 est
618 1549 695 1608 qui
721 1567 741 1590 «
769 1548 898 1593 Sedet
920 1549 976 1592 ad
995 1550 1215 1594 dexteram
1238 1551 1405 1594 Patris?
1429 1570 1448 1593 »
1477 1555 1619 1596 Homo

225 1620 437 1668 Christus.
475 1621 584 1664 Nam
616 1618 663 1662 in
690 1628 908 1678 quantum
939 1623 1079 1674 Deus,
1111 1636 1280 1680 semper
1302 1637 1402 1665 cum
1427 1625 1554 1666 Patre
1577 1632 1620 1666 et

226 1707 278 1736 ex
302 1694 427 1734 Patre
446 1709 456 1746 3
482 1697 525 1732 et
547 1688 725 1747 quando
748 1687 804 1733 ad
825 1704 903 1733 nos
925 1691 1151 1748 processit,
1173 1706 1196 1733 3
1216 1694 1342 1734 Patre
1364 1706 1454 1735 non
1475 1707 1618 1736 reces-

227 1761 296 1805 sit.
324 1761 418 1803 Hoc
451 1766 514 1801 est
536 1758 651 1801 enim
682 1773 769 1802 esse
793 1762 957 1815 Deum,
982 1760 1148 1818 ubique
1179 1775 1268 1803 esse
1295 1769 1453 1804 totum.
1485 1765 1618 1805 Totus

227 1845 331 1888 ergo
354 1828 490 1872 Filius
512 1827 631 1887 apud
653 1832 825 1873 Patrem
841 1863 852 1882 ,
877 1838 994 1873 totus
1023 1829 1068 1872 in
1091 1828 1226 1883 coelo,
1262 1838 1378 1874 totus
1400 1831 1446 1873 in
1468 1839 1584 1875 terra
1603 1867 1614 1886 ‚

227 1909 345 1945 totus
367 1899 413 1943 in
435 1908 558 1943 utero
580 1899 754 1957 virginis
773 1935 783 1955 ‚
818 1908 936 1944 totus
958 1900 1004 1942 in
1027 1914 1154 1943 cruce
1171 1934 1181 1954 ,
1207 1908 1325 1944 totus
1346 1901 1393 1943 in
1415 1900 1587 1946 inferno
1603 1937 1614 1957 ‚

229 1980 342 2015 totus
370 1971 415 2013 in
450 1969 646 2028 paradiso
679 1985 767 2029 quo
797 1969 1012 2013 latronem
1033 1969 1289 2014 introduxit.
1326 1972 1424 2015 Non
1446 1986 1523 2030 per
1546 1972 1616 2015 di-

229 2056 349 2086 versa
381 2050 576 2100 tempora
608 2040 678 2085 vel
710 2039 805 2084 loca
841 2040 1022 2084 dicimus
1051 2040 1215 2099 ubique
1251 2055 1340 2084 esse
1373 2049 1544 2096 totum,
1568 2051 1618 2086 ut

228 2110 360 2155 modo
378 2111 441 2154 ibi
457 2120 572 2155 totus
589 2114 643 2154 sit
656 2144 668 2164 ‚
692 2119 736 2154 et
753 2109 837 2154 alio
855 2120 1049 2170 tempore
1068 2109 1169 2153 alibi
1187 2119 1303 2154 totus
1325 2129 1332 2154 ι
1355 2111 1431 2155 sed
1448 2120 1499 2155 ut
1511 2127 1616 2156 sem·
1646 2154 1650 2155 γ

229 2197 305 2241 per
328 2181 493 2241 ubique
515 2181 569 2224 sit
590 2190 722 2225 totus.
757 2182 799 2226 Si
821 2182 936 2225 enim
962 2184 1071 2224 Deus
1089 2181 1172 2225 hoc
1189 2181 1389 2240 praestitit
1408 2182 1511 2226 huic
1528 2183 1616 2226 luci

229 2268 328 2312 quae
344 2251 518 2296 videtur
537 2251 692 2295 nostris
713 2251 954 2310 aspectibus
969 2286 980 2306 ‚
1005 2259 1054 2295 ut
1077 2250 1205 2295 simul
1224 2259 1314 2295 tota
1342 2251 1507 2310 ubique
1531 2253 1612 2310 sit3

228 2337 371 2381 neque
392 2322 508 2365 enim
530 2320 707 2381 quando
729 2321 800 2365 hic
822 2330 885 2365 est
899 2356 911 2376 ‚
935 2321 981 2365 in
1004 2322 1181 2365 Oriente
1200 2319 1268 2364 vel
1290 2320 1335 2362 in
1360 2320 1450 2364 aliis
1475 2322 1613 2380 parti-

276 2430 287 2449 ¹
305 2430 383 2462 Psal.
404 2442 499 2472 xxiv,
520 2441 550 2472 7.
574 2447 614 2453 —
633 2436 646 2452 2
666 2431 764 2463 Exod.
785 2440 839 2471 xx,
862 2440 911 2470 17.
929 2446 970 2452 —
995 2436 1008 2452 ²
1036 2428 1115 2461 Psal.
1137 2439 1167 2469 L,
1192 2428 1287 2459 6.-
1306 2427 1320 2456 4
1338 2430 1429 2460 Joan.
1450 2440 1481 2470 v,
1505 2429 1555 2471 14.
1573 2447 1611 2452 -

235 2484 250 2509 5
269 2486 351 2518 Psal.
373 2497 462 2527 cxiv,
489 2487 519 2519 5.
541 2503 581 2510 —
599 2485 614 2510 6
632 2487 679 2520 Id.
705 2497 792 2528 xxix,
814 2484 846 2527 4.
862 2502 903 2509 -
922 2493 935 2518 7
955 2485 1026 2519 lsai.
1046 2495 1134 2524 xxvi,
1158 2494 1209 2525 ¹9·
1229 2482 1295 2507 -3
1314 2484 1426 2525 Ephes.
1447 2497 1480 2525 v,
1502 2484 1553 2526 14.
1573 2502 1614 2509 —-

233 2549 249 2575 9
267 2543 382 2577 Coloss.
404 2553 448 2582 111,
470 2553 497 2574 1.
