1729 3143
160 225 243 259 550
594 232 625 259 s·
664 232 895 260 aucusnm
927 233 1108 261 Emscom

159 297 379 358 quomodo
401 296 571 340 dicatur
587 317 599 354 3
623 311 710 342 non
728 297 843 341 enim
857 298 1099 342 secundum
1117 298 1362 354 essentiam,
1387 298 1463 343 sed
1477 314 1543 344 se-

159 369 353 415 cundum
376 368 661 426 privationem
684 369 904 413 verissime
920 368 1079 414 dicitur
1099 387 1107 413 :
1133 378 1177 413 et
1198 377 1354 414 natura
1375 370 1446 414 cui
1462 385 1545 416 no—

159 440 245 486 ceri
268 439 400 497 possit
421 447 615 498 apparet.
639 441 736 485 Non
759 439 877 483 enim
904 440 994 499 ipsa
1015 448 1079 484 est
1101 455 1320 484 summum
1350 440 1515 486 malum
1529 476 1541 498 ,

138 510 228 556 -cui
251 510 419 553 bonum
441 509 646 555 adimitur
666 526 768 555 cum
796 520 1006 567 nocetur,
1042 526 1185 571 neque
1219 526 1439 556 summum
1460 512 1545 558 bo-

153 596 276 636 num,
297 596 397 641 quae
413 591 642 640 propterea
662 581 846 628 deficere
864 598 888 627 a
902 583 1019 628 bono
1033 591 1190 643 potest,
1211 583 1314 642 quia
1330 598 1422 628 non
1436 584 1545 628 exis-

158 651 292 696 tendo
314 652 505 707 honum,
531 652 607 697 sed
635 653 801 698 bonum
822 652 1027 698 habendo
1050 654 1211 697 dicitur
1234 654 1362 698 bona.
1395 656 1546 714 Neque

158 721 413 767 naturaliter
435 722 549 766 bona
570 738 636 768 res
658 732 747 777 est,
783 738 883 782 quae
904 739 1005 768 cum
1027 722 1141 769 sacta
1174 723 1334 769 dicitur
1349 759 1361 779 ,
1393 726 1548 785 utique

159 803 210 837 ut
231 794 346 837 bona
367 802 479 837 esset
495 794 677 853 accepit.
705 797 770 838 Ita
792 803 835 838 et
853 797 967 838 Deus
986 810 1205 839 summum
1224 796 1391 840 bonum
1404 805 1483 851 est,
1504 805 1548 840 et

159 880 205 909 ea
228 880 329 924 quae
351 862 475 919 fecit,
512 865 628 909 bona
651 873 753 908 sunt
781 864 927 908 omnia
949 899 959 919 ,
995 867 1192 923 quamvis
1226 882 1316 912 non
1344 867 1430 911 sint
1456 876 1547 911 tam

157 936 288 990 bona,
314 950 448 995 quam
469 943 533 979 est
553 933 627 978 ille
649 935 739 994 ipse
760 935 836 994 qui
860 934 979 979 fecit.
1005 935 1110 988 Quis
1131 938 1247 979 enim
1270 937 1354 981 hoc
1370 945 1460 981 tam
1476 937 1547 981 in-

155 1021 285 1050 sanus
314 1006 447 1050 audet
474 1005 647 1063 exigere
668 1039 679 1060 ,
720 1013 771 1048 ut
804 1004 989 1065 aequalia
1021 1005 1106 1049 sint
1133 1005 1288 1050 artifici
1310 1021 1467 1066 opera,
1505 1016 1549 1052 et

156 1076 333 1122 condita
356 1075 608 1120 conditori?
630 1074 746 1129 Quid
777 1075 964 1136 amplius
999 1076 1250 1123 desideratis
1274 1078 1290 1118 ἱ)
1321 1080 1392 1123 An
1420 1079 1549 1123 etiam

160 1149 292 1194 vultis
315 1148 480 1208 aliquid
503 1147 706 1208 planius?

217 1223 316 1265 VII.
344 1223 545 1273 Quaeram
563 1235 667 1279 ergo
681 1220 809 1265 tertio
821 1219 930 1279 quid
946 1220 1001 1264 sit
1011 1218 1191 1264 malum.
1208 1219 1549 1279 ,Respondebitis

157 1291 337 1336 fortasse
363 1310 372 1335 t
398 1291 646 1350 Corruptio.
673 1290 779 1344 Quis
801 1299 844 1334 et
861 1291 944 1334 hoc
961 1290 1204 1348 negaverit,
1231 1288 1432 1347 generale
1454 1305 1550 1334 ma-

56 1358 65 1365 '
124 1411 128 1417 ,
155 1362 246 1406 lum
269 1364 392 1407 esse?
415 1365 524 1408 Nam
545 1363 629 1408 hoc
650 1372 715 1407 est
735 1371 887 1407 contra
909 1370 1129 1416 naturam,
1152 1361 1236 1405 hoc
1254 1370 1317 1406 est
1332 1361 1453 1421 quod
1466 1377 1547 1406 no-

158 1442 242 1478 cet.
271 1434 356 1479 Sed
378 1434 600 1492 corruptio
622 1449 712 1478 non
733 1441 798 1477 est
819 1433 866 1477 in
885 1447 929 1475 se
957 1432 1064 1490 ipsa,
1089 1429 1164 1475 sed
1185 1431 1231 1475 in
1251 1430 1394 1492 aliqua
1422 1432 1550 1477 subs-

157 1504 294 1548 tantia
315 1518 447 1562 quam
469 1502 710 1561 corrumpit
739 1520 747 1546 :
767 1516 859 1546 non
880 1502 996 1545 enim
1009 1501 1250 1546 substantia
1269 1512 1333 1547 est
1348 1503 1440 1562 ipsa
1454 1518 1551 1548 cor-

159 1574 320 1633 ruptio.
349 1575 411 1617 Ea
433 1573 566 1632 igitur
587 1587 652 1616 res
675 1587 809 1632 quam
829 1571 1070 1631 corrumpit
1099 1573 1348 1632 corruptio,
1376 1588 1467 1617 non
1488 1583 1552 1618 est

159 1645 342 1698 malum,
372 1659 462 1688 non
488 1652 566 1687 est.
593 1642 723 1696 Quod
744 1643 861 1686 enim
889 1642 1183 1702 corrumpitur
1200 1678 1211 1698 ,
1235 1643 1486 1703 integritate
1508 1653 1551 1688 et

160 1715 406 1759 sinceritate
432 1714 643 1773 privatur.
674 1713 804 1766 Quod
826 1727 927 1770 ergo
949 1729 1039 1758 non
1058 1713 1191 1757 habet
1211 1713 1348 1758 ullam
1374 1714 1550 1758 sinceri-

160 1794 298 1830 tatem
325 1799 412 1843 qua
444 1784 657 1842 privetur,
691 1784 913 1842 corrumpi
944 1799 1033 1827 non
1055 1793 1227 1842 potest:
1252 1783 1373 1844 quod
1402 1793 1550 1829 autem

161 1855 310 1910 habet,
329 1853 525 1913 profecto
540 1854 708 1898 bonum
724 1863 786 1897 est
799 1853 1131 1912 participatione
1147 1854 1418 1898 sinceritatis.
1441 1858 1552 1899 Item

161 1924 283 1985 quod
283 1924 643 1988 &corrumpitun
682 1922 880 1982 profecto
915 1924 1177 1983 pervertitur
1213 1942 1222 1968 :
1253 1924 1374 1983 quod
1404 1933 1550 1968 autem

161 1989 419 2055 perveritur,
444 1994 598 2039 ordine
619 1994 815 2053 privatur
838 2012 847 2038 ι
869 1992 977 2038 ordo
1001 2003 1147 2038 autem
1168 1995 1337 2038 bonum
1353 2003 1431 2039 est.
1453 1997 1551 2041 Non

162 2057 427 2126 igit11r³qu0d
446 2066 757 2125 corrumpitur,
778 2065 896 2109 bono
911 2074 1030 2109 caret
1051 2084 1060 2110 :
1078 2081 1129 2109 eo
1146 2080 1337 2125 namque
1354 2065 1448 2125 ipso
1462 2081 1552 2125 quo

134 2186 135 2189 Ἴ
163 2153 252 2182 non
283 2146 421 2191 caret,
457 2136 630 2181 viduari
662 2137 771 2180 dum
804 2136 1098 2195 corrumpitur
1120 2145 1276 2196 potest.
1304 2137 1419 2180 Gens
1448 2151 1551 2195 ergo

159 2208 230 2252 illa
255 2208 549 2261 tenebrarum,
567 2209 599 2251 si
614 2207 732 2251 omni
746 2207 864 2251 bono
877 2207 1069 2261 carebat,
1090 2215 1137 2250 ut
1151 2206 1309 2261 dicitis,
1328 2207 1550 2266 corrumpi

164 2294 253 2322 non
281 2287 451 2337 poterat
482 2297 491 2322 ε
526 2293 615 2322 non
637 2278 753 2321 enim
781 2277 971 2321 habebat
999 2277 1120 2337 quod
1148 2279 1185 2321 ei
1218 2286 1360 2336 posset
1381 2274 1551 2321 auferre

164 2350 400 2408 corruptio,
433 2365 532 2409 quae
563 2350 597 2392 si
629 2348 737 2392 nihil
771 2347 954 2401 auferat,
981 2364 1070 2392 non
1102 2348 1355 2407 corrumpit.
1381 2347 1551 2392 Audete

163 2421 249 2479 jam
275 2421 416 2464 dicere
432 2456 442 2474 ,
468 2421 500 2464 si
518 2420 714 2480 potestis,
742 2423 878 2463 Deum
897 2430 940 2464 et
955 2420 1031 2464 Dei
1051 2434 1232 2478 regnum
1249 2419 1438 2479 potuisse
1455 2434 1552 2463 cor-

166 2491 331 2548 rumpi,
357 2491 389 2533 si
407 2489 567 2534 diaboli
591 2505 773 2547 regnum
790 2490 918 2550 quale
934 2489 1192 2546 describitis,
1211 2488 1434 2549 quomodo
1451 2504 1548 2533 cor-

171 2575 309 2617 rumpi
334 2570 474 2618 posset
495 2577 583 2604 non
608 2561 823 2605 invenitis.
