1729 3143
577 233 632 260 DE
662 233 827 270 omnm,
862 233 946 260 un.
980 231 1030 258 11.
1411 217 1497 259 475

119 309 162 345 et
183 300 342 355 virum,
367 298 443 343 sed
465 298 579 343 inter
600 298 744 358 ipsum
764 307 808 342 et
827 296 1071 342 mulierem.
1089 293 1312 355 Numquid
1327 295 1428 355 quia
1440 296 1502 341 vi-

117 385 188 416 ros
209 385 300 415 non
321 368 484 428 decipit
502 378 546 413 et
563 370 737 413 tentat?
760 368 843 412 Sed
864 366 1140 412 manifestum
1161 374 1226 410 est
1245 365 1366 426 quod
1382 365 1502 410 deci-

116 442 197 500 pit.
221 443 289 484 An
303 440 405 499 quia
424 439 566 497 ipsum
581 438 719 483 Adam
735 452 824 481 non
840 437 1026 496 decepit,
1048 437 1123 481 sed
1143 435 1368 480 mulierem
1384 436 1503 496 ejus?

122 509 207 557 Sed
230 509 447 569 numquid
469 519 696 568 propterea
726 523 816 552 non
843 517 907 551 est
931 507 1131 552 inimicus
1153 508 1243 567 ejus
1259 541 1270 562 ,
1295 506 1351 551 ad
1371 501 1503 566 quem

116 579 314 642 pervenit
335 594 411 637 per
432 578 660 622 mulierem
682 592 801 622 suam
832 576 905 620 illa
936 577 1136 636 deceptio
1150 610 1162 632 ‚
1196 577 1382 621 maxime
1400 577 1503 637 quia

114 650 171 695 de
205 649 357 694 futuro
383 650 473 709 jam
507 648 666 693 dicitur
691 666 701 692 :
739 646 1030 690 «Inimicitias
1056 661 1216 704 ponam
1247 647 1361 691 inter
1388 656 1432 691 te
1457 655 1501 691 et

112 721 374 766 mulierem?
391 738 411 761 »
440 720 483 764 Si
505 729 649 764 autem
671 717 793 778 quod
809 732 899 762 non
923 716 1126 776 deinceps
1147 715 1318 776 decepit
1335 716 1497 774 Adam,

115 807 197 836 nec
218 792 355 850 ipsam
377 792 514 834 Evam
536 789 738 848 deinceps
756 788 942 847 decepit.
965 790 1108 841 Quare
1125 801 1228 846 ergo
1244 788 1304 832 ita
1321 787 1497 843 dicitur,

115 861 197 906 nisi
219 861 321 921 quia
342 860 412 903 hic
430 858 658 903 manifeste
686 857 955 912 ostenditur,
981 872 1071 902 non
1091 872 1217 916 posse
1242 872 1322 902 nos
1351 873 1374 902 a
1403 857 1499 903 dia-

112 931 215 978 bolo
238 931 393 975 tentari
409 965 419 985 ,
444 930 525 974 nisi
547 945 624 988 per
652 928 771 972 illam
793 927 1024 971 animalem
1046 936 1231 986 partem,
1258 943 1356 987 quae
1377 929 1499 988 quasi

110 1001 302 1046 mulieris
323 1001 556 1058 imaginem
578 997 647 1042 vel
669 997 913 1056 exemplum
932 998 979 1042 in
999 1012 1090 1042 uno
1113 998 1207 1056 ipso
1229 998 1407 1042 homine
1430 1013 1500 1043 os-

110 1073 276 1127 tendit,
301 1071 356 1116 de
377 1086 463 1131 qua
485 1069 681 1129 superius
697 1070 787 1129 jam
804 1067 942 1112 multa
959 1066 1175 1112 diximus?
1196 1067 1325 1121 Quod
1352 1077 1499 1113 autem

109 1144 241 1188 etiam
263 1143 375 1186 inter
404 1156 550 1185 semen
581 1138 770 1194 diaboli,
808 1148 852 1183 et
878 1153 1025 1184 semen
1054 1139 1245 1182 mulieris
1272 1148 1499 1198 ponuntur

108 1212 344 1258 inimicitiae
361 1245 373 1265 ‚
397 1211 662 1268 significatur
683 1210 845 1254 semine
863 1207 1027 1253 diaboli
1043 1223 1242 1268 perversa
1260 1210 1494 1267 suggestio,

111 1281 274 1326 semine
291 1289 436 1325 autem
454 1278 661 1333 mulieris,
682 1279 850 1323 fructus
865 1278 970 1323 boni
989 1279 1152 1338 operis,
1178 1294 1267 1338 quo
1286 1294 1498 1338 perversae

110 1351 370 1409 suggestioni
383 1350 552 1394 resistit.
571 1352 627 1393 Et
644 1349 743 1394 ideo
757 1349 959 1393 observat
976 1349 1065 1408 ipse
1081 1348 1275 1408 plantam
1288 1349 1494 1406 mulieris,

108 1432 160 1468 ut
180 1423 215 1466 si
235 1420 414 1482 quando
434 1422 479 1465 in
502 1420 651 1465 illicita
672 1420 836 1464 labitur
868 1420 1098 1464 delectatio
1115 1455 1126 1476 ,
1158 1429 1264 1464 tunc
1285 1419 1405 1465 illam
1422 1436 1496 1466 ca-

109 1493 199 1552 piat
231 1511 241 1537 :
275 1501 318 1537 et
352 1490 425 1535 illa
459 1491 660 1536 observat
686 1499 817 1550 caput
847 1491 967 1550 ejus,
998 1499 1048 1534 ut
1068 1505 1170 1534 eum
1190 1490 1236 1535 in
1257 1491 1352 1551 ipso
1372 1491 1497 1537 initio

107 1562 234 1607 malae
254 1561 461 1606 suasionis
478 1559 693 1605 excludat.

168 1635 334 1677 XXIX.
370 1635 395 1677 J
400 1647 469 1676 am
492 1633 546 1676 de
567 1646 700 1691 poena
725 1629 922 1675 mulieris
937 1630 1058 1675 nulla
1077 1631 1260 1691 quaestio
1283 1640 1346 1676 est
1366 1650 1375 1676 :
1400 1646 1496 1676 ma·-

107 1703 264 1749 nifeste
289 1704 405 1747 enim
430 1701 742 1761 multiplicatos
771 1701 940 1746 dolores
963 1702 1097 1746 habet
1112 1737 1123 1757 ,
1153 1711 1284 1762 atque
1316 1702 1497 1762 suspiria

108 1775 154 1819 in
175 1775 303 1834 hujus
322 1774 422 1818 vitae
443 1772 784 1818 calamitatibus¹
806 1793 818 1830 3
841 1781 885 1816 et
913 1787 1002 1832 quo
1029 1772 1074 1816 in
1101 1772 1324 1817 doloribus
1356 1774 1497 1832 pariat

107 1845 218 1891 filios
233 1880 245 1900 ‚
269 1845 468 1906 quamvis
487 1853 530 1888 et
550 1845 595 1888 in
618 1845 699 1889 ista
719 1843 878 1888 visibili
899 1843 1081 1887 muliere
1102 1843 1376 1903 compleatur
1389 1879 1401 1900 ‚
1425 1853 1494 1889 ta-

107 1930 208 1960 men
225 1914 280 1960 ad
301 1914 421 1959 illam
433 1915 708 1959 secretiorem
721 1912 1009 1959 consideratio
1027 1913 1268 1958 revocanda
1286 1923 1365 1958 est.
1386 1917 1494 1960 Nam

108 1994 152 2029 et
172 1985 218 2029 in
239 1985 466 2044 pecoribus
488 1984 682 2029 foeminae
699 1999 800 2028 cum
820 1983 970 2028 dolore
993 1983 1170 2042 pariunt
1186 1983 1314 2038 filios,
1338 1992 1382 2028 et
1399 1985 1495 2029 haec

106 2057 236 2101 estin
265 2055 349 2099 illis
374 2055 648 2100 mortalitatis
669 2054 865 2100 conditio
894 2054 1039 2113 potius
1069 2069 1202 2114 quam
1225 2069 1355 2113 poena
1386 2069 1493 2113 pec-

106 2128 206 2173 cati.
246 2130 392 2172 Potest
425 2142 528 2186 ergo
559 2127 683 2178 fieri,
713 2135 765 2170 ut
796 2126 925 2170 etiam
957 2126 1002 2170 in
1031 2124 1222 2170 foeminis
1244 2125 1494 2172 hominibus

106 2197 359 2242 mortalium
372 2212 604 2256 corporum
619 2197 674 2241 sit
687 2197 767 2240 ista
784 2195 993 2241 conditio.
1013 2194 1097 2241 Sed
1111 2195 1195 2240 hoc
1207 2204 1272 2240 est
1285 2210 1493 2254 magnum

106 2267 368 2327 supplicium
390 2302 402 2322 ‚
427 2267 547 2327 quod
570 2265 626 2311 ad
642 2267 766 2311 istam
784 2281 1016 2326 corporum
1029 2265 1336 2311 mortalitatem
1354 2281 1405 2311 ex
1419 2266 1493 2311 illa

104 2338 429 2383 immortalitate
443 2347 672 2383 venerunt.
692 2340 1004 2382 Verumtamen
1020 2353 1230 2396 magnum
1247 2353 1491 2383 sacramen-

57 2447 64 2453 .
105 2418 201 2454 tum
225 2418 286 2452 est
308 2409 437 2467 hujus
459 2408 701 2464 sententiae,
732 2408 853 2468 quod
879 2407 1000 2452 nulla
1020 2407 1281 2452 abstinentia
1302 2409 1352 2452 fit
1368 2424 1392 2452 a
1412 2424 1491 2453 vo—

104 2476 274 2523 luntate
307 2477 494 2535 carnali,
530 2494 629 2539 quae
662 2493 752 2524 non
789 2478 948 2523 habeat
978 2478 1023 2522 in
1053 2477 1231 2523 exordio
1258 2476 1454 2523 dolorem
1474 2513 1486 2535 ‚

151 2564 164 2581 ¹
182 2565 262 2597 Gen.
281 2574 330 2606 111,
352 2563 403 2596 16.
