1729 3143
12 1596 23 1847 ι-ψο--η--ηνπ
14 1566 19 1586 2ae

16 1714 30 3143 ffimffi———a-w—ffi—-Q-——hffl

9 1848 17 2070 ‚„„,-„-»„‚.—-„„

584 229 637 255 DE
668 229 835 265 emam,
871 229 953 255 Lis.
990 230 1038 256 11.
1418 218 1500 257 465

123 304 214 334 rem
235 291 311 349 qui
332 305 422 334 non
443 292 610 336 arescit.
633 292 813 336 Fluvius
831 301 978 336 autem
994 291 1066 336 ille
1083 292 1160 352 qui
1177 293 1329 337 circuit
1345 302 1502 338 terram

121 360 389 419 AEthiopiam
417 361 606 407 multum
639 361 823 406 calidam
849 372 978 422 atque
1006 361 1268 418 ferventem,
1293 363 1504 421 significat

122 428 426 475 fortitudinem
441 431 584 476 calore
598 432 776 476 actionis
792 431 976 476 alacrem
995 442 1126 493 atque
1143 434 1388 493 impigram.
1410 436 1507 477 Ter-

121 501 206 545 tius
229 510 375 546 autem
400 502 551 560 Tygris
568 502 686 546 vadit
707 510 858 547 contra
876 504 1086 560 Assyrios,
1106 513 1149 548 et
1165 505 1377 564 significat
1390 514 1504 549 tem-

121 572 379 630 perantiam,
405 587 505 630 quae
526 573 682 617 resistit
701 571 904 627 libidini,
931 574 1122 618 multum
1144 575 1388 620 adversanti
1404 591 1509 620 con-

126 640 228 685 siliis
251 641 527 700 prudentiae:
560 642 678 686 unde
709 641 969 702 plerumque
1007 644 1053 687 in
1087 645 1316 704 Scripturis
1348 645 1510 703 Assyrii

126 710 468 756 adversariorum
483 712 581 757 loco
596 722 837 771 ponuntur.
860 715 1049 766 Quartus
1065 714 1222 759 fluvius
1239 731 1330 760 non
1344 714 1512 760 dictum

126 791 191 826 est
218 791 368 827 contra
386 782 495 843 quid
513 784 665 839 vadat,
692 793 768 828 aut
784 799 917 844 quam
943 793 1102 829 terram
1129 786 1365 830 circumeat
1387 805 1395 831 :
1415 787 1511 847 jus-

128 853 224 897 titia
246 853 361 896 enim
378 853 433 897 ad
450 868 600 898 omnes
617 863 759 913 partes
772 854 928 898 animae
943 855 1130 914 pertinet
1141 890 1152 911 ‚
1178 857 1280 915 quia
1300 857 1393 916 ipsa
1408 856 1516 902 ordo

127 932 171 968 et
191 925 373 984 aequitas
395 925 550 968 animae
572 934 635 967 est
649 958 660 977 ,
686 941 772 982 qua
794 926 874 967 sibi
893 926 974 968 ista
990 926 1072 968 tria
1084 926 1359 971 concorditer
1376 943 1514 987 copu-

127 993 294 1049 lantur,
320 995 458 1053 prima
479 992 737 1053 prudentia,
774 993 965 1038 secunda
994 993 1232 1051 fortitudo,
1258 997 1385 1042 tertia
1406 1007 1518 1042 tem·

127 1065 351 1123 perantia,
388 1073 431 1108 et
450 1064 503 1123 ,in
537 1064 617 1108 ista
651 1072 742 1108 tota
776 1063 1055 1124 copulatione
1083 1074 1213 1126 atque
1244 1066 1518 1113 ordinatione

123 1134 310 1194 justitia.
1144 1130 1147 1133 χ

184 1207 281 1249 XV.
315 1203 445 1257 Quod
468 1212 615 1248 autem
634 1206 695 1249 ita
717 1205 982 1249 constitutus
1002 1214 1066 1250 est
1082 1207 1214 1251 homo
1236 1207 1283 1251 in
1300 1208 1515 1267 paradiso,

127 1284 178 1319 ut
199 1283 451 1334 operaretur
471 1283 514 1318 et
529 1275 766 1318 custodiret
788 1294 796 1319 ε
818 1276 1012 1334 operatio
1028 1274 1101 1319 illa
1117 1275 1379 1322 laudabilior
1401 1277 1521 1325 labo-

128 1346 239 1391 riosa
260 1361 350 1391 non
373 1355 478 1389 erat.
512 1345 608 1389 Alia
631 1355 694 1390 est
716 1361 907 1406 namque
929 1346 976 1390 in
998 1345 1195 1405 paradiso
1222 1350 1414 1408 operatio
1430 1384 1441 1404 ‚
1476 1359 1520 1394 et

129 1416 211 1461 alia
232 1417 277 1460 in
293 1426 405 1460 terra
419 1451 431 1471 ‚
456 1431 546 1476 quo
568 1426 666 1475 post
682 1426 910 1476 peccatum
932 1417 1165 1462 damnatus
1187 1428 1265 1463 est.
1288 1422 1353 1464 Ex
1369 1435 1420 1464 eo
1439 1436 1517 1464 au-

133 1497 222 1532 tem
243 1487 364 1548 quod
391 1485 589 1531 additum
619 1496 682 1531 est
710 1506 719 1532 2
750 1491 842 1532 «Et
869 1488 1154 1534 custodiret1:
1175 1508 1194 1531 »
1226 1490 1519 1549 significatum

130 1568 194 1603 est
205 1558 345 1619 qualis
362 1557 434 1601 illa
449 1557 641 1617 operatio
657 1568 762 1603 erat.
780 1561 979 1619 Namque
992 1559 1037 1603 in
1049 1559 1366 1620 tranquillitate
1379 1561 1520 1606 beatae

132 1629 246 1684 vitae,
272 1629 349 1672 ubi
382 1643 495 1672 mors
517 1643 607 1673 non
630 1637 714 1682 est,
748 1629 887 1673 omnis
910 1644 1040 1688 opera
1069 1639 1133 1674 est
1155 1631 1373 1675 custodire
1399 1631 1520 1691 quod

132 1709 267 1743 tenes.
301 1699 471 1757 Accipit
505 1699 634 1743 etiam
670 1708 959 1758 praeceptum,
996 1700 1050 1744 de
1083 1717 1172 1760 quo
1203 1702 1400 1761 superius
1429 1703 1518 1762 jam

132 1769 427 1813 tractavimus.
456 1769 586 1821 Quod
607 1778 894 1828 praeceptum,
919 1770 1126 1828 quoniam
1147 1770 1206 1814 sic
1223 1771 1517 1825 concluditur,

132 1848 184 1882 ut
205 1853 294 1883 non
317 1839 372 1882 ad
393 1852 532 1881 unum
554 1837 763 1897 loquatur
780 1873 791 1894 ,
819 1838 878 1883 sic
902 1839 1017 1883 enim
1039 1838 1143 1884 dicit
1164 1859 1172 1884 :
1203 1859 1220 1881 ‹<
1241 1843 1335 1894 Qua
1354 1840 1425 1886 die
1444 1858 1520 1886 au-

136 1926 157 1950 »
183 1917 273 1952 tem
304 1907 665 1952 manducaveritis
681 1943 692 1962 ,
727 1917 867 1952 morte
895 1909 1166 1953 moriemini²
1186 1929 1194 1954 :
1214 1928 1233 1951 »
1259 1910 1418 1969 Incipit
1442 1928 1519 1955 ex-

133 1977 239 2036 poni
260 1975 482 2036 quomodo
505 1975 559 2019 sit
580 1975 694 2019 sacta
716 1975 896 2020 foemina
920 1996 929 2021 2
954 1986 997 2021 et
1017 1978 1131 2021 facta
1154 1977 1313 2022 dicitur
1333 1979 1378 2023 in
1396 1978 1522 2040 adju-

135 2048 296 2093 torium
320 2046 421 2100 viri,
447 2054 497 2089 ut
524 2046 801 2104 copulatione
823 2047 1004 2106 spiritali
1032 2047 1242 2106 spiritales
1263 2048 1397 2094 foetus
1419 2050 1522 2095 ede-

137 2128 223 2173 ret,
249 2117 293 2160 id
317 2126 379 2160 est
397 2150 406 2171 ‚
433 2116 549 2160 bona
573 2131 701 2174 opera
717 2115 876 2160 divinae
893 2115 1057 2175 laudis,
1075 2118 1180 2161 dum
1198 2118 1270 2162 ille
1287 2120 1410 2177 regit,
1429 2121 1523 2165 haec

139 2188 433 2246 obtemperat,
458 2185 531 2229 ille
560 2202 582 2229 a
611 2187 824 2244 Sapientia
848 2188 1038 2246 regitur,
1070 2189 1162 2233 haec
1192 2205 1215 2233 a
1248 2190 1354 2235 viro.
1381 2192 1525 2250 Caput

141 2259 257 2302 enim
277 2258 357 2301 viri
380 2257 590 2310 Christus,
609 2265 651 2299 et
670 2265 800 2315 caput
818 2256 1006 2301 mulieris
1023 2259 1102 2302 vir.
1127 2257 1321 2319 Ideoque
1339 2260 1497 2305 dicitur
1514 2280 1523 2307 :

138 2348 167 2371 ·«
191 2331 287 2375 Non
322 2337 386 2372 est
420 2327 586 2371 bonum
619 2326 760 2372 solum
792 2328 1015 2373 hominem
1043 2345 1186 2374 esse.»
1222 2331 1378 2377 Adhuc
1410 2334 1525 2377 enim

142 2410 233 2444 erat
248 2433 259 2455 ,
284 2399 405 2457 quod
426 2400 548 2442 fieret
566 2391 580 2451 ‚⁴
613 2407 662 2442 ut
693 2414 782 2442 non
805 2398 944 2443 solum
967 2400 1104 2444 anima
1138 2403 1307 2461 corpori
1325 2403 1526 2449 domina-

144 2480 284 2525 retur,
311 2470 412 2529 quia
434 2485 590 2529 corpus
612 2468 809 2514 servilem
831 2469 977 2516 locum
995 2471 1192 2529 obtinet,
1217 2473 1292 2518 sed.
1314 2475 1443 2520 etiam
1466 2477 1531 2521 vi·-

196 2560 206 2578 ¹
228 2556 360 2597 Gen011,
380 2555 430 2587 15.
448 2560 514 2578 -2
533 2553 615 2587 lbid.
641 2563 692 2596 17.

336 2618 524 2650 cxxxlv.
1292 2612 1343 2652 30
