1729 3143
501 177 554 204 DE
585 176 737 204 nmmo
768 173 988 214 Aunumo,
1023 176 1106 203 mn.
1141 177 1172 202 1.
1443 164 1527 204 295

149 238 295 285 cendis
316 239 644 284 multitudinem
668 239 866 283 videmus
893 239 1124 284 hominum
1151 237 1295 283 nullos
1328 238 1526 294 labores,

146 308 268 354 nulla
298 309 488 369 pericula
524 310 752 353 recusare?
774 311 825 352 E.
849 308 1142 353 Gaudendum
1161 323 1291 363 vero,
1316 323 1365 352 ac
1386 308 1528 367 pluri-

145 395 282 424 mum.
317 383 369 424 A.
401 385 436 432 Q
472 380 479 387 '
530 414 541 434 ‚
576 381 660 423 hoc
681 377 838 436 gaudio
874 379 949 438 qui
983 394 1074 422 non
1108 378 1316 422 fruuntur
1339 412 1351 434 ,
1390 393 1524 437 parvo

147 449 308 493 damno
329 465 400 494 eos
421 465 442 492 a
483 458 599 492 ectos
622 447 862 507 putastanti
883 448 1023 491 boni?
1044 451 1096 491 E.
1118 451 1211 492 Imo
1233 448 1434 492 maximo.

203 521 365 563 XXVI.
400 521 453 563 A.
480 517 611 561 Vides
631 518 762 575 igitur
778 518 869 576 jam
885 551 896 571 ‚
920 525 969 560 ut
992 517 1186 561 existimo
1202 552 1212 572 ,
1238 518 1284 561 in
1305 517 1530 562 voluntate
1559 515 1569 590 J
1627 513 1644 535 Γ

1596 538 1660 589 μὶ)

144 598 291 632 nostra
304 604 393 632 esse
410 589 695 633 constitutum
713 591 743 643 ¹,
761 597 809 632 ut
830 588 914 632 hoc
931 585 999 630 vel
1012 587 1209 631 fruamur
1223 588 1292 631 vel
1309 603 1531 632 careamus
1557 591 1563 652 ξ
1602 580 1658 621 s

143 667 266 703 tanto
294 667 337 702 et
370 668 458 702 tam
495 674 597 702 vero
630 659 763 702 bono.
801 657 911 710 Quid
940 657 1056 700 enim
1092 666 1180 700 tam
1209 658 1254 700 in
1274 659 1528 714 voluntate,

142 743 275 786 quarn
299 728 391 787 ipsa
417 727 619 771 voluntas
648 728 728 771 sita
761 729 854 771 est?
891 729 1032 779 Quam
1051 727 1236 786 quisque
1270 743 1369 771 cum
1389 728 1532 778 xhabet

140 799 326 852 bonam,
351 798 397 841 id
421 807 537 842 certe
559 799 691 842 habet
713 797 833 858 qnod
856 797 1036 841 terrenis
1064 797 1267 841 omnibus
1298 798 1438 854 regnis
1455 813 1533 842 vo-

140 866 473 924 luptatibusque
495 868 699 907 omnibus
717 868 911 922 corporis
930 866 1060 921 longe
1083 867 1440 923 anteponendum
1460 868 1527 911 sit.

142 935 346 994 Quisquis
364 944 509 978 autem
527 949 616 977 non
636 935 771 977 habet
787 968 798 988 ‚
832 943 949 977 caret
966 934 1161 992 profecto
1184 934 1258 979 illa
1290 951 1336 978 re
1353 971 1364 990 ‚
1399 951 1531 995 quam

141 1005 485 1065 praestantiorem
501 1005 704 1049 omnibus
716 1004 843 1049 bonis
859 1005 903 1047 in
918 1013 1132 1063 potestate
1147 1015 1293 1050 nostra
1306 1022 1396 1050 non
1408 1022 1531 1051 cons-

141 1075 309 1129 titutis,
334 1073 423 1118 sola
456 1073 521 1116 illi
549 1074 751 1117 voluntas
779 1089 857 1133 per
878 1089 922 1117 se
946 1075 1083 1133 ipsam
1101 1074 1239 1119 daret.
1262 1079 1417 1135 Itaque
1434 1092 1532 1121 cum

141 1160 184 1189 se
205 1145 296 1204 ipse
313 1144 603 1188 miserrimum
620 1144 790 1203 judicet
809 1179 820 1195 ,
845 1144 879 1186 si
896 1145 1085 1188 amiserit
1108 1144 1334 1201 gloriosam
1351 1144 1528 1202 famam,

138 1215 336 1273 ingentes
354 1229 486 1273 opes,
523 1223 567 1257 et
587 1213 798 1273 quaelibet
829 1214 1021 1272 corporis
1056 1214 1195 1271 bona3
1226 1223 1276 1258 tu
1309 1230 1410 1258 eum
1440 1232 1531 1260 non

139 1285 431 1329 miserrimum
449 1284 666 1343 judicabis
682 1318 694 1338 ‚
714 1285 846 1328 etiam
865 1284 899 1327 si
914 1282 1075 1327 talibus
1093 1284 1290 1328 abundet
1307 1286 1552 1342 omnibus,'‘

140 1370 242 1399 cum
255 1355 304 1398 iis
320 1353 507 1398 inhaeret
520 1369 620 1413 quae
635 1353 833 1397 amittere
851 1351 1056 1396 facillime
1073 1362 1215 1411 potest
1229 1388 1240 1407 ‚
1264 1369 1409 1413 neque
1422 1355 1532 1400 dum

139 1423 236 1469 vult
255 1425 391 1468 habet
410 1458 420 1478 ,
452 1432 569 1468 caret
591 1432 738 1466 autem
758 1423 874 1466 bona
901 1421 1128 1466 voluntate
1144 1456 1155 1476 ‚
1180 1438 1280 1481 quae
1302 1439 1383 1468 nec
1409 1440 1530 1470 com—

140 1493 333 1553 paranda
355 1503 419 1538 est
440 1508 541 1537 cum
572 1493 684 1547 istis,
710 1501 753 1536 et
781 1507 882 1537 cum
917 1492 971 1535 sit
991 1501 1079 1535 tam
1103 1507 1309 1549 magnum
1332 1493 1527 1551 bonum,

138 1563 251 1607 velle
277 1562 420 1608 solum
448 1579 558 1622 opus
580 1571 674 1616 est,
705 1571 753 1605 ut
787 1563 1030 1606 habeatur?
1058 1564 1109 1606 E.
1142 1562 1424 1607 Verissimum
1447 1575 1523 1610 est.

139 1637 193 1679 A.
221 1637 326 1678 Jure
346 1635 478 1691 igitur
500 1650 549 1678 ae
567 1633 722 1677 merito
739 1632 861 1677 stulti
878 1633 1094 1687 homines,
1119 1634 1287 1677 tametsi
1304 1650 1528 1695 nunquam

136 1703 318 1747 fuerunt
344 1703 592 1761 sapientes,
626 1704 711 1746 hoc
747 1703 865 1746 enim
899 1703 1083 1746 dubium
1113 1712 1157 1747 et
1185 1703 1526 1750 occultissimum

136 1783 225 1828 est,
250 1772 554 1832 hujuscemodi
576 1772 829 1817 afficiuntur
851 1772 1037 1817 miseria.
1063 1775 1114 1816 E.
1136 1774 1374 1818 Assentior.

193 1845 379 1887 XXVII.
414 1846 466 1887 A.
501 1842 736 1895 Considera
762 1859 903 1898 nunc,
923 1851 1074 1887 utrum
1098 1843 1181 1887 tibi
1209 1843 1407 1889 videatur
1435 1856 1547 1896 esse}

134 1911 367 1971 prudentia
400 1912 744 1971 appetendarum
774 1921 816 1956 et
843 1912 1121 1957 vitandarum
1148 1929 1294 1958 rerum
1328 1916 1521 1960 scientia.

134 1986 188 2028 E.
225 1983 425 2028 Videtur.
466 1987 518 2027 A.
546 1983 662 2036 Quid
678 2018 690 2039 ‚
729 1983 943 2028 fortitudo
977 1999 1126 2028 nonne
1159 1983 1234 2028 illa
1271 1994 1336 2030 est
1373 1978 1546 2031 animae>

136 2055 335 2110 affectio,
360 2070 446 2114 qua
472 2056 618 2098 omnia
646 2055 925 2100 incommoda
948 2065 991 2100 et
1015 2056 1175 2100 damna
1205 2071 1350 2101 rerum
1373 2073 1461 2102 non
1481 2059 1528 2102 in

134 2135 281 2170 nostra
300 2134 513 2184 potestate
529 2125 865 2170 constitutarum
884 2127 1240 2172 contemnimus?
1261 2130 1313 2171 E.
1341 2131 1406 2172 Ita
1421 2129 1526 2174 exis-

135 2197 258 2240 timo.
285 2199 338 2239 A.
365 2198 498 2240 Porro
520 2197 807 2255 temperantia
837 2207 901 2241 est
923 2198 1095 2242 affectio
1114 2200 1317 2242 coercens
1338 2208 1381 2242 et
1403 2199 1526 2243 cohi-

136 2265 245 2308 bens
264 2266 503 2324 appetitum
520 2266 576 2309 ab
598 2265 648 2309 iis
664 2266 817 2322 rebus,
838 2282 937 2326 quae
956 2268 1140 2326 turpiter
1156 2277 1423 2328 appetuntur
1442 2288 1451 2314 :
1472 2284 1527 2313 an

137 2343 187 2378 tu
222 2333 347 2378 aliter
367 2337 526 2393 putas?
561 2338 613 2379 E.
641 2338 736 2380 Imo
758 2336 816 2380 ita
846 2336 952 2381 dicis
974 2346 1024 2381 ut
1056 2338 1210 2382 sentio.
1236 2341 1288 2383 A.
1315 2341 1411 2383 Jam
1432 2340 1562 2417 jus-‘⁹3

138 2404 279 2448 titiam
311 2405 419 2464 quid
442 2404 637 2449 dicamus
659 2421 774 2462 esse,
812 2407 894 2451 nisi
927 2408 1132 2451 virtutem
1156 2424 1243 2468 qua
1272 2424 1347 2453 sua
1370 2410 1547 2469 cuique}

188 2496 196 2511 ¹
223 2500 234 2520 1
257 2491 398 2522 Reti-acti
421 2500 490 2532 cap.
515 2501 558 2523 1x.
577 2501 608 2521 n.
633 2492 661 2523 3.
