1729 3143
225 197 308 237 496
644 204 679 233 s.
715 202 944 233 AUGUSTINI
976 205 1156 234 131>1scom

221 284 296 320 aut
317 275 396 319 soli
418 274 571 316 animae
599 271 813 330 optimum
845 282 928 325 est,
959 270 1005 314 id
1027 280 1091 315 est
1106 306 1117 326 ‚
1149 272 1365 331 optimum
1389 273 1591 316 hominis.

279 348 375 388 VII.
401 342 604 401 Corporis
625 350 770 385 autem
792 342 826 385 si
848 342 1083 401 quaerimus
1105 341 1212 402 quid
1234 342 1447 401 optimum
1467 343 1535 397 sit,
1552 342 1598 385 id

219 423 334 460 certa
354 414 462 457 ratio
484 412 600 471 cogit
622 410 767 467 fateri,
797 428 873 472 per
891 412 1011 472 quod
1032 413 1082 456 fit
1103 421 1152 456 ut
1174 427 1263 457 sese
1290 428 1446 472 corpus
1467 427 1598 472 quam

219 485 380 544 optime
401 483 575 528 habeat.
600 482 718 528 Nihil
751 492 814 527 est
841 492 985 527 autem
1017 483 1236 538 omnium,
1271 498 1370 543 quae
1397 490 1601 541 vegetant

218 570 375 614 corpus
390 589 402 610 ,
428 554 572 599 anima
592 552 746 598 melius
777 563 907 614 atque
929 554 1216 614 praestantius.
1247 556 1326 598 Est
1348 569 1452 612 ergo
1480 568 1600 597 sum-

218 641 340 670 mum
361 625 552 685 corporis
573 625 764 680 bonum,
790 640 880 669 non
895 625 1094 685 voluptas
1118 626 1232 685 ejus,
1257 640 1348 669 non
1368 623 1598 678 indoloria,

218 713 307 742 non
340 697 472 751 vires,
505 711 595 742 non
625 695 935 756 pulchritudo,
971 711 1061 741 non
1090 694 1315 750 velocitas,
1356 704 1399 739 et
1430 695 1464 738 si
1495 692 1602 753 quid

219 766 339 812 aliud
357 767 401 810 in
423 766 544 811 bonis
565 767 756 826 corporis
772 766 993 810 numerari
1011 766 1136 825 solet,
1152 766 1227 811 sed
1243 766 1422 810 omnino
1441 764 1598 808 anima.

218 841 325 883 Nam
348 846 392 882 et
411 836 491 882 ista
507 852 606 897 quae
628 845 965 880 commemorata
986 846 1087 880 sunt
1101 872 1112 889 ,
1142 837 1371 895 praesentia
1399 835 1465 879 sui
1481 833 1605 878 exhi-

220 910 293 954 bet
315 908 512 968 corpori,
537 916 581 951 et
595 906 715 966 quod
733 904 953 950 antecellit
967 905 1187 960 omnibus,
1208 905 1358 948 vitam.
1380 904 1606 957 Quamob-

221 995 311 1024 rem
341 994 430 1023 non
452 978 623 1022 videtur
645 977 753 1020 mihi
775 976 916 1020 anima
948 990 1038 1020 esse
1070 990 1290 1019 summum
1311 974 1500 1018 hominis
1521 974 1606 1018 bo-

219 1066 326 1094 num
343 1084 353 1103 ,
379 1049 468 1093 sive
497 1049 684 1092 animam
713 1046 841 1091 simul
868 1056 911 1091 et
932 1062 1112 1106 corpus,
1139 1047 1227 1091 sive
1251 1046 1437 1090 animam
1470 1044 1606 1088 solam

219 1121 441 1165 hominem
458 1118 656 1162 dicimus.
686 1120 740 1164 Ut
765 1118 881 1161 enim
909 1118 1101 1177 corporis
1132 1131 1353 1161 summurn
1373 1116 1538 1160 bonum
1561 1114 1608 1159 id

219 1190 385 1236 invenit
404 1189 513 1233 ratio
529 1224 540 1243 ,
565 1187 684 1249 quod
705 1197 769 1232 est
784 1202 965 1247 corpore
987 1187 1140 1231 melius
1154 1222 1166 1242 ,
1187 1196 1230 1230 et
1251 1201 1339 1245 quo
1361 1186 1399 1228 ei
1417 1186 1539 1243 vigor
1563 1193 1606 1228 et

220 1261 305 1305 vita
328 1260 550 1320 praebetur
573 1278 581 1302 :
606 1259 665 1302 ita
690 1259 777 1302 sive
799 1273 955 1316 corpus
977 1266 1018 1301 et
1042 1257 1208 1312 anima,
1235 1256 1322 1300 sive
1349 1255 1490 1299 anima
1513 1256 1606 1313 ipsa

220 1347 296 1389 per
316 1346 360 1374 se
381 1331 514 1374 homo
542 1329 596 1373 sit
611 1363 621 1383 ,
646 1327 960 1373 inveniendum
988 1336 1072 1381 est,
1098 1327 1130 1371 si
1151 1325 1258 1386 quid
1278 1325 1466 1369 animam
1489 1340 1606 1383 prae-

219 1401 334 1446 cedit
354 1401 512 1460 ipsam,
538 1399 659 1459 quod
680 1414 781 1443 cum
805 1398 949 1441 anima
969 1397 1186 1457 sequitur,
1214 1397 1262 1439 fit
1284 1396 1330 1438 in
1351 1410 1429 1439 suo
1448 1409 1606 1452 genere

219 1487 351 1533 quam
373 1479 515 1530 potest
536 1471 714 1529 optima.
740 1467 870 1522 Quod
892 1468 926 1512 si
944 1468 1130 1527 reperire
1146 1466 1440 1526 potuerimus,
1461 1465 1507 1508 id
1524 1465 1605 1508 erit

218 1542 415 1601 profecto
433 1541 553 1601 quod
575 1541 833 1599 ambagibus
857 1540 1029 1584 remotis
1046 1538 1263 1592 omnibus,
1287 1552 1507 1582 summum
1522 1536 1606 1581 ho-

220 1614 347 1657 minis
369 1613 535 1657 bonum
552 1613 650 1671 jure
671 1611 912 1670 meritoque
931 1610 1249 1653 nominandum
1273 1617 1351 1652 est,

283 1687 402 1728 VIII.
440 1687 528 1727 Aut
547 1683 581 1726 si
603 1697 759 1741 corpus
778 1690 842 1726 est
864 1682 995 1725 homo
1014 1715 1024 1734 ,
1050 1681 1159 1741 quin
1181 1679 1369 1723 hominis
1391 1678 1607 1737 optimum

221 1756 362 1798 anima
383 1755 474 1812 ipsa
495 1754 574 1807 sit,
610 1767 807 1796 recusare
839 1766 928 1795 non
960 1765 1149 1809 possum.
1179 1749 1263 1794 Sed
1292 1757 1407 1792 certe
1430 1762 1531 1792 cum
1553 1746 1608 1790 de

222 1825 415 1869 moribus
439 1825 602 1881 agitur,
628 1838 728 1866 cum
751 1821 987 1881 quaerimus
1009 1821 1189 1879 quinam
1223 1819 1322 1862 vitae
1354 1817 1508 1861 modus
1543 1827 1609 1861 te-

221 1895 390 1940 nendus
412 1896 465 1939 sit
487 1903 536 1938 ut
552 1892 866 1938 beatitudinem
884 1891 1096 1951 possimus
1113 1890 1313 1949 adipisci,
1339 1905 1427 1933 non
1449 1903 1605 1948 corpov

218 1969 272 2011 ris
292 1974 506 2026 praecepta
526 1965 686 2009 dantur
701 1998 712 2019 ,
738 1978 827 2007 non
848 1962 1038 2021 corporis
1058 1960 1357 2019 investiganda
1379 1968 1442 2003 est
1474 1957 1606 2003 disci-

220 2038 352 2097 plina.
376 2041 599 2082 Postremo
622 2036 760 2080 bonos
783 2048 922 2078 mores
951 2048 1000 2076 ea
1034 2040 1178 2076 nostra
1210 2045 1308 2089 pars
1340 2039 1489 2074 actura
1512 2038 1577 2074 est
1592 2063 1604 2085 ,

222 2124 320 2168 quae
341 2108 521 2168 inquirit
537 2142 547 2161 ,
570 2116 614 2150 et
634 2105 782 2161 discit,
808 2113 850 2148 et
871 2105 964 2147 haec
986 2103 1141 2146 animae
1164 2110 1266 2146 sunt
1285 2100 1460 2160 propria
1483 2119 1491 2144 :
1519 2114 1608 2144 non

222 2180 354 2238 igitur
376 2179 430 2223 de
453 2192 658 2237 corpore,
697 2190 797 2219 cum
819 2174 873 2218 de
895 2174 1055 2218 virtute
1079 2171 1318 2217 obtinenda
1340 2171 1574 2230 satagimus
1592 2204 1603 2225 ,

224 2251 405 2309 quaestio
429 2258 505 2294 est.
532 2248 661 2302 Quod
683 2248 717 2291 si
739 2255 803 2290 est
829 2258 1112 2304 consequens,
1139 2243 1263 2287 sicuti
1287 2251 1371 2296 est,
1394 2251 1444 2285 ut
1464 2242 1608 2301 ipsum

225 2337 381 2380 corpus
404 2335 505 2365 cum
528 2320 583 2363 ab
613 2319 755 2363 anima
779 2317 940 2373 regitur
956 2350 966 2365 ,
998 2330 1097 2375 quae
1120 2314 1288 2358 virtutis
1316 2327 1493 2371 compos
1515 2321 1604 2365 est,

225 2391 365 2435 multo
395 2400 438 2434 et
460 2390 612 2434 melius
635 2397 808 2446 regatur
829 2396 873 2430 et
899 2386 1143 2438 honestius,
1170 2399 1308 2443 coque
1336 2383 1498 2441 optime
1519 2396 1608 2425 sese

228 2462 402 2516 habeat,
420 2477 507 2521 quo
530 2470 593 2505 est
607 2460 768 2519 optima
781 2457 871 2510 illa,
893 2473 992 2516 quae
1012 2457 1091 2500 sibi
1101 2457 1215 2515 justa
1230 2454 1325 2513 lege
1341 2454 1606 2506 dominatur,

229 2531 274 2575 id
287 2533 367 2576 erit
376 2533 564 2577 hominis
577 2532 791 2591 optimum
804 2530 925 2589 quod
934 2529 1122 2573 animam
1135 2526 1342 2586 optimam
1350 2524 1467 2578 facit,
1480 2523 1609 2568 etiarn
