1729 3143
240 162 323 200 338
675 172 707 196 s.
744 168 974 196 Aucusnm
1007 169 1186 197 EPISCOPI

231 238 488 282 amitterem.
511 238 732 278 Postremo
750 234 881 278 etiam
898 233 933 277 si
952 232 1120 278 adesset
1142 248 1312 293 semper
1333 236 1520 281 suavitas
1539 270 1551 292 ,
1575 246 1620 282 et

228 309 338 354 lucis
365 304 559 361 videnti,
592 313 635 349 et
671 305 787 350 vocis
819 304 1045 361 audienti,
1081 305 1191 365 quid
1217 320 1426 365 magnum
1455 307 1511 353 ad
1546 323 1618 353 me

231 377 477 439 perveniret
494 410 506 430 ,
532 390 634 420 cum
660 376 769 419 mihi
799 385 908 422 esset
939 390 1173 421 commune
1203 391 1306 420 cum
1329 375 1486 422 belluis
1512 380 1530 423 P
1562 381 1621 424 At

230 449 302 493 illa
323 446 516 493 veritatis
542 455 585 491 et
606 446 829 506 sapientiae
855 446 1138 507 pulchritudo
1153 481 1165 502 ‚
1191 455 1367 491 tantum
1389 447 1499 492 adsit
1518 464 1620 508 per-

228 533 428 564 severans
450 517 652 563 voluntas
683 517 884 574 fruendi,
912 534 994 563 nec
1023 517 1312 563 multitudine
1346 519 1621 564 audientium

227 589 469 649 constipata
490 589 676 635 secludit
698 590 919 634 venientes
935 625 946 644 ,
967 605 1048 634 nec
1063 590 1284 649 peragitur
1304 598 1522 649 tempore,
1542 604 1623 634 nec

228 660 384 717 migrat
404 656 510 705 locis
525 695 537 716 ,
560 676 640 706 nec
657 670 786 706 nocte
808 661 1107 721 intercipitur,
1135 677 1216 706 nec
1238 661 1393 706 umbra
1413 659 1623 704 interclu-

226 730 371 786 ditur,
397 746 477 775 nec
497 731 693 776 sensibus
721 734 913 791 corporis
931 732 1144 792 subjacet.
1168 736 1231 777 De
1260 741 1353 778 toto
1377 731 1545 776 mundo
1566 729 1622 775 ad

230 816 276 846 se
309 802 522 848 conversis
560 803 636 864 qui
667 802 856 862 diligunt
889 818 983 847 eam
1000 837 1012 858 ,
1059 803 1263 848 omnibus
1298 804 1492 863 proxima
1527 812 1590 848 est
1607 836 1618 858 ‚

227 873 430 918 omnibus
451 874 713 933 sempiterna
731 895 743 931 3
768 873 891 918 nullo
913 874 1013 918 loco
1035 883 1124 930 est,
1150 889 1371 934 nusquam
1393 874 1512 918 deest
1529 894 1540 931 3
1559 871 1624 917 fo-

227 944 283 988 ris
305 945 536 998 admonet,
561 946 679 986 intus
696 944 824 985 docet
844 966 856 999 3
880 955 1107 989 cernentes
1135 961 1179 989 se
1208 955 1452 989 commutat
1473 959 1624 989 omnes

228 1014 274 1059 in
295 1016 474 1070 melius,
494 1031 515 1058 a
533 1013 659 1058 nullo
679 1014 725 1057 in
743 1014 934 1058 deterius
952 1024 1272 1073 commutatur3
1302 1013 1449 1058 nullus
1471 1012 1526 1057 de
1550 1012 1625 1057 illa

221 1084 392 1144 judicat
408 1121 420 1142 ‚
443 1084 591 1130 nullus
612 1086 703 1130 sine
722 1085 794 1129 illa
807 1085 979 1145 judicat
1000 1086 1127 1130 bene.
1145 1089 1209 1130 Ac
1226 1101 1303 1145 per
1319 1076 1404 1130 hoc
1419 1100 1513 1128 eam
1528 1099 1624 1128 ma-

228 1155 438 1201 nifestum
460 1166 525 1201 est
546 1156 768 1201 mentibus
788 1157 946 1202 nostris
964 1192 975 1213 ‚
997 1173 1098 1216 quae
1120 1157 1175 1201 ab
1192 1158 1285 1216 ipsa
1302 1172 1392 1201 una
1408 1157 1522 1200 fiunt
1534 1155 1624 1199 sin-

228 1226 343 1285 gulae
364 1228 578 1287 sapientes
597 1262 607 1282 ‚
632 1237 676 1271 et
697 1243 788 1272 non
804 1229 858 1271 de
877 1228 969 1286 ipsa
987 1262 998 1284 ‚
1021 1226 1098 1271 sed
1116 1241 1193 1285 per
1210 1226 1347 1286 ipsam
1371 1226 1426 1271 de
1441 1227 1621 1281 caeteris,

220 1297 393 1356 judices
407 1333 418 1353 ‚
444 1299 534 1342 sine
550 1297 827 1342 dubitatione
850 1311 939 1340 esse
960 1296 1190 1355 potiorem.

288 1370 498 1413 XXXIX.
537 1373 602 1414 Tu
625 1379 773 1414 autem
794 1383 1084 1424 concesseras,
1115 1369 1150 1412 si
1175 1366 1284 1427 quid
1305 1383 1435 1427 supra
1457 1376 1624 1412 mentes

230 1449 396 1485 nostras
421 1455 511 1484 esse
540 1449 852 1495 monstrarem,
878 1442 1019 1484 Deum
1048 1448 1092 1484 te
1120 1454 1209 1484 esse
1239 1439 1566 1494 confessurum,
1591 1438 1625 1483 si

230 1511 374 1555 adhuc
396 1509 507 1554 nihil
528 1520 639 1554 esset
657 1511 871 1570 superius.
899 1513 1042 1564 Quam
1065 1519 1186 1555 tuam
1204 1509 1530 1555 concessionem
1554 1524 1625 1554 ac-

229 1582 351 1640 piens
376 1581 568 1626 dixeram
587 1582 687 1625 satis
709 1596 827 1637 esse,
857 1590 907 1626 ut
938 1582 1022 1626 hoc
1051 1581 1412 1627 demonstrarem.
1442 1581 1486 1626 Si
1507 1579 1625 1624 enim

230 1652 396 1713 aliquid
413 1662 477 1698 est
493 1653 798 1709 excellentius,
823 1651 903 1697 ille
915 1653 1060 1712 potius
1077 1655 1193 1697 Deus
1210 1662 1274 1698 est
1295 1672 1306 1699 ι
1324 1653 1359 1698 si
1372 1661 1519 1697 autem
1535 1665 1626 1696 non

231 1733 296 1768 est
313 1759 324 1779 ,
346 1725 438 1783 jam
473 1724 565 1783 ipsa
593 1724 750 1768 veritas
778 1727 892 1768 Deus
920 1734 998 1769 est.
1033 1724 1132 1770 Sive
1152 1739 1256 1784 ergo
1283 1724 1396 1768 illud
1421 1725 1504 1779 sit,
1537 1723 1626 1767 sive

232 1810 323 1839 non
340 1795 393 1839 sit
409 1829 421 1850 ‚
441 1798 584 1839 Deum
602 1803 750 1838 tamen
771 1808 861 1838 esse
875 1829 886 1848 ,
912 1808 1069 1851 negare
1088 1809 1179 1838 non
1199 1794 1362 1852 poteris
1386 1812 1396 1839 ι
1420 1809 1519 1853 quae
1542 1807 1625 1837 no-

234 1865 301 1910 bis
316 1874 409 1910 erat
429 1865 486 1910 ad
502 1863 802 1910 disserendum
822 1873 866 1908 et
878 1863 1156 1909 tractandum
1174 1863 1357 1924 quaestio
1373 1864 1622 1908 constituta.

233 1939 342 1983 Nam
363 1937 397 1981 si
419 1945 462 1980 te
481 1937 566 1980 hoc
588 1944 736 1981 movet
754 1934 876 1996 quod
888 1934 1007 1995 apud
1023 1943 1340 1979 sacrosanctam
1353 1933 1626 1993 disciplinam

234 2008 396 2055 Christi
417 2008 464 2052 in
485 2006 618 2052 fidem
642 2007 884 2067 recepimus
899 2042 910 2062 ‚
935 2021 1026 2051 esse
1051 2010 1224 2051 Patrem
1253 2005 1475 2065 sapientiae
1498 2024 1507 2050 :
1538 2018 1627 2048 me·

234 2089 384 2126 mento
412 2096 491 2126 nos
524 2081 655 2126 etiam
686 2081 771 2125 hoc
799 2081 846 2124 in
876 2080 1010 2123 fidem
1044 2078 1284 2138 accepisse,
1318 2076 1441 2138 quod
1462 2085 1627 2121 aeterno

236 2154 353 2198 Patri
375 2153 431 2198 sit
456 2153 636 2215 aequalis
659 2169 759 2213 quae
781 2152 836 2197 ab
858 2152 950 2211 ipso
971 2151 1116 2211 genita
1143 2159 1206 2195 est
1240 2149 1476 2210 Sapientia.
1500 2146 1626 2194 Unde

237 2241 355 2271 nunc
378 2226 489 2270 nihil
517 2224 807 2287 quaerendum
827 2233 913 2280 est,
938 2222 1014 2268 sed
1033 2224 1288 2267 inconcussa
1314 2221 1403 2266 fide
1433 2220 1627 2265 retinen-

236 2296 357 2341 dum.
384 2300 463 2342 Est
490 2298 606 2342 enim
635 2300 770 2352 Deus,
795 2304 839 2340 et
867 2309 969 2340 vere
997 2308 1255 2353 summeque
1275 2301 1354 2337 est.
1379 2290 1510 2345 Quod
1533 2291 1624 2350 jam

238 2383 327 2412 non
348 2368 488 2414 solum
507 2369 807 2414 indubitatum
824 2372 1041 2428 quantum
1063 2365 1250 2410 arbitror
1266 2364 1354 2408 fide
1370 2362 1621 2416 retinemUS‚

239 2440 314 2482 sed
335 2441 466 2485 etiam
488 2450 625 2497 certa,
651 2440 848 2501 quamvis
870 2439 1013 2483 adhuc
1034 2436 1287 2482 tenuissima
1305 2434 1447 2480 forma
1473 2430 1625 2491 cogni—

242 2508 368 2552 tionis
400 2512 652 2570 attingimus
679 2531 689 2556 ι
714 2511 834 2570 quod
856 2509 1086 2569 quaestioni
1115 2516 1325 2568 susceptae
1357 2503 1541 2558 sufficit,
1576 2510 1625 2546 ut
