<?xml version="1.0" encoding="UTF-8"?>
<!DOCTYPE html PUBLIC "-//W3C//DTD XHTML 1.0 Transitional//EN"
    "http://www.w3.org/TR/xhtml1/DTD/xhtml1-transitional.dtd">
<html xmlns="http://www.w3.org/1999/xhtml" xml:lang="en" lang="en">
 <head>
  <title>
</title>
<meta http-equiv="Content-Type" content="text/html;charset=utf-8" />
  <meta name='ocr-system' content='tesseract 3.04.00' />
  <meta name='ocr-capabilities' content='ocr_page ocr_carea ocr_par ocr_line ocrx_word'/>
</head>
<body>
  <div class='ocr_page' id='page_1' title='image "./operaomniaaccura27auguuoft/operaomniaaccura27auguuoft_0423.png"; bbox 0 0 1729 3143; ppageno 0'>
   <div class='ocr_carea' id='block_1_1' title="bbox 433 230 1475 284">
    <p class='ocr_par' dir='ltr' id='par_1_1' title="bbox 433 230 1475 284">
     <span class='ocr_line' id='line_1_1' title="bbox 433 230 1475 284; baseline -0.003 -10"><span class='ocrx_word' id='word_1_1' title='bbox 433 244 488 274; x_wconf 71' lang='grc' dir='ltr'><strong>ΒΕ</strong></span> <span class='ocrx_word' id='word_1_2' title='bbox 519 245 671 274; x_wconf 69' lang='lat' dir='ltr'><strong>muno</strong></span> <span class='ocrx_word' id='word_1_3' title='bbox 702 242 917 284; x_wconf 66' lang='lat' dir='ltr'><strong>Arima-mo,</strong></span> <span class='ocrx_word' id='word_1_4' title='bbox 951 245 1036 274; x_wconf 66' lang='lat' dir='ltr'><strong>Lus.</strong></span> <span class='ocrx_word' id='word_1_5' title='bbox 1072 244 1138 272; x_wconf 94' lang='lat'><strong>111.</strong></span> <span class='ocrx_word' id='word_1_6' title='bbox 1396 230 1475 271; x_wconf 81' lang='lat'><strong>411</strong></span> 
     </span>
    </p>
   </div>
   <div class='ocr_carea' id='block_1_2' title="bbox 42 306 1492 2626">
    <p class='ocr_par' dir='ltr' id='par_1_2' title="bbox 42 306 1485 721">
     <span class='ocr_line' id='line_1_2' title="bbox 102 306 1482 369; baseline -0.003 -14"><span class='ocrx_word' id='word_1_7' title='bbox 102 318 329 369; x_wconf 83' lang='lat' dir='ltr'><strong>potestate.</strong></span> <span class='ocrx_word' id='word_1_8' title='bbox 348 310 488 363; x_wconf 80' lang='lat' dir='ltr'><strong>Quam</strong></span> <span class='ocrx_word' id='word_1_9' title='bbox 508 311 561 355; x_wconf 91' lang='lat' dir='ltr'><strong>sit</strong></span> <span class='ocrx_word' id='word_1_10' title='bbox 578 318 723 354; x_wconf 91' lang='lat' dir='ltr'><strong>autem</strong></span> <span class='ocrx_word' id='word_1_11' title='bbox 740 308 926 353; x_wconf 89' lang='lat' dir='ltr'><strong>liberum</strong></span> <span class='ocrx_word' id='word_1_12' title='bbox 945 317 987 354; x_wconf 90' lang='lat' dir='ltr'><strong>et</strong></span> <span class='ocrx_word' id='word_1_13' title='bbox 1005 308 1060 353; x_wconf 91' lang='lat' dir='ltr'><strong>ab</strong></span> <span class='ocrx_word' id='word_1_14' title='bbox 1077 307 1279 353; x_wconf 90' lang='lat' dir='ltr'><strong>omnibus</strong></span> <span class='ocrx_word' id='word_1_15' title='bbox 1295 306 1482 352; x_wconf 85' lang='lat' dir='ltr'><strong>difficul-</strong></span> 
     </span>
     <span class='ocr_line' id='line_1_3' title="bbox 101 378 1482 440; baseline -0.003 -15"><span class='ocrx_word' id='word_1_16' title='bbox 101 380 200 425; x_wconf 87' lang='lat' dir='ltr'><strong>tatis</strong></span> <span class='ocrx_word' id='word_1_17' title='bbox 222 379 406 425; x_wconf 88' lang='lat' dir='ltr'><strong>vinculis</strong></span> <span class='ocrx_word' id='word_1_18' title='bbox 427 379 679 440; x_wconf 87' lang='lat' dir='ltr'><strong>expeditum</strong></span> <span class='ocrx_word' id='word_1_19' title='bbox 694 414 705 434; x_wconf 88' lang='lat'><strong>‚</strong></span> <span class='ocrx_word' id='word_1_20' title='bbox 724 380 769 422; x_wconf 93' lang='lat' dir='ltr'><strong>in</strong></span> <span class='ocrx_word' id='word_1_21' title='bbox 785 379 878 437; x_wconf 87' lang='lat' dir='ltr'><strong>ipsa</strong></span> <span class='ocrx_word' id='word_1_22' title='bbox 897 379 1119 438; x_wconf 75' lang='lat' dir='ltr'><strong>sapientiae</strong></span> <span class='ocrx_word' id='word_1_23' title='bbox 1143 378 1326 423; x_wconf 85' lang='lat' dir='ltr'><strong>sanitate</strong></span> <span class='ocrx_word' id='word_1_24' title='bbox 1355 393 1482 423; x_wconf 84' lang='lat' dir='ltr'><strong>cons-</strong></span> 
     </span>
     <span class='ocr_line' id='line_1_4' title="bbox 99 448 1485 506; baseline -0.001 -12"><span class='ocrx_word' id='word_1_25' title='bbox 99 451 258 506; x_wconf 88' lang='lat' dir='ltr'><strong>tituto,</strong></span> <span class='ocrx_word' id='word_1_26' title='bbox 285 466 373 495; x_wconf 92' lang='lat' dir='ltr'><strong>non</strong></span> <span class='ocrx_word' id='word_1_27' title='bbox 401 450 554 495; x_wconf 87' lang='lat' dir='ltr'><strong>cedere</strong></span> <span class='ocrx_word' id='word_1_28' title='bbox 576 450 674 495; x_wconf 91' lang='lat' dir='ltr'><strong>visis</strong></span> <span class='ocrx_word' id='word_1_29' title='bbox 695 448 910 494; x_wconf 88' lang='lat' dir='ltr'><strong>inferioris</strong></span> <span class='ocrx_word' id='word_1_30' title='bbox 932 449 1169 502; x_wconf 79' lang='lat' dir='ltr'><strong>illecebrae,</strong></span> <span class='ocrx_word' id='word_1_31' title='bbox 1197 448 1266 493; x_wconf 91' lang='lat' dir='ltr'><strong>vel</strong></span> <span class='ocrx_word' id='word_1_32' title='bbox 1287 449 1389 493; x_wconf 93' lang='lat' dir='ltr'><strong>hinc</strong></span> <span class='ocrx_word' id='word_1_33' title='bbox 1415 449 1485 493; x_wconf 93' lang='lat' dir='ltr'><strong>in—</strong></span> 
     </span>
     <span class='ocr_line' id='line_1_5' title="bbox 98 519 1485 581; baseline 0 -16"><span class='ocrx_word' id='word_1_34' title='bbox 98 520 236 580; x_wconf 86' lang='lat' dir='ltr'><strong>telligi</strong></span> <span class='ocrx_word' id='word_1_35' title='bbox 255 530 416 580; x_wconf 87' lang='lat' dir='ltr'><strong>potest,</strong></span> <span class='ocrx_word' id='word_1_36' title='bbox 440 520 561 581; x_wconf 91' lang='lat' dir='ltr'><strong>quod</strong></span> <span class='ocrx_word' id='word_1_37' title='bbox 576 521 702 565; x_wconf 88' lang='lat' dir='ltr'><strong>etiam</strong></span> <span class='ocrx_word' id='word_1_38' title='bbox 720 519 842 564; x_wconf 88' lang='lat' dir='ltr'><strong>stulti</strong></span> <span class='ocrx_word' id='word_1_39' title='bbox 860 534 908 564; x_wconf 88' lang='lat' dir='ltr'><strong>ea</strong></span> <span class='ocrx_word' id='word_1_40' title='bbox 924 529 1130 578; x_wconf 88' lang='lat' dir='ltr'><strong>superant</strong></span> <span class='ocrx_word' id='word_1_41' title='bbox 1155 520 1209 563; x_wconf 93' lang='lat' dir='ltr'><strong>ad</strong></span> <span class='ocrx_word' id='word_1_42' title='bbox 1231 519 1485 578; x_wconf 86' lang='lat' dir='ltr'><strong>sapientiam</strong></span> 
     </span>
     <span class='ocr_line' id='line_1_6' title="bbox 96 588 1484 650; baseline -0.001 -15"><span class='ocrx_word' id='word_1_43' title='bbox 96 592 321 636; x_wconf 88' lang='lat' dir='ltr'><strong>transituri</strong></span> <span class='ocrx_word' id='word_1_44' title='bbox 341 626 352 645; x_wconf 95' lang='lat'><strong>‚</strong></span> <span class='ocrx_word' id='word_1_45' title='bbox 391 592 521 636; x_wconf 90' lang='lat' dir='ltr'><strong>etiam</strong></span> <span class='ocrx_word' id='word_1_46' title='bbox 561 606 662 636; x_wconf 91' lang='lat' dir='ltr'><strong>cum</strong></span> <span class='ocrx_word' id='word_1_47' title='bbox 699 589 894 634; x_wconf 87' lang='lat' dir='ltr'><strong>molestia</strong></span> <span class='ocrx_word' id='word_1_48' title='bbox 938 588 1112 634; x_wconf 89' lang='lat' dir='ltr'><strong>carendi</strong></span> <span class='ocrx_word' id='word_1_49' title='bbox 1149 590 1484 650; x_wconf 88' lang='lat' dir='ltr'><strong>perniciosarum</strong></span> 
     </span>
     <span class='ocr_line' id='line_1_7' title="bbox 42 659 1039 721; baseline -0.003 -15"><span class='ocrx_word' id='word_1_50' title='bbox 42 688 51 697; x_wconf 73' lang='lat'><strong>.</strong></span> <span class='ocrx_word' id='word_1_51' title='bbox 97 661 466 706; x_wconf 88' lang='lat' dir='ltr'><strong>consuetudinum</strong></span> <span class='ocrx_word' id='word_1_52' title='bbox 488 660 778 721; x_wconf 89' lang='lat' dir='ltr'><strong>pestilentiosa</strong></span> <span class='ocrx_word' id='word_1_53' title='bbox 792 659 1039 705; x_wconf 83' lang='lat' dir='ltr'><strong>dulcedine.</strong></span> 
     </span>
    </p>

    <p class='ocr_par' dir='ltr' id='par_1_3' title="bbox 45 729 1492 2413">
     <span class='ocr_line' id='line_1_8' title="bbox 155 729 1486 791; baseline 0 -15"><span class='ocrx_word' id='word_1_54' title='bbox 155 734 332 777; x_wconf 86' lang='lat' dir='ltr'><strong>LXXV.</strong></span> <span class='ocrx_word' id='word_1_55' title='bbox 368 733 514 786; x_wconf 83' lang='lat' dir='ltr'><strong>Quaeri</strong></span> <span class='ocrx_word' id='word_1_56' title='bbox 536 741 681 777; x_wconf 91' lang='lat' dir='ltr'><strong>autem</strong></span> <span class='ocrx_word' id='word_1_57' title='bbox 700 733 784 777; x_wconf 92' lang='lat' dir='ltr'><strong>hoc</strong></span> <span class='ocrx_word' id='word_1_58' title='bbox 805 732 902 777; x_wconf 88' lang='lat' dir='ltr'><strong>loco</strong></span> <span class='ocrx_word' id='word_1_59' title='bbox 919 739 1078 791; x_wconf 88' lang='lat' dir='ltr'><strong>potest,</strong></span> <span class='ocrx_word' id='word_1_60' title='bbox 1096 729 1130 775; x_wconf 91' lang='lat' dir='ltr'><strong>si</strong></span> <span class='ocrx_word' id='word_1_61' title='bbox 1143 730 1311 775; x_wconf 88' lang='lat' dir='ltr'><strong>homini</strong></span> <span class='ocrx_word' id='word_1_62' title='bbox 1327 739 1486 790; x_wconf 80' lang='lat' dir='ltr'><strong>praesto</strong></span> 
     </span>
     <span class='ocr_line' id='line_1_9' title="bbox 95 801 1483 864; baseline -0.002 -16"><span class='ocrx_word' id='word_1_63' title='bbox 95 801 276 848; x_wconf 87' lang='lat' dir='ltr'><strong>fuerunt</strong></span> <span class='ocrx_word' id='word_1_64' title='bbox 297 818 348 848; x_wconf 88' lang='lat' dir='ltr'><strong>ex</strong></span> <span class='ocrx_word' id='word_1_65' title='bbox 371 813 558 864; x_wconf 89' lang='lat' dir='ltr'><strong>utraque</strong></span> <span class='ocrx_word' id='word_1_66' title='bbox 588 813 710 863; x_wconf 87' lang='lat' dir='ltr'><strong>parte</strong></span> <span class='ocrx_word' id='word_1_67' title='bbox 743 804 832 848; x_wconf 90' lang='lat' dir='ltr'><strong>visa</strong></span> <span class='ocrx_word' id='word_1_68' title='bbox 847 838 858 858; x_wconf 96' lang='lat'><strong>,</strong></span> <span class='ocrx_word' id='word_1_69' title='bbox 892 817 1029 847; x_wconf 89' lang='lat' dir='ltr'><strong>unum</strong></span> <span class='ocrx_word' id='word_1_70' title='bbox 1056 817 1107 846; x_wconf 86' lang='lat' dir='ltr'><strong>ex</strong></span> <span class='ocrx_word' id='word_1_71' title='bbox 1128 810 1347 861; x_wconf 88' lang='lat' dir='ltr'><strong>praecepto</strong></span> <span class='ocrx_word' id='word_1_72' title='bbox 1371 801 1449 846; x_wconf 90' lang='lat' dir='ltr'><strong>Dei</strong></span> <span class='ocrx_word' id='word_1_73' title='bbox 1471 836 1483 857; x_wconf 92' lang='lat'><strong>,</strong></span> 
     </span>
     <span class='ocr_line' id='line_1_10' title="bbox 96 871 1489 934; baseline -0.003 -15"><span class='ocrx_word' id='word_1_74' title='bbox 96 874 280 919; x_wconf 88' lang='lat' dir='ltr'><strong>alterum</strong></span> <span class='ocrx_word' id='word_1_75' title='bbox 302 890 355 918; x_wconf 82' lang='lat' dir='ltr'><strong>ex</strong></span> <span class='ocrx_word' id='word_1_76' title='bbox 378 875 652 934; x_wconf 83' lang='lat' dir='ltr'><strong>suggestione</strong></span> <span class='ocrx_word' id='word_1_77' title='bbox 677 875 913 934; x_wconf 87' lang='lat' dir='ltr'><strong>serpentis,</strong></span> <span class='ocrx_word' id='word_1_78' title='bbox 946 873 1064 918; x_wconf 92' lang='lat' dir='ltr'><strong>unde</strong></span> <span class='ocrx_word' id='word_1_79' title='bbox 1088 873 1167 929; x_wconf 85' lang='lat' dir='ltr'><strong>ipsi</strong></span> <span class='ocrx_word' id='word_1_80' title='bbox 1192 871 1367 916; x_wconf 87' lang='lat' dir='ltr'><strong>diabolo</strong></span> <span class='ocrx_word' id='word_1_81' title='bbox 1389 887 1489 931; x_wconf 84' lang='lat' dir='ltr'><strong>sug-</strong></span> 
     </span>
     <span class='ocr_line' id='line_1_11' title="bbox 95 939 1486 1004; baseline -0.001 -16"><span class='ocrx_word' id='word_1_82' title='bbox 95 953 264 1004; x_wconf 85' lang='lat' dir='ltr'><strong>gestum</strong></span> <span class='ocrx_word' id='word_1_83' title='bbox 296 945 349 988; x_wconf 91' lang='lat' dir='ltr'><strong>sit</strong></span> <span class='ocrx_word' id='word_1_84' title='bbox 386 946 643 1003; x_wconf 79' lang='lat' dir='ltr'><strong>appetendae</strong></span> <span class='ocrx_word' id='word_1_85' title='bbox 666 943 900 1002; x_wconf 87' lang='lat' dir='ltr'><strong>impietatis</strong></span> <span class='ocrx_word' id='word_1_86' title='bbox 922 939 1151 986; x_wconf 90' lang='lat' dir='ltr'><strong>consilium</strong></span> <span class='ocrx_word' id='word_1_87' title='bbox 1169 975 1179 995; x_wconf 92' lang='lat'><strong>,</strong></span> <span class='ocrx_word' id='word_1_88' title='bbox 1215 957 1305 1001; x_wconf 90' lang='lat' dir='ltr'><strong>quo</strong></span> <span class='ocrx_word' id='word_1_89' title='bbox 1331 942 1386 985; x_wconf 91' lang='lat' dir='ltr'><strong>de</strong></span> <span class='ocrx_word' id='word_1_90' title='bbox 1411 958 1486 986; x_wconf 91' lang='lat' dir='ltr'><strong>su-</strong></span> 
     </span>
     <span class='ocr_line' id='line_1_12' title="bbox 45 1011 1490 1059; baseline -0.001 -1"><span class='ocrx_word' id='word_1_91' title='bbox 45 1012 51 1019; x_wconf 81' lang='grc'><em>’</em></span> <span class='ocrx_word' id='word_1_92' title='bbox 95 1013 305 1059; x_wconf 87' lang='lat' dir='ltr'><strong>blimibus</strong></span> <span class='ocrx_word' id='word_1_93' title='bbox 348 1014 523 1058; x_wconf 89' lang='lat' dir='ltr'><strong>sedibus</strong></span> <span class='ocrx_word' id='word_1_94' title='bbox 567 1014 801 1058; x_wconf 86' lang='lat' dir='ltr'><strong>laberetur.</strong></span> <span class='ocrx_word' id='word_1_95' title='bbox 853 1013 896 1058; x_wconf 93' lang='lat' dir='ltr'><strong>Si</strong></span> <span class='ocrx_word' id='word_1_96' title='bbox 935 1013 1051 1056; x_wconf 90' lang='lat' dir='ltr'><strong>enim</strong></span> <span class='ocrx_word' id='word_1_97' title='bbox 1091 1011 1214 1056; x_wconf 92' lang='lat' dir='ltr'><strong>nullo</strong></span> <span class='ocrx_word' id='word_1_98' title='bbox 1253 1012 1345 1057; x_wconf 87' lang='lat' dir='ltr'><strong>viso</strong></span> <span class='ocrx_word' id='word_1_99' title='bbox 1388 1021 1490 1057; x_wconf 87' lang='lat' dir='ltr'><strong>tan-</strong></span> 
     </span>
     <span class='ocr_line' id='line_1_13' title="bbox 95 1082 1488 1144; baseline 0 -17"><span class='ocrx_word' id='word_1_100' title='bbox 95 1093 294 1144; x_wconf 84' lang='lat' dir='ltr'><strong>geretur,</strong></span> <span class='ocrx_word' id='word_1_101' title='bbox 330 1099 421 1128; x_wconf 91' lang='lat' dir='ltr'><strong>non</strong></span> <span class='ocrx_word' id='word_1_102' title='bbox 443 1084 618 1142; x_wconf 85' lang='lat' dir='ltr'><strong>eligeret</strong></span> <span class='ocrx_word' id='word_1_103' title='bbox 647 1082 789 1128; x_wconf 73' lang='lat' dir='ltr'><strong>facere</strong></span> <span class='ocrx_word' id='word_1_104' title='bbox 821 1083 941 1144; x_wconf 91' lang='lat' dir='ltr'><strong>quod</strong></span> <span class='ocrx_word' id='word_1_105' title='bbox 975 1082 1079 1127; x_wconf 89' lang='lat' dir='ltr'><strong>fecit</strong></span> <span class='ocrx_word' id='word_1_106' title='bbox 1102 1101 1110 1128; x_wconf 93' lang='lat'><strong>:</strong></span> <span class='ocrx_word' id='word_1_107' title='bbox 1136 1097 1238 1127; x_wconf 88' lang='lat' dir='ltr'><strong>nam</strong></span> <span class='ocrx_word' id='word_1_108' title='bbox 1267 1083 1301 1127; x_wconf 90' lang='lat' dir='ltr'><strong>si</strong></span> <span class='ocrx_word' id='word_1_109' title='bbox 1329 1098 1420 1128; x_wconf 90' lang='lat' dir='ltr'><strong>non</strong></span> <span class='ocrx_word' id='word_1_110' title='bbox 1448 1085 1488 1128; x_wconf 90' lang='lat' dir='ltr'><strong>ei</strong></span> 
     </span>
     <span class='ocr_line' id='line_1_14' title="bbox 95 1152 1488 1214; baseline 0.001 -16"><span class='ocrx_word' id='word_1_111' title='bbox 95 1152 259 1214; x_wconf 90' lang='lat' dir='ltr'><strong>aliquid</strong></span> <span class='ocrx_word' id='word_1_112' title='bbox 279 1153 466 1198; x_wconf 89' lang='lat' dir='ltr'><strong>venisset</strong></span> <span class='ocrx_word' id='word_1_113' title='bbox 483 1153 530 1197; x_wconf 92' lang='lat' dir='ltr'><strong>in</strong></span> <span class='ocrx_word' id='word_1_114' title='bbox 546 1162 738 1198; x_wconf 87' lang='lat' dir='ltr'><strong>mentem</strong></span> <span class='ocrx_word' id='word_1_115' title='bbox 755 1188 767 1209; x_wconf 84' lang='lat'><strong>,</strong></span> <span class='ocrx_word' id='word_1_116' title='bbox 787 1153 912 1198; x_wconf 92' lang='lat' dir='ltr'><strong>nullo</strong></span> <span class='ocrx_word' id='word_1_117' title='bbox 934 1153 1067 1198; x_wconf 89' lang='lat' dir='ltr'><strong>modo</strong></span> <span class='ocrx_word' id='word_1_118' title='bbox 1084 1153 1370 1198; x_wconf 86' lang='lat' dir='ltr'><strong>intentionem</strong></span> <span class='ocrx_word' id='word_1_119' title='bbox 1387 1169 1488 1199; x_wconf 93' lang='lat' dir='ltr'><strong>con-</strong></span> 
     </span>
     <span class='ocr_line' id='line_1_15' title="bbox 93 1222 1490 1284; baseline 0.001 -16"><span class='ocrx_word' id='word_1_120' title='bbox 93 1224 291 1269; x_wconf 89' lang='lat' dir='ltr'><strong>vertisset</strong></span> <span class='ocrx_word' id='word_1_121' title='bbox 314 1223 360 1268; x_wconf 91' lang='lat' dir='ltr'><strong>in</strong></span> <span class='ocrx_word' id='word_1_122' title='bbox 393 1223 530 1268; x_wconf 87' lang='lat' dir='ltr'><strong>nefas.</strong></span> <span class='ocrx_word' id='word_1_123' title='bbox 563 1222 689 1268; x_wconf 88' lang='lat' dir='ltr'><strong>Unde</strong></span> <span class='ocrx_word' id='word_1_124' title='bbox 712 1223 846 1283; x_wconf 85' lang='lat' dir='ltr'><strong>igitur</strong></span> <span class='ocrx_word' id='word_1_125' title='bbox 878 1223 1000 1268; x_wconf 88' lang='lat' dir='ltr'><strong>venit</strong></span> <span class='ocrx_word' id='word_1_126' title='bbox 1026 1223 1073 1267; x_wconf 93' lang='lat' dir='ltr'><strong>in</strong></span> <span class='ocrx_word' id='word_1_127' title='bbox 1099 1232 1292 1268; x_wconf 90' lang='lat' dir='ltr'><strong>mentem</strong></span> <span class='ocrx_word' id='word_1_128' title='bbox 1309 1258 1320 1279; x_wconf 91' lang='lat'>‚</span> <span class='ocrx_word' id='word_1_129' title='bbox 1356 1225 1490 1284; x_wconf 92' lang='lat' dir='ltr'><strong>quid-</strong></span> 
     </span>
     <span class='ocr_line' id='line_1_16' title="bbox 97 1291 1491 1355; baseline 0 -17"><span class='ocrx_word' id='word_1_130' title='bbox 97 1293 204 1355; x_wconf 90' lang='lat' dir='ltr'><strong>quid</strong></span> <span class='ocrx_word' id='word_1_131' title='bbox 238 1292 351 1338; x_wconf 71' lang='lat' dir='ltr'><strong>illud</strong></span> <span class='ocrx_word' id='word_1_132' title='bbox 376 1302 438 1338; x_wconf 90' lang='lat' dir='ltr'><strong>est</strong></span> <span class='ocrx_word' id='word_1_133' title='bbox 468 1291 589 1354; x_wconf 90' lang='lat' dir='ltr'><strong>quod</strong></span> <span class='ocrx_word' id='word_1_134' title='bbox 619 1293 737 1337; x_wconf 87' lang='lat' dir='ltr'><strong>venit</strong></span> <span class='ocrx_word' id='word_1_135' title='bbox 767 1294 813 1337; x_wconf 88' lang='lat' dir='ltr'><strong>in</strong></span> <span class='ocrx_word' id='word_1_136' title='bbox 840 1302 1060 1348; x_wconf 89' lang='lat' dir='ltr'><strong>mentem,</strong></span> <span class='ocrx_word' id='word_1_137' title='bbox 1094 1302 1145 1337; x_wconf 88' lang='lat' dir='ltr'><strong>ut</strong></span> <span class='ocrx_word' id='word_1_138' title='bbox 1179 1308 1228 1338; x_wconf 90' lang='lat' dir='ltr'><strong>ea</strong></span> <span class='ocrx_word' id='word_1_139' title='bbox 1262 1293 1491 1338; x_wconf 87' lang='lat' dir='ltr'><strong>moliretur</strong></span> 
     </span>
     <span class='ocr_line' id='line_1_17' title="bbox 96 1363 1487 1424; baseline 0.001 -16"><span class='ocrx_word' id='word_1_140' title='bbox 96 1365 257 1424; x_wconf 89' lang='lat' dir='ltr'><strong>quibus</strong></span> <span class='ocrx_word' id='word_1_141' title='bbox 289 1379 341 1409; x_wconf 81' lang='lat' dir='ltr'><strong>ex</strong></span> <span class='ocrx_word' id='word_1_142' title='bbox 374 1364 494 1409; x_wconf 91' lang='lat' dir='ltr'><strong>bono</strong></span> <span class='ocrx_word' id='word_1_143' title='bbox 517 1364 687 1424; x_wconf 79' lang='lat' dir='ltr'><strong>Angelo</strong></span> <span class='ocrx_word' id='word_1_144' title='bbox 711 1363 913 1409; x_wconf 91' lang='lat' dir='ltr'><strong>diabolus</strong></span> <span class='ocrx_word' id='word_1_145' title='bbox 935 1364 1089 1408; x_wconf 87' lang='lat' dir='ltr'><strong>fieret?</strong></span> <span class='ocrx_word' id='word_1_146' title='bbox 1109 1364 1194 1418; x_wconf 89' lang='lat' dir='ltr'><strong>Qui</strong></span> <span class='ocrx_word' id='word_1_147' title='bbox 1226 1364 1342 1408; x_wconf 90' lang='lat' dir='ltr'><strong>enim</strong></span> <span class='ocrx_word' id='word_1_148' title='bbox 1362 1365 1487 1421; x_wconf 87' lang='lat' dir='ltr'><strong>vult,</strong></span> 
     </span>
     <span class='ocr_line' id='line_1_18' title="bbox 96 1433 1491 1496; baseline 0.001 -17"><span class='ocrx_word' id='word_1_149' title='bbox 96 1433 298 1496; x_wconf 87' lang='lat' dir='ltr'><strong>profecto</strong></span> <span class='ocrx_word' id='word_1_150' title='bbox 321 1435 490 1496; x_wconf 89' lang='lat' dir='ltr'><strong>aliquid</strong></span> <span class='ocrx_word' id='word_1_151' title='bbox 510 1435 604 1480; x_wconf 91' lang='lat' dir='ltr'><strong>vult</strong></span> <span class='ocrx_word' id='word_1_152' title='bbox 626 1454 636 1481; x_wconf 78' lang='lat' dir='ltr'>z</span> <span class='ocrx_word' id='word_1_153' title='bbox 661 1436 783 1496; x_wconf 88' lang='lat' dir='ltr'><strong>quod</strong></span> <span class='ocrx_word' id='word_1_154' title='bbox 805 1436 886 1480; x_wconf 89' lang='lat' dir='ltr'><strong>nisi</strong></span> <span class='ocrx_word' id='word_1_155' title='bbox 907 1444 983 1480; x_wconf 88' lang='lat' dir='ltr'><strong>aut</strong></span> <span class='ocrx_word' id='word_1_156' title='bbox 999 1435 1263 1480; x_wconf 84' lang='lat' dir='ltr'><strong>extrinsecus</strong></span> <span class='ocrx_word' id='word_1_157' title='bbox 1285 1451 1363 1496; x_wconf 90' lang='lat' dir='ltr'><strong>per</strong></span> <span class='ocrx_word' id='word_1_158' title='bbox 1391 1451 1491 1481; x_wconf 90' lang='lat' dir='ltr'><strong>sen—</strong></span> 
     </span>
     <span class='ocr_line' id='line_1_19' title="bbox 97 1506 1490 1566; baseline 0.001 -15"><span class='ocrx_word' id='word_1_159' title='bbox 97 1521 193 1551; x_wconf 92' lang='lat' dir='ltr'><strong>sum</strong></span> <span class='ocrx_word' id='word_1_160' title='bbox 210 1507 402 1566; x_wconf 91' lang='lat' dir='ltr'><strong>corporis</strong></span> <span class='ocrx_word' id='word_1_161' title='bbox 426 1506 736 1561; x_wconf 89' lang='lat' dir='ltr'><strong>admoneatur,</strong></span> <span class='ocrx_word' id='word_1_162' title='bbox 765 1516 843 1552; x_wconf 87' lang='lat' dir='ltr'><strong>aut</strong></span> <span class='ocrx_word' id='word_1_163' title='bbox 863 1506 1045 1551; x_wconf 90' lang='lat' dir='ltr'><strong>occultis</strong></span> <span class='ocrx_word' id='word_1_164' title='bbox 1068 1506 1209 1551; x_wconf 90' lang='lat' dir='ltr'><strong>modis</strong></span> <span class='ocrx_word' id='word_1_165' title='bbox 1230 1506 1277 1550; x_wconf 91' lang='lat' dir='ltr'><strong>in</strong></span> <span class='ocrx_word' id='word_1_166' title='bbox 1297 1516 1490 1552; x_wconf 89' lang='lat' dir='ltr'><strong>mentem</strong></span> 
     </span>
     <span class='ocr_line' id='line_1_20' title="bbox 95 1575 1491 1637; baseline 0 -15"><span class='ocrx_word' id='word_1_167' title='bbox 95 1577 268 1633; x_wconf 86' lang='lat' dir='ltr'><strong>veniat,</strong></span> <span class='ocrx_word' id='word_1_168' title='bbox 300 1575 416 1621; x_wconf 88' lang='lat' dir='ltr'><strong>velle</strong></span> <span class='ocrx_word' id='word_1_169' title='bbox 437 1592 528 1621; x_wconf 89' lang='lat' dir='ltr'><strong>non</strong></span> <span class='ocrx_word' id='word_1_170' title='bbox 558 1586 715 1636; x_wconf 86' lang='lat' dir='ltr'><strong>potest.</strong></span> <span class='ocrx_word' id='word_1_171' title='bbox 742 1577 1034 1622; x_wconf 86' lang='lat' dir='ltr'><strong>Discernenda</strong></span> <span class='ocrx_word' id='word_1_172' title='bbox 1057 1577 1190 1636; x_wconf 87' lang='lat' dir='ltr'><strong>igitur</strong></span> <span class='ocrx_word' id='word_1_173' title='bbox 1210 1586 1312 1622; x_wconf 90' lang='lat' dir='ltr'><strong>sunt</strong></span> <span class='ocrx_word' id='word_1_174' title='bbox 1333 1593 1491 1637; x_wconf 86' lang='lat' dir='ltr'><strong>genera</strong></span> 
     </span>
     <span class='ocr_line' id='line_1_21' title="bbox 97 1647 1492 1708; baseline 0.001 -15"><span class='ocrx_word' id='word_1_175' title='bbox 97 1648 306 1704; x_wconf 87' lang='lat' dir='ltr'><strong>visorum,</strong></span> <span class='ocrx_word' id='word_1_176' title='bbox 332 1663 524 1708; x_wconf 91' lang='lat' dir='ltr'><strong>quorum</strong></span> <span class='ocrx_word' id='word_1_177' title='bbox 545 1663 685 1692; x_wconf 91' lang='lat' dir='ltr'><strong>unum</strong></span> <span class='ocrx_word' id='word_1_178' title='bbox 699 1657 764 1693; x_wconf 90' lang='lat' dir='ltr'><strong>est</strong></span> <span class='ocrx_word' id='word_1_179' title='bbox 776 1648 898 1708; x_wconf 89' lang='lat' dir='ltr'><strong>quod</strong></span> <span class='ocrx_word' id='word_1_180' title='bbox 919 1648 1208 1708; x_wconf 87' lang='lat' dir='ltr'><strong>proficiscitur</strong></span> <span class='ocrx_word' id='word_1_181' title='bbox 1224 1664 1247 1693; x_wconf 90' lang='lat' dir='ltr'><strong>a</strong></span> <span class='ocrx_word' id='word_1_182' title='bbox 1264 1647 1492 1694; x_wconf 88' lang='lat' dir='ltr'><strong>voluntate</strong></span> 
     </span>
     <span class='ocr_line' id='line_1_22' title="bbox 97 1717 1491 1778; baseline 0.001 -15"><span class='ocrx_word' id='word_1_183' title='bbox 97 1718 317 1763; x_wconf 90' lang='lat' dir='ltr'><strong>suadentis</strong></span> <span class='ocrx_word' id='word_1_184' title='bbox 332 1753 343 1773; x_wconf 90' lang='lat'><strong>‚</strong></span> <span class='ocrx_word' id='word_1_185' title='bbox 370 1718 501 1778; x_wconf 87' lang='lat' dir='ltr'><strong>quale</strong></span> <span class='ocrx_word' id='word_1_186' title='bbox 522 1717 634 1763; x_wconf 92' lang='lat' dir='ltr'><strong>illud</strong></span> <span class='ocrx_word' id='word_1_187' title='bbox 652 1728 717 1763; x_wconf 88' lang='lat' dir='ltr'><strong>est</strong></span> <span class='ocrx_word' id='word_1_188' title='bbox 731 1718 912 1774; x_wconf 87' lang='lat' dir='ltr'><strong>diaboli,</strong></span> <span class='ocrx_word' id='word_1_189' title='bbox 938 1720 1007 1764; x_wconf 93' lang='lat' dir='ltr'><strong>cui</strong></span> <span class='ocrx_word' id='word_1_190' title='bbox 1026 1720 1159 1764; x_wconf 90' lang='lat' dir='ltr'><strong>homo</strong></span> <span class='ocrx_word' id='word_1_191' title='bbox 1176 1719 1491 1765; x_wconf 90' lang='lat' dir='ltr'><strong>consentiendo</strong></span> 
     </span>
     <span class='ocr_line' id='line_1_23' title="bbox 96 1787 1491 1848; baseline 0.001 -16"><span class='ocrx_word' id='word_1_192' title='bbox 96 1788 291 1848; x_wconf 87' lang='lat' dir='ltr'><strong>peccavit</strong></span> <span class='ocrx_word' id='word_1_193' title='bbox 326 1807 334 1833; x_wconf 90' lang='lat'><strong>:</strong></span> <span class='ocrx_word' id='word_1_194' title='bbox 372 1787 558 1832; x_wconf 90' lang='lat' dir='ltr'><strong>alterum</strong></span> <span class='ocrx_word' id='word_1_195' title='bbox 590 1803 614 1832; x_wconf 89' lang='lat' dir='ltr'><strong>a</strong></span> <span class='ocrx_word' id='word_1_196' title='bbox 650 1788 979 1848; x_wconf 81' lang='lat' dir='ltr'><strong>subjacentibus</strong></span> <span class='ocrx_word' id='word_1_197' title='bbox 1006 1790 1136 1834; x_wconf 88' lang='lat' dir='ltr'><strong>rebus</strong></span> <span class='ocrx_word' id='word_1_198' title='bbox 1157 1789 1229 1834; x_wconf 88' lang='lat' dir='ltr'><strong>vel</strong></span> <span class='ocrx_word' id='word_1_199' title='bbox 1257 1790 1491 1834; x_wconf 89' lang='lat' dir='ltr'><strong>intentioni</strong></span> 
     </span>
     <span class='ocr_line' id='line_1_24' title="bbox 99 1858 1489 1921; baseline 0.002 -18"><span class='ocrx_word' id='word_1_200' title='bbox 99 1859 259 1914; x_wconf 87' lang='lat' dir='ltr'><strong>animi,</strong></span> <span class='ocrx_word' id='word_1_201' title='bbox 289 1858 360 1903; x_wconf 88' lang='lat' dir='ltr'><strong>vel</strong></span> <span class='ocrx_word' id='word_1_202' title='bbox 380 1859 576 1903; x_wconf 90' lang='lat' dir='ltr'><strong>sensibus</strong></span> <span class='ocrx_word' id='word_1_203' title='bbox 599 1860 803 1919; x_wconf 89' lang='lat' dir='ltr'><strong>corporis.</strong></span> <span class='ocrx_word' id='word_1_204' title='bbox 840 1861 1079 1906; x_wconf 89' lang='lat' dir='ltr'><strong>Intentioni</strong></span> <span class='ocrx_word' id='word_1_205' title='bbox 1109 1861 1242 1906; x_wconf 87' lang='lat' dir='ltr'><strong>animi</strong></span> <span class='ocrx_word' id='word_1_206' title='bbox 1273 1861 1489 1921; x_wconf 85' lang='lat' dir='ltr'><strong>subjacet,</strong></span> 
     </span>
     <span class='ocr_line' id='line_1_25' title="bbox 99 1929 1492 1991; baseline 0.002 -18"><span class='ocrx_word' id='word_1_207' title='bbox 99 1938 276 1989; x_wconf 88' lang='lat' dir='ltr'><strong>excepta</strong></span> <span class='ocrx_word' id='word_1_208' title='bbox 302 1929 744 1974; x_wconf 89' lang='lat' dir='ltr'><strong>incommutabilitate</strong></span> <span class='ocrx_word' id='word_1_209' title='bbox 780 1931 1026 1985; x_wconf 87' lang='lat' dir='ltr'><strong>Trinitatis,</strong></span> <span class='ocrx_word' id='word_1_210' title='bbox 1058 1947 1159 1991; x_wconf 82' lang='lat' dir='ltr'><strong>quae</strong></span> <span class='ocrx_word' id='word_1_211' title='bbox 1190 1932 1370 1991; x_wconf 89' lang='lat' dir='ltr'><strong>quidem</strong></span> <span class='ocrx_word' id='word_1_212' title='bbox 1400 1947 1492 1976; x_wconf 92' lang='lat' dir='ltr'><strong>non</strong></span> 
     </span>
     <span class='ocr_line' id='line_1_26' title="bbox 97 2000 1491 2062; baseline 0.001 -18"><span class='ocrx_word' id='word_1_213' title='bbox 97 2000 320 2060; x_wconf 82' lang='lat' dir='ltr'><strong>subjacet,</strong></span> <span class='ocrx_word' id='word_1_214' title='bbox 360 2001 436 2045; x_wconf 92' lang='lat' dir='ltr'><strong>sed</strong></span> <span class='ocrx_word' id='word_1_215' title='bbox 474 2000 635 2045; x_wconf 85' lang='lat' dir='ltr'><strong>eminet</strong></span> <span class='ocrx_word' id='word_1_216' title='bbox 674 2001 848 2060; x_wconf 69' lang='lat' dir='ltr'><strong>potius,</strong></span> <span class='ocrx_word' id='word_1_217' title='bbox 886 2001 1084 2062; x_wconf 88' lang='lat' dir='ltr'><strong>subjacet</strong></span> <span class='ocrx_word' id='word_1_218' title='bbox 1120 2016 1222 2060; x_wconf 85' lang='lat' dir='ltr'><strong>ergo</strong></span> <span class='ocrx_word' id='word_1_219' title='bbox 1258 2002 1491 2048; x_wconf 87' lang='lat' dir='ltr'><strong>intentioni</strong></span> 
     </span>
     <span class='ocr_line' id='line_1_27' title="bbox 100 2071 1492 2131; baseline 0.001 -15"><span class='ocrx_word' id='word_1_220' title='bbox 100 2071 232 2116; x_wconf 89' lang='lat' dir='ltr'><strong>animi</strong></span> <span class='ocrx_word' id='word_1_221' title='bbox 265 2072 384 2131; x_wconf 86' lang='lat' dir='ltr'><strong>prius</strong></span> <span class='ocrx_word' id='word_1_222' title='bbox 415 2071 506 2130; x_wconf 91' lang='lat' dir='ltr'><strong>ipse</strong></span> <span class='ocrx_word' id='word_1_223' title='bbox 535 2072 728 2127; x_wconf 88' lang='lat' dir='ltr'><strong>animus,</strong></span> <span class='ocrx_word' id='word_1_224' title='bbox 759 2072 881 2117; x_wconf 89' lang='lat' dir='ltr'><strong>unde</strong></span> <span class='ocrx_word' id='word_1_225' title='bbox 906 2086 985 2117; x_wconf 85' lang='lat' dir='ltr'><strong>nos</strong></span> <span class='ocrx_word' id='word_1_226' title='bbox 1019 2073 1149 2118; x_wconf 87' lang='lat' dir='ltr'><strong>etiam</strong></span> <span class='ocrx_word' id='word_1_227' title='bbox 1180 2073 1324 2118; x_wconf 87' lang='lat' dir='ltr'><strong>vivere</strong></span> <span class='ocrx_word' id='word_1_228' title='bbox 1355 2074 1492 2118; x_wconf 90' lang='lat' dir='ltr'><strong>senti-</strong></span> 
     </span>
     <span class='ocr_line' id='line_1_28' title="bbox 98 2141 1489 2204; baseline 0.002 -18"><span class='ocrx_word' id='word_1_229' title='bbox 98 2157 219 2187; x_wconf 92' lang='lat' dir='ltr'><strong>mus:</strong></span> <span class='ocrx_word' id='word_1_230' title='bbox 245 2141 404 2186; x_wconf 90' lang='lat' dir='ltr'><strong>deinde</strong></span> <span class='ocrx_word' id='word_1_231' title='bbox 430 2157 587 2201; x_wconf 90' lang='lat' dir='ltr'><strong>corpus</strong></span> <span class='ocrx_word' id='word_1_232' title='bbox 620 2143 741 2202; x_wconf 90' lang='lat' dir='ltr'><strong>quod</strong></span> <span class='ocrx_word' id='word_1_233' title='bbox 763 2141 1062 2198; x_wconf 88' lang='lat' dir='ltr'><strong>administrat,</strong></span> <span class='ocrx_word' id='word_1_234' title='bbox 1085 2142 1205 2188; x_wconf 91' lang='lat' dir='ltr'><strong>unde</strong></span> <span class='ocrx_word' id='word_1_235' title='bbox 1226 2143 1282 2188; x_wconf 87' lang='lat' dir='ltr'><strong>ad</strong></span> <span class='ocrx_word' id='word_1_236' title='bbox 1309 2143 1489 2204; x_wconf 85' lang='lat' dir='ltr'><strong>quodli-</strong></span> 
     </span>
     <span class='ocr_line' id='line_1_29' title="bbox 99 2213 1492 2274; baseline 0.003 -18"><span class='ocrx_word' id='word_1_237' title='bbox 99 2213 175 2257; x_wconf 89' lang='lat' dir='ltr'><strong>bet</strong></span> <span class='ocrx_word' id='word_1_238' title='bbox 200 2214 473 2273; x_wconf 87' lang='lat' dir='ltr'><strong>operandum</strong></span> <span class='ocrx_word' id='word_1_239' title='bbox 504 2213 751 2258; x_wconf 83' lang='lat' dir='ltr'><strong>membrum</strong></span> <span class='ocrx_word' id='word_1_240' title='bbox 782 2213 903 2274; x_wconf 91' lang='lat' dir='ltr'><strong>quod</strong></span> <span class='ocrx_word' id='word_1_241' title='bbox 920 2228 1029 2274; x_wconf 89' lang='lat' dir='ltr'><strong>opus</strong></span> <span class='ocrx_word' id='word_1_242' title='bbox 1056 2223 1120 2259; x_wconf 90' lang='lat' dir='ltr'><strong>est</strong></span> <span class='ocrx_word' id='word_1_243' title='bbox 1136 2249 1148 2270; x_wconf 96' lang='lat'><strong>,</strong></span> <span class='ocrx_word' id='word_1_244' title='bbox 1173 2229 1274 2260; x_wconf 90' lang='lat' dir='ltr'><strong>cum</strong></span> <span class='ocrx_word' id='word_1_245' title='bbox 1290 2230 1400 2274; x_wconf 90' lang='lat' dir='ltr'><strong>opus</strong></span> <span class='ocrx_word' id='word_1_246' title='bbox 1427 2223 1492 2260; x_wconf 89' lang='lat' dir='ltr'><strong>est</strong></span> 
     </span>
     <span class='ocr_line' id='line_1_30' title="bbox 99 2283 1491 2347; baseline 0.002 -20"><span class='ocrx_word' id='word_1_247' title='bbox 99 2292 261 2329; x_wconf 86' lang='lat' dir='ltr'><strong>movet.</strong></span> <span class='ocrx_word' id='word_1_248' title='bbox 301 2285 534 2345; x_wconf 87' lang='lat' dir='ltr'><strong>Subjacent</strong></span> <span class='ocrx_word' id='word_1_249' title='bbox 561 2293 707 2329; x_wconf 84' lang='lat' dir='ltr'><strong>autem</strong></span> <span class='ocrx_word' id='word_1_250' title='bbox 742 2283 939 2330; x_wconf 87' lang='lat' dir='ltr'><strong>sensibus</strong></span> <span class='ocrx_word' id='word_1_251' title='bbox 971 2285 1163 2344; x_wconf 89' lang='lat' dir='ltr'><strong>corporis</strong></span> <span class='ocrx_word' id='word_1_252' title='bbox 1199 2300 1491 2347; x_wconf 81' lang='lat' dir='ltr'><strong>quaecumque</strong></span> 
     </span>
     <span class='ocr_line' id='line_1_31' title="bbox 102 2368 327 2413; baseline 0 -15"><span class='ocrx_word' id='word_1_253' title='bbox 102 2368 327 2413; x_wconf 90' lang='lat' dir='ltr'><strong>corporea.</strong></span> 
     </span>
    </p>

    <p class='ocr_par' dir='ltr' id='par_1_4' title="bbox 100 2422 1491 2626">
     <span class='ocr_line' id='line_1_32' title="bbox 162 2422 1491 2485; baseline 0.002 -17"><span class='ocrx_word' id='word_1_254' title='bbox 162 2426 360 2468; x_wconf 85' lang='lat' dir='ltr'><strong>LXXVI.</strong></span> <span class='ocrx_word' id='word_1_255' title='bbox 400 2426 455 2469; x_wconf 84' lang='lat' dir='ltr'><strong>Ut</strong></span> <span class='ocrx_word' id='word_1_256' title='bbox 477 2433 625 2469; x_wconf 86' lang='lat' dir='ltr'><strong>autem</strong></span> <span class='ocrx_word' id='word_1_257' title='bbox 646 2422 692 2469; x_wconf 89' lang='lat' dir='ltr'><strong>in</strong></span> <span class='ocrx_word' id='word_1_258' title='bbox 713 2423 1082 2484; x_wconf 88' lang='lat' dir='ltr'><strong>contemplatione</strong></span> <span class='ocrx_word' id='word_1_259' title='bbox 1103 2440 1285 2470; x_wconf 84' lang='lat' dir='ltr'><strong>summae</strong></span> <span class='ocrx_word' id='word_1_260' title='bbox 1309 2426 1491 2485; x_wconf 90' lang='lat' dir='ltr'><strong>Sapien-</strong></span> 
     </span>
     <span class='ocr_line' id='line_1_33' title="bbox 100 2494 1489 2556; baseline 0.001 -17"><span class='ocrx_word' id='word_1_261' title='bbox 100 2494 198 2550; x_wconf 79' lang='lat' dir='ltr'><strong>tiae,</strong></span> <span class='ocrx_word' id='word_1_262' title='bbox 228 2511 328 2555; x_wconf 84' lang='lat' dir='ltr'><strong>quae</strong></span> <span class='ocrx_word' id='word_1_263' title='bbox 360 2496 514 2556; x_wconf 84' lang='lat' dir='ltr'><strong>utique</strong></span> <span class='ocrx_word' id='word_1_264' title='bbox 544 2495 714 2541; x_wconf 87' lang='lat' dir='ltr'><strong>animus</strong></span> <span class='ocrx_word' id='word_1_265' title='bbox 741 2511 832 2541; x_wconf 90' lang='lat' dir='ltr'><strong>non</strong></span> <span class='ocrx_word' id='word_1_266' title='bbox 866 2504 956 2551; x_wconf 89' lang='lat' dir='ltr'><strong>est,</strong></span> <span class='ocrx_word' id='word_1_267' title='bbox 987 2511 1088 2540; x_wconf 90' lang='lat' dir='ltr'><strong>nam</strong></span> <span class='ocrx_word' id='word_1_268' title='bbox 1120 2496 1489 2542; x_wconf 88' lang='lat' dir='ltr'><strong>incommutabilis</strong></span> 
     </span>
     <span class='ocr_line' id='line_1_34' title="bbox 100 2565 1487 2626; baseline 0.002 -16"><span class='ocrx_word' id='word_1_269' title='bbox 100 2574 185 2620; x_wconf 85' lang='lat' dir='ltr'><strong>est,</strong></span> <span class='ocrx_word' id='word_1_270' title='bbox 210 2567 341 2611; x_wconf 89' lang='lat' dir='ltr'><strong>etiam</strong></span> <span class='ocrx_word' id='word_1_271' title='bbox 362 2581 407 2611; x_wconf 89' lang='lat' dir='ltr'><strong>se</strong></span> <span class='ocrx_word' id='word_1_272' title='bbox 429 2568 572 2626; x_wconf 89' lang='lat' dir='ltr'><strong>ipsum</strong></span> <span class='ocrx_word' id='word_1_273' title='bbox 597 2566 673 2626; x_wconf 85' lang='lat' dir='ltr'><strong>qui</strong></span> <span class='ocrx_word' id='word_1_274' title='bbox 695 2575 757 2611; x_wconf 85' lang='lat' dir='ltr'><strong>est</strong></span> <span class='ocrx_word' id='word_1_275' title='bbox 779 2565 1100 2612; x_wconf 88' lang='lat' dir='ltr'><strong>commutabilis</strong></span> <span class='ocrx_word' id='word_1_276' title='bbox 1127 2567 1295 2612; x_wconf 89' lang='lat' dir='ltr'><strong>animus</strong></span> <span class='ocrx_word' id='word_1_277' title='bbox 1315 2567 1487 2613; x_wconf 88' lang='lat' dir='ltr'><strong>intuea-</strong></span> 
     </span>
    </p>
   </div>
  </div>
 </body>
</html>
