1729 3143
452 234 505 261 DE
537 234 748 271 SYMBoLo‚
782 234 920 262 sERMO
953 233 1019 260 111.
1364 221 1421 260 79

39 314 138 344 suos
155 300 289 343 efficit
309 307 451 343 testes.
484 301 597 343 Ecce
617 297 841 355 quomodo
863 304 1016 355 regnat
1029 329 1040 350 ,
1065 295 1141 354 qui
1164 295 1223 339 sic
1244 308 1422 352 regnare

36 377 227 412 venerat.
254 371 366 413 Ecce
383 369 472 427 jam
498 367 653 410 liberat
679 365 886 410 liberator
905 400 916 421 ‚
954 374 998 409 et
1031 364 1215 409 salutem
1249 374 1425 423 praestat

34 436 235 483 salvator.
255 437 339 483 Sed
355 447 403 482 tu
416 471 428 492 ‚
446 434 656 490 Herodes,
675 436 871 479 nesciens
887 437 989 489 hoc,
1014 434 1202 480 turbaris
1216 443 1260 479 et
1275 436 1420 480 saevis:

39 518 83 552 et
105 507 212 552 dum
239 517 390 553 contra
413 505 645 566 parvulum
669 505 792 550 saevis
810 539 821 560 ‚
838 506 929 564 jam
951 504 1014 548 illi
1035 506 1293 564 obsequium
1314 521 1426 564 prae-

38 578 116 623 bes
128 612 140 634 ,
165 587 208 622 et
228 578 380 622 nescis.
407 575 487 621 Ille
503 575 620 620 enim
639 591 714 620 rex
735 589 921 634 magnus
937 575 1014 634 qui
1032 576 1087 619 ad
1103 576 1188 620 hoc
1204 576 1351 632 venit,
1377 584 1429 620 ut

38 664 117 708 per
137 657 180 693 te
199 656 243 692 et
271 662 348 706 per
369 647 475 692 alios
496 662 595 691 suos
616 647 718 691 hinc
748 655 983 704 congreget
1003 679 1015 700 ‚
1057 654 1106 689 tu
1133 646 1196 690 illi
1228 647 1344 705 prior
1372 646 1428 691 ad

38 732 222 777 regnum
252 716 466 762 coelorum
489 725 554 761 tot
581 716 715 760 millia
743 715 1076 761 candidatorum
1104 715 1326 760 infantum
1357 716 1428 760 in-

39 787 355 832 numerabilem
382 787 609 846 praemittis
631 787 883 831 exercitum.
910 788 1033 831 Hanc
1058 786 1233 830 turbam
1255 789 1429 845 Apoca-

38 857 173 918 lypsis
198 858 272 902 illa
301 858 417 902 beati
444 859 625 903 Joannis
657 857 842 917 apostoli
863 857 1194 902 demonstrabat
1210 892 1221 912 ‚
1247 856 1394 901 dicens
1417 875 1427 902 :

41 947 64 971 «
87 927 189 973 Vidi
211 928 386 973 turbam
408 928 594 972 multam
608 963 619 984 ,
650 943 782 988 quam
811 927 1088 972 dinumerare
1110 942 1240 971 nemo
1260 935 1431 986 poterat

41 1016 62 1040 ))
87 1013 140 1042 ex
163 1000 283 1043 omni
300 999 421 1044 tribu
437 1034 449 1055 ,
475 1008 636 1044 stantes
653 999 698 1043 in
713 1008 952 1058 conspectu
967 999 1069 1050 Dei,
1092 1007 1136 1042 et
1150 998 1296 1042 induti
1309 1006 1433 1042 erant

41 1086 62 1109 »
87 1069 187 1112 alba
206 1078 350 1121 veste,
375 1078 419 1109 et
442 1069 599 1125 palmae
619 1068 801 1110 fuerunt
821 1070 867 1109 in
888 1069 1092 1110 manibus
1114 1084 1267 1110 eorum
1289 1071 1322 1110 1.
1348 1086 1368 1109 »
1394 1069 1431 1111 Ο

37 1151 247 1196 magnum
278 1136 446 1181 donum
483 1136 655 1194 gratiae!
684 1137 855 1190 Quibus
890 1152 1044 1181 eorum
1073 1138 1238 1182 meritis
1265 1139 1433 1197 praesti-

38 1217 132 1252 tum
154 1216 217 1251 est
234 1241 245 1261 ,
272 1216 323 1250 ut
343 1206 403 1250 sic
429 1207 654 1250 vincerent
680 1206 900 1250 infantes?
928 1207 1124 1252 Necdum
1154 1207 1402 1268 loquuntur
1417 1243 1429 1264 ‚

38 1285 82 1322 et
115 1277 337 1322 Christum
368 1276 649 1320 confitentur.
689 1276 887 1321 Necdum
913 1277 1106 1321 motibus
1133 1278 1433 1322 membrorum

38 1346 186 1391 valent
215 1347 431 1405 suscipere
461 1359 682 1404 pugnam,
711 1355 756 1389 et
783 1347 975 1390 victoriae
997 1348 1089 1406 jam
1111 1348 1303 1393 efferunt
1338 1348 1434 1408 pal-

40 1432 171 1461 mam.
195 1415 430 1469 Quomodo
448 1430 616 1472 regnaS,
639 1415 849 1470 Herodes,
867 1415 942 1475 qui
961 1416 1020 1459 sic
1034 1419 1248 1461 vinceris?
1270 1423 1434 1464 Parvus

41 1487 115 1530 ille
137 1502 227 1531 non
246 1495 289 1530 te
311 1494 578 1530 armatorum
599 1485 794 1529 virorum
827 1485 1007 1529 fortium
1035 1487 1252 1545 superavit
1267 1501 1401 1534 manu
1419 1525 1432 1545 ,

39 1556 116 1601 sed
134 1555 441 1599 innumerabili
462 1554 563 1598 vicit
583 1554 714 1599 turba
735 1554 1017 1599 morientium
1035 1556 1333 1614 parvulorum.
1360 1559 1436 1603 Vis

41 1641 166 1671 nosse
187 1625 297 1686 quid
322 1625 563 1670 infantibus
589 1640 700 1684 quos
733 1624 985 1680 trucidasti,
1020 1627 1307 1684 praestiteris?
1329 1628 1435 1673 Ideo

38 1696 283 1742 accelerasti
305 1696 361 1739 ad
381 1710 534 1740 eorum
566 1695 702 1739 vitam
722 1729 733 1749 ‚
758 1710 814 1738 ne
836 1711 937 1740 cum
963 1696 1048 1740 suis
1083 1697 1339 1755 parentibus
1359 1713 1434 1744 oc-

38 1768 233 1813 ciderent
254 1782 401 1811 veram
423 1767 555 1811 vitam
594 1785 603 1811 :
637 1767 723 1811 hoc
746 1765 822 1811 illo
846 1783 919 1824 per
936 1776 979 1811 te
1002 1776 1158 1826 agente
1179 1803 1190 1824 ‚
1215 1769 1292 1829 qui
1314 1770 1437 1815 novit

38 1838 151 1882 bene
172 1837 239 1882 uti
260 1837 391 1881 etiam
413 1837 535 1881 malis
560 1837 661 1881 tuis.
688 1836 871 1881 Illorum
901 1838 1064 1883 animas
1086 1838 1290 1884 liberavit
1310 1856 1334 1884 a
1353 1856 1435 1899 pa-

41 1917 216 1952 rentum
250 1907 556 1951 internecionis
591 1922 680 1951 suae
701 1907 905 1952 societate
923 1943 934 1959 ‚
960 1917 1003 1952 et
1030 1917 1073 1953 te
1094 1908 1237 1953 solum
1259 1909 1436 1955 inanem

41 1977 218 2037 reliquit
240 1977 287 2021 in
304 1977 478 2022 scelere.
506 1978 607 2036 Egit
628 1987 671 2022 et
692 1979 781 2037 agit
803 1979 940 2038 gratia
963 1995 1113 2025 causas
1129 1996 1226 2026 suas
1244 2016 1255 2037 ,
1290 1991 1333 2026 et
1359 1998 1436 2042 per

42 2048 240 2092 inimicos
268 2063 367 2093 suos
385 2082 396 2103 ,
433 2057 475 2092 et
508 2063 586 2107 per
607 2049 723 2108 ipsos
738 2084 749 2104 ,
775 2058 819 2093 et
839 2050 885 2093 in
914 2050 1040 2109 ipsis:
1066 2066 1168 2095 nam
1191 2060 1234 2095 et
1255 2051 1336 2110 ipsi
1359 2053 1437 2113 qui

42 2117 342 2162 moriebantur
359 2152 370 2172 ,
396 2127 550 2162 natura
567 2118 645 2163 filii
661 2119 736 2163 irae
758 2129 879 2165 erant
900 2155 910 2175 ‚
936 2121 1047 2165 sicut
1068 2130 1112 2165 et
1127 2122 1274 2167 caeteri
1289 2125 1322 2165 ².
1350 2122 1437 2168 Sed

42 2187 150 2248 quid
173 2188 230 2232 eis
254 2188 453 2247 praestitit
474 2189 609 2245 gratia
629 2224 640 2241 ‚
665 2191 746 2234 nisi
773 2200 824 2236 ut
851 2201 1023 2236 erueret
1046 2208 1119 2237 eos
1149 2193 1205 2237 de
1224 2202 1435 2252 potestate

43 2258 349 2302 tenebrarum!
383 2258 587 2302 Praestitit
608 2259 666 2302 eis
687 2260 884 2306 Christus
911 2271 963 2306 ut
992 2279 1073 2322 pro
1095 2264 1268 2308 Christo
1294 2279 1436 2309 more-

46 2337 196 2373 rentur
213 2363 225 2384 ,
248 2329 448 2388 praestitit
470 2338 521 2373 ut
543 2344 622 2373 suo
638 2330 847 2388 sanguine
869 2331 922 2376 ab
945 2333 1143 2391 originali
1165 2343 1344 2393 peccato
1364 2334 1434 2379 di-

45 2399 287 2444 luerentur,
312 2399 411 2445 Nati
432 2409 534 2444 sunt
561 2399 618 2444 ad
636 2409 821 2446 mortem
837 2436 848 2457 ‚
889 2403 964 2447 sed
993 2405 1203 2450 continuo
1225 2421 1297 2451 eos
1320 2421 1435 2452 mors

47 2467 238 2514 reddidit
258 2469 371 2514 vitae.
397 2469 556 2515 Iisdem
579 2470 784 2528 gradihus
802 2505 813 2527 ,
845 2472 1139 2531 dilectissimi,
1174 2475 1338 2537 quibus
1357 2492 1434 2536 pe-

96 2571 104 2588 ¹
128 2567 229 2608 Apoc.
247 2575 301 2607 vu,
320 2576 354 2608 9.
369 2581 410 2589 —
428 2572 442 2589 ²
463 2565 579 2609 Ephes.
597 2577 636 2609 n,
657 2567 688 2600 3.
