1729 3143
229 233 312 274 284
660 243 692 269 s.
729 239 959 269 Auem-mm
992 241 1174 269 Emscom

227 312 261 356 si
283 310 442 356 auferri
463 316 628 368 potest,
653 305 974 351 contemnenda
991 315 1082 364 est,
1113 308 1147 351 si
1173 321 1263 352 non
1292 316 1433 367 potest
1448 343 1460 364 ‚
1494 309 1601 354 nihil

226 381 526 429 metuendum.
552 382 613 424 De
633 377 841 438 pudicitia
862 394 964 423 vero
986 379 1080 439 quis
1107 377 1395 433 dubitaverit,
1420 380 1528 439 quin
1554 396 1604 426 ea

182 472 185 485 ³
225 455 280 499 sit
299 454 343 497 in
370 453 463 511 ipso
495 451 640 496 animo
662 450 894 496 constituta
915 486 926 506 ,
963 450 1324 511 quandoquidem
1351 450 1488 495 virtus
1511 454 1606 497 est?

179 547 181 565 1
223 524 340 569 unde
359 539 382 567 a
399 522 590 568 violento
611 531 854 582 stupratore
874 523 980 582 eripi
998 538 1077 567 nec
1091 522 1182 582 ipsa
1198 530 1356 582 potest.
1382 522 1608 583 Quidquid

177 631 179 633 .
222 597 354 654 igitur
374 604 599 655 erepturus
621 604 713 640 erat
726 594 798 639 ille
814 595 891 654 qui
908 594 1120 640 occiditur
1135 630 1145 649 ,
1171 594 1218 639 id
1236 603 1378 640 totum
1396 594 1442 638 in
1458 603 1607 654 potes-

222 677 311 712 tate
332 676 478 712 nostra
507 682 597 712 non
618 675 682 711 est
706 685 715 711 ι
746 682 879 726 quare
902 665 1273 727 quemadmodum
1304 674 1504 712 nostrum
1533 680 1610 724 ap-

180 784 182 788 ,
222 736 476 798 pellandum
498 738 577 794 sit,
603 753 691 782 non
719 737 927 796 intelligo.
960 740 1234 797 Quapropter
1262 737 1404 796 legem
1429 735 1609 796 quidem

181 838 182 874 3
221 825 311 855 non
345 810 642 870 reprehendo,
676 825 775 870 quae
808 809 913 853 tales
941 810 1155 869 permittit
1176 808 1362 854 interfici
1388 828 1397 852 :
1423 807 1499 853 sed
1520 822 1609 868 quo

220 890 348 941 pacto
364 881 466 926 istos
489 880 721 925 defendam
739 881 815 938 qui
837 880 1104 924 interficiunt
1118 914 1129 932 ,
1155 894 1245 922 non
1267 879 1457 922 invenio.

278 955 404 996 XIII.
426 956 477 996 Α.
504 950 645 995 Multo
664 951 806 993 minus
825 964 905 1008 ego
925 949 1120 992 invenire
1144 962 1319 1007 possum
1335 982 1345 1002 ,
1370 963 1448 991 cur
1471 947 1612 992 homi-

218 1023 347 1067 nibus
384 1021 680 1066 defensionem
703 1035 899 1079 quaeras,
936 1034 1045 1079 quos
1081 1033 1175 1063 reos
1212 1017 1333 1062 nulla
1371 1017 1440 1062 lex
1470 1027 1605 1063 tenet.

219 1096 270 1136 E.
294 1093 423 1138 Nulla
446 1091 625 1139 sortasse
642 1125 653 1144 ,
679 1091 754 1134 sed
775 1105 923 1134 earum
945 1089 1089 1148 legum
1111 1105 1211 1149 quae
1229 1097 1439 1148 apparent
1454 1123 1465 1142 ,
1492 1097 1536 1132 et
1553 1088 1609 1133 ab

218 1161 468 1207 hominibus
490 1161 696 1220 leguntur
721 1180 731 1205 ι
756 1176 856 1205 nam
879 1161 1023 1204 nescio
1041 1169 1190 1204 utrum
1206 1176 1295 1204 non
1313 1159 1457 1219 aliqua
1473 1159 1609 1203 vehe-

218 1233 432 1278 mentiore
468 1247 516 1275 ac
553 1231 833 1276 secretissima
865 1231 960 1289 lege
988 1240 1245 1285 teneantur,
1271 1231 1305 1274 si
1330 1229 1439 1274 nihil
1465 1244 1610 1274 rerum

219 1314 282 1349 est
315 1303 436 1364 quod
463 1319 552 1349 non
584 1302 854 1347 administret
886 1301 1033 1345 divina
1063 1301 1350 1360 providentia.
1377 1299 1609 1353 Quomodo

220 1376 334 1420 enim
360 1374 478 1434 apud
501 1390 595 1417 eam
625 1382 727 1417 sunt
747 1373 815 1416 isti
839 1381 1015 1435 peccato
1037 1372 1185 1426 liberi,
1211 1373 1287 1431 qui
1304 1387 1382 1430 pro
1404 1371 1454 1415 iis
1477 1373 1608 1416 rebus

218 1462 326 1507 quas
357 1445 580 1490 contemni
605 1453 800 1503 oportet,
832 1444 1024 1488 humana
1047 1442 1166 1487 caede
1187 1441 1344 1502 polluti
1366 1444 1502 1487 sunt?
1527 1443 1607 1486 Vi-

219 1518 348 1563 detur
370 1531 474 1574 ergo
496 1515 603 1559 mihi
626 1523 666 1558 et
689 1513 829 1573 legem
847 1514 973 1558 istam
989 1529 1088 1574 quae
1105 1512 1270 1573 populo
1293 1511 1482 1570 regendo
1503 1516 1609 1557 scri-

218 1588 339 1632 bitur
359 1622 369 1641 ,
407 1595 522 1630 recte
558 1586 637 1629 ista
672 1584 951 1644 permittere,
985 1593 1028 1628 et
1061 1583 1251 1629 divinam
1290 1581 1608 1642 providentiam

219 1657 455 1704 vindicare.
482 1659 545 1701 Ea
567 1656 682 1700 enim
712 1654 976 1700 vindicanda
997 1655 1078 1699 sibi
1104 1656 1197 1699 haec
1219 1654 1290 1698 lex
1311 1653 1465 1714 populi
1487 1670 1608 1699 assu-

219 1731 325 1783 mit,
352 1745 451 1789 quae
475 1729 574 1772 satis
591 1728 676 1771 sint
694 1725 978 1771 conciliandae
991 1727 1087 1785 paci
1106 1725 1360 1770 hominibus
1382 1725 1608 1784 imperitis,

220 1811 263 1846 et
295 1809 458 1861 quanta
491 1807 673 1859 possunt
708 1813 783 1857 per
816 1797 1038 1841 hominem
1070 1796 1174 1854 regi.
1216 1794 1309 1839 Illae
1339 1809 1443 1839 vero
1466 1795 1609 1855 culpae

221 1872 322 1918 alias
356 1885 510 1931 poenas
545 1878 664 1929 aptas
697 1867 888 1921 habent,
923 1883 946 1911 a
978 1866 1138 1927 quibus
1174 1865 1263 1911 sola
1294 1865 1401 1909 mihi
1434 1865 1609 1910 videtur

222 1958 343 2002 posse
365 1941 550 1985 liberare
573 1939 796 1999 sapientia.
819 1941 871 1983 Α.
891 1938 1044 1982 Laudo
1061 1946 1105 1981 et
1121 1936 1260 1996 probo
1277 1937 1402 1980 istam
1419 1971 1430 1991 ,
1455 1951 1609 1996 quam-

222 2014 283 2057 vis
316 2013 565 2056 inchoatam
596 2010 826 2069 minusque
855 2007 1091 2068 perfectam
1112 2042 1123 2062 ‚
1158 2015 1306 2051 tamen
1326 2007 1535 2050 fidentem
1565 2015 1610 2051 et
1659 2024 1663 2028 ·

222 2084 425 2130 sublimia
449 2082 651 2143 quaedam
674 2089 893 2141 petentem
916 2080 1241 2124 distinctionem
1262 2088 1401 2123 tuam.
1425 2077 1610 2122 Videtur

224 2156 339 2200 enim
365 2155 443 2200 tibi
464 2153 533 2198 lex
555 2154 634 2197 ista
649 2188 659 2206 ‚
686 2168 784 2211 quae
800 2150 999 2210 regendis
1018 2149 1265 2195 civitatibus
1281 2148 1445 2203 fertur,
1470 2148 1609 2193 multa

224 2225 463 2271 concedere
486 2233 617 2284 atque
649 2222 865 2282 impunita
893 2221 1164 2282 relinquere,
1188 2235 1287 2280 quae
1320 2234 1397 2278 per
1418 2218 1609 2264 divinam

225 2307 370 2341 tamen
403 2294 721 2356 providentiam
748 2292 1053 2350 vindicantur3
1089 2300 1132 2336 et
1153 2298 1282 2335 recte.
1308 2292 1460 2349 Neque
1492 2289 1609 2333 enim

226 2369 327 2426 quia
349 2382 438 2412 non
457 2366 600 2411 omnia
616 2365 720 2409 facit
734 2399 744 2419 ,
769 2363 867 2407 ideo
884 2379 983 2423 quae
1004 2361 1108 2407 facit
1124 2360 1413 2419 improbanda
1427 2368 1543 2404 sunt.

286 2439 404 2481 xlv.
441 2435 525 2481 Sed
545 2435 820 2494 dispiciamus
842 2432 1073 2491 diligenter
1088 2467 1099 2487 ,
1124 2431 1161 2475 si
1184 2430 1325 2490 placet
1341 2465 1352 2485 ‚
1377 2444 1607 2489 quousque

228 2521 305 2566 per
346 2505 484 2563 legem
525 2507 651 2550 istam
691 2521 789 2565 quae
833 2503 1017 2563 populos
1058 2503 1103 2546 in
1147 2503 1226 2547 hac
1267 2502 1354 2546 vita
1397 2500 1570 2545 cohibet
1591 2534 1602 2554 ,

231 2576 456 2623 malefacta
488 2576 733 2622 ulciscenda
761 2577 860 2620 sint.
888 2575 1051 2619 Deinde
1081 2573 1185 2633 quid
1211 2582 1363 2627 restet,
1388 2571 1507 2632 quod
1528 2586 1606 2631 per
