1729 3143
603 282 654 308 nn
686 279 927 308 PATIENTIA.
1406 269 1459 309 23

80 346 222 390 Judaei
242 345 435 390 carnales
456 355 499 389 et
531 344 788 389 schismatici
817 344 887 387 vel
918 343 1110 388 haeretici
1132 352 1456 403 comparantur.

82 417 410 469 Quamviscnim
422 415 629 473 scriptum
641 414 696 456 sit
711 433 719 458 :
734 431 754 455 «
776 413 895 472 Ejice
914 413 1117 458 ancillam
1129 413 1323 458 etlilium
1340 415 1459 475 ejus:

84 504 104 527 »
123 502 266 546 neque
278 486 391 528 enim
407 486 542 527 haeres
559 484 639 527 erit
654 482 766 526 filius
775 481 942 527 ancillae
953 497 1053 526 cum
1062 482 1150 527 filio
1164 497 1262 528 meo
1270 485 1405 528 Isaac¹
1421 501 1462 530 t»

82 565 125 600 et
138 556 323 599 Abrahae
337 554 492 598 dixerit
508 557 621 597 Deus
635 572 643 597 :
659 572 678 594 «
695 556 746 597 In
760 555 877 596 Isaac
895 552 1125 596 vocabitur
1138 553 1220 597 tibi
1236 557 1427 613 semen‘23
1440 572 1462 596 n

84 625 204 685 quod
225 625 284 668 sic
306 633 368 667 est
381 623 613 682 Apostolus
628 621 953 681 interpretatuS‚
979 629 1029 665 ut
1051 620 1211 665 diceret
1229 642 1239 667 ι
1267 642 1289 665 «
1307 623 1359 667 Id
1374 633 1460 681 est,

86 713 107 736 »
132 708 221 738 non
237 694 314 751 qui
336 692 414 736 filii
435 693 589 745 carnis,
610 692 655 734 hi
678 691 754 734 filii
777 690 869 745 Dei,
882 690 958 734 sed
973 690 1052 733 filii
1074 691 1367 749 promissionis
1382 692 1462 737 dc-

84 780 104 804 »
129 770 342 822 putantur
357 762 403 805 in
425 762 629 818 semine³3
647 779 667 801 n
694 769 743 804 ut
762 760 1098 817 intelligeremus
1112 775 1259 804 semen
1276 761 1465 806 Abrahae

81 832 322 875 seeundum
341 834 460 874 Isaac
480 839 659 889 propter
683 830 904 874 Christum
923 829 980 873 ad
996 829 1073 873 Dei
1094 828 1205 873 filios
1227 830 1461 889 pertinere,

79 902 154 961 qui
176 909 279 944 sunt
306 915 463 959 corpus
484 900 644 944 Christi
675 908 718 944 et
739 899 936 943 membra
951 934 962 954 ,
985 899 1030 942 id
1058 907 1122 943 est
1136 934 1148 953 ,
1172 898 1364 944 Ecclesia
1385 901 1465 945 Dei

80 986 190 1025 una,
214 985 337 1025 vera,
358 985 583 1028 germana,
609 969 821 1014 catholica
838 1004 848 1024 ,
874 978 1026 1012 tenens
1048 969 1164 1028 piam
1189 969 1350 1027 fidem3
1373 986 1467 1016 non

79 1055 173 1084 eam
195 1056 294 1100 quae
312 1056 388 1099 per
404 1039 633 1084 elationem
647 1039 716 1084 vel
739 1041 956 1094 timorem,
982 1041 1058 1083 sed
1079 1055 1174 1083 eam
1187 1055 1287 1099 quae
1301 1055 1379 1100 per
1395 1040 1465 1085 di-

78 1111 307 1155 lectionem
337 1112 561 1169 operatur⁴
588 1127 596 1151 :
622 1120 768 1154 tamen
805 1111 934 1154 etiam
963 1110 1075 1155 filios
1114 1111 1461 1156 concubinarum

76 1180 255 1239 quando
273 1196 297 1222 a
315 1180 404 1222 filio
421 1194 500 1222 suo
518 1182 635 1222 Isaac
649 1179 1057 1235 dimisitAbraham,
1071 1181 1286 1225 nonnulla
1303 1181 1362 1225 eis
1373 1181 1462 1225 lar-

78 1251 191 1309 gitus
213 1259 275 1293 est
297 1263 477 1292 munera
497 1283 507 1302 ,
534 1263 589 1291 ne
610 1248 963 1308 relinquerentur
979 1248 1099 1292 omni
1121 1248 1254 1292 modo
1287 1249 1436 1294 inanes
1450 1286 1463 1307 ,

77 1334 167 1363 non
190 1327 239 1362 ut
259 1327 514 1362 tenerentur
526 1317 735 1361 haeredes.
754 1319 822 1361 Sic
837 1317 953 1360 enim
969 1316 1154 1376 legimus
1171 1335 1179 1361 :
1198 1316 1363 1363 «Dedit
1384 1334 1464 1363 au-

80 1407 99 1429 »
126 1398 215 1433 tem
236 1388 458 1432 Abraham
488 1403 663 1432 omnem
692 1402 870 1430 censum
891 1402 1018 1430 suum
1043 1389 1161 1431 Isaac
1179 1386 1270 1431 filio
1291 1403 1393 1444 suo,
1418 1398 1463 1435 et

79 1477 100 1500 »
128 1458 224 1502 filiis
243 1459 589 1502 concubinarum
611 1472 786 1501 suarum
801 1457 923 1501 dedit
941 1457 1162 1501 Abrabam
1186 1472 1368 1502 munera
1383 1493 1395 1514 ,
1420 1468 1465 1505 et

79 1547 99 1570 »
124 1526 286 1572 dimisit
298 1543 370 1571 eos
385 1528 439 1572 ab
450 1531 567 1571 Isaac
590 1526 681 1570 filio
698 1529 811 1570 suo⁵.
834 1545 853 1568 »
874 1527 916 1571 Si
934 1541 1035 1584 ergo
1052 1526 1131 1570 filii
1148 1542 1297 1571 sumus
1309 1527 1461 1573 liberae

76 1598 338 1651 Jerusalem,
365 1597 446 1640 alia
475 1596 588 1641 dona
618 1595 1016 1651 exhaeredatorum,
1057 1595 1138 1640 alia
1166 1596 1460 1656 intelligamus

76 1667 317 1711 haeredum.
349 1686 368 1707 «
396 1666 450 1709 Hi
474 1666 589 1709 enim
612 1665 803 1709 haeredes
827 1675 949 1720 sunt,
973 1665 1134 1725 quibus
1155 1665 1337 1712 dieitur:
1359 1670 1459 1714 Non

80 1755 99 1778 »
126 1737 242 1780 enim
269 1736 488 1795 accepistis
512 1736 712 1795 spiritum
736 1735 951 1780 servitutis
973 1737 1130 1780 iterum
1157 1737 1204 1781 in
1228 1738 1454 1795 timorem,

80 1826 100 1848 »
126 1805 202 1850 sed
219 1806 440 1865 accepistis
463 1807 661 1865 spiritum
691 1805 934 1865 adoptionis
956 1805 1163 1862 filiorum,
1188 1807 1233 1851 in
1256 1823 1345 1867 quo
1363 1807 1455 1854 cla-

79 1895 98 1917 »
124 1891 292 1919 mamus
318 1895 326 1919 :
353 1876 496 1930 Abba,
522 1877 688 1919 Paterss.
727 1893 748 1916 »

134 1949 296 1991 XXVI.
332 1946 577 1991 Clamemus
607 1962 709 2005 ergo
731 1947 883 2005 spiritu
904 1946 1139 2001 charitatis,
1157 1956 1200 1991 et
1221 1947 1361 1992 donec
1382 1963 1458 1993 ve-

77 2018 245 2060 niamus
265 2017 319 2060 ad
328 2016 641 2071 haereditatem,
663 2017 708 2060 in
726 2033 812 2076 qua
829 2031 998 2076 semper
1009 2016 1457 2073 maneamus,liberali

77 2102 221 2130 amore
248 2088 401 2141 simus,
436 2103 525 2132 non
554 2087 695 2131 servili
729 2088 882 2131 timore
915 2086 1143 2147 patientes.
1177 2087 1424 2133 Clamemus
1438 2123 1451 2146 ,

75 2156 272 2215 quandiu
293 2172 500 2215 pauperes
523 2173 692 2212 sumus,
728 2157 867 2202 donec
884 2157 958 2202 illa
975 2158 1228 2203 haereditate
1243 2159 1449 2204 ditemur.

75 2231 232 2285 Magna
245 2227 406 2286 quippe
420 2225 522 2269 inde
539 2227 716 2284 pignora
732 2229 989 2286 accepimus,
1010 2228 1130 2289 quod
1151 2228 1207 2273 ad
1220 2244 1297 2274 nos
1312 2229 1456 2274 ditan-

75 2296 152 2341 dos
171 2311 334 2356 pauper
362 2295 501 2339 factus
523 2305 585 2339 est
607 2296 803 2341 Christus
821 2331 832 2352 ,
862 2313 950 2357 quo
978 2299 1023 2342 in
1046 2314 1252 2358 supernas
1283 2299 1454 2344 divitias

72 2366 256 2412 exaltato
274 2401 285 2421 ,
310 2367 462 2410 missus
483 2367 636 2425 estqui
663 2377 809 2411 sancta
835 2367 1044 2414 desideria
1064 2371 1220 2414 nostris
1243 2369 1451 2416 cordibus

74 2438 301 2496 inspiraret
322 2437 504 2496 Spiritus
526 2447 713 2482 sanctus.
739 2439 906 2483 Horum
930 2454 1173 2499 pauperum
1197 2440 1341 2485 adhuc
1356 2455 1455 2486 cre-

121 2540 131 2555 ¹
158 2533 224 2566 Gal.
246 2544 293 2573 ιν,
315 2534 364 2565 30.
390 2550 430 2555 -
446 2540 457 2555 ²
478 2535 557 2565 Gen.
577 2544 646 2574 xm,
669 2545 718 2565 ιο.
740 2551 780 2556 -
802 2533 814 2557 3
832 2537 923 2568 Rom.
945 2546 996 2576 lx,
1017 2546 1048 2577 7,
1065 2536 1096 2567 8.
1114 2553 1154 2559 --
1172 2535 1189 2560 4
1214 2537 1281 2570 Gal.
1308 2548 1342 2577 v,
1360 2537 1392 2569 6.
1410 2553 1451 2560 —

74 2588 87 2611 5
115 2591 191 2621 Gen.
212 2599 289 2629 xxv,
309 2588 339 2620 6.
362 2605 400 2610 —
417 2587 431 2611 6
456 2590 546 2620 Rom.
566 2600 632 2629 vm,
659 2588 705 2619 15.
