1729 3143
460 223 514 248 DE
546 222 696 249 LIBERO
727 219 947 257 ARBrrnto,
983 220 1065 245 Lm.
1101 219 1131 243 1.
1401 205 1486 245 297

108 286 231 331 nullo
250 295 377 345 pacto
399 296 540 345 potest
554 322 565 341 ‚
591 287 671 329 nisi
687 285 763 344 qui
785 298 861 328 sua
883 284 1040 344 cuique
1057 281 1259 327 tribuerit
1282 300 1292 326 ι
1313 280 1396 324 hoc
1412 295 1488 323 au-

112 367 197 400 tem
219 355 273 400 ad
287 357 499 416 justitiam
521 357 736 415 pertinere
753 368 854 397 cum
872 352 1058 396 dicerem
1071 387 1082 407 ‚
1107 350 1363 411 approbasse
1380 359 1421 394 te
1439 359 1489 393 ut

105 436 214 484 puto
239 427 480 470 meministi.
508 429 559 469 E.
585 428 680 483 Ego
701 438 804 468 vero
822 424 997 466 memini
1018 432 1061 466 et
1081 423 1220 466 fateor
1242 422 1289 465 in
1306 421 1390 465 hoc
1407 421 1489 464 ho-

107 497 249 549 mine,
273 496 348 554 qui
369 509 489 538 suam
511 495 671 538 bonam
692 493 963 537 voluntatem
984 493 1132 550 magni
1153 490 1304 550 pendit
1324 499 1368 534 et
1386 489 1489 534 dili-

108 566 195 623 git,
220 580 368 608 omnes
387 574 574 624 quatuor
595 565 775 608 virtutes
790 599 800 617 ‚
826 578 925 623 quae
946 563 1021 605 abs
1043 571 1086 605 te
1109 561 1240 620 paulo
1263 570 1384 616 ante,
1419 575 1490 605 me

106 635 366 678 assentiente
379 669 390 688 ‚
416 634 641 692 descriptae
661 643 763 677 sunt
779 668 790 688 ‚
816 648 905 676 esse
926 640 1184 690 compertas.

163 706 372 747 XXVIII.
409 708 460 747 Α.
482 705 612 757 Quod
633 705 765 763 igitur
783 703 967 761 impedit
981 739 991 756 ‚
1011 718 1090 746 cur
1105 703 1237 762 hujus
1253 702 1386 746 vitam
1401 715 1493 744 non

104 774 395 818 concedamus
421 791 510 818 esse
532 775 830 818 laudabilem?
849 777 900 818 E.
917 771 1035 818 Nihil
1053 787 1254 831 prorsus;
1277 771 1366 816 imo
1393 772 1494 815 hor-

102 853 252 887 tantur
275 844 344 887 vel
366 845 495 888 etiam
519 855 682 902 cogunt
704 845 864 888 omnia.
901 848 951 886 A.
974 842 1091 894 Quid
1109 842 1242 886 vitam
1264 842 1462 884 miseram
1480 875 1491 893 ,

102 921 305 970 potes-ne
318 910 409 953 ullo
427 910 559 954 modo
580 925 669 953 non
686 909 884 969 judicare
906 909 1193 965 fugiendam?
1214 912 1266 952 E.
1292 911 1349 953 Et
1371 923 1494 966 mag-

105 995 266 1039 nopere
293 980 472 1038 quidem
487 979 638 1039 judico
650 1014 660 1033 ,
688 979 885 1038 nihilque
903 978 1021 1022 aliud
1040 979 1259 1037 agendum
1275 979 1487 1023 existimo.

104 1055 155 1093 A.
175 1054 232 1093 At
245 1049 507 1093 laudabilem
531 1065 618 1092 non
636 1048 888 1106 fugiendam
906 1048 1103 1107 profecto
1118 1058 1261 1107 putas.
1280 1051 1331 1091 E.
1354 1049 1496 1101 Quin—-

104 1121 230 1163 etiam
263 1119 551 1178 appetendam
585 1119 737 1162 sedulo
767 1121 978 1163 existimo.
1012 1124 1063 1163 Α.
1089 1122 1187 1164 Νοη
1216 1133 1317 1175 ergo
1341 1119 1495 1162 misera

102 1192 165 1231 'est
182 1223 191 1240 ‚
218 1204 317 1248 quae
342 1187 570 1232 laudabilis
592 1189 678 1231 vita
706 1198 784 1231 est.
813 1192 863 1233 E.
897 1191 990 1232 Hoc
1018 1189 1171 1247 utique
1193 1189 1406 1247 sequitur.
1439 1194 1491 1232 A.

104 1259 221 1303 Nihil
239 1260 324 1317 jam
340 1293 349 1311 ‚
376 1268 592 1317 quantum
611 1259 786 1316 opinor,
813 1258 990 1301 difficile
1009 1258 1086 1301 tibi
1104 1267 1155 1301 ut
1172 1258 1412 1302 assentiaris
1425 1273 1497 1301 re-

107 1328 341 1386 linquitur,
364 1343 456 1370 eam
480 1327 642 1370 scilicet
657 1361 668 1380 ,
694 1342 793 1384 quae
816 1327 969 1369 misera
992 1343 1081 1370 non
1100 1336 1163 1371 est
1178 1362 1189 1381 ‚
1215 1327 1388 1371 beatam
1407 1342 1498 1371 esse

105 1397 251 1440 vitam.
287 1400 336 1439 E.
369 1395 766 1440 Manifestissimum
798 1405 875 1438 est.
904 1399 954 1437 A.
990 1395 1136 1438 Placet
1165 1395 1298 1451 igitur
1319 1396 1498 1440 beatum
1531 1391 1536 1449 l

105 1481 193 1509 esse
211 1467 432 1509 hominem
453 1465 704 1509 dilectorem
722 1465 850 1507 bonae
864 1463 1099 1507 voluntatis
1112 1479 1201 1507 suae
1215 1499 1225 1518 ,
1252 1473 1295 1507 et
1316 1479 1405 1523 prae
1425 1465 1499 1509 illa
1534 1455 1535 1459 Ἰ

105 1545 457 1579 contemnentem
482 1534 796 1594 quodcumque
819 1533 939 1577 aliud
964 1534 1128 1577 bonum
1154 1533 1314 1577 dicitur
1334 1569 1345 1588 ‚
1376 1535 1500 1593 cujus

105 1607 279 1649 amissio
297 1615 438 1664 potest
457 1606 648 1648 accidere
663 1611 792 1647 etiam
811 1619 911 1647 cum
925 1604 1127 1647 voluntas
1141 1604 1320 1647 tenendi
1330 1615 1495 1648 manet.

105 1679 157 1719 E.
185 1676 348 1727 Quidni
372 1675 537 1731 placeat
553 1709 562 1725 ‚
590 1690 678 1733 quo
701 1674 921 1732 superiora
945 1689 1043 1733 quae
1065 1674 1356 1718 concessimus
1373 1709 1383 1727 ‚
1416 1689 1498 1718 ne-

106 1745 288 1788 cessario
310 1745 491 1787 trahunt
514 1745 531 1784 *ἲ
556 1748 607 1787 A.
635 1747 750 1787 Bene
772 1743 977 1801 intelligis
1000 1764 1008 1788 :
1034 1744 1109 1787 sed
1128 1780 1139 1798 ‚
1176 1744 1247 1787 dic
1268 1779 1278 1799 ,
1321 1760 1494 1804 quaeso,

105 1831 252 1859 nonne
284 1815 443 1858 bonam
481 1813 748 1858 voluntatem
778 1829 897 1857 suam
933 1814 1134 1871 diligere⁷
1173 1823 1216 1858 et
1237 1824 1325 1871 tam
1349 1817 1497 1874 magni

107 1885 320 1927 aestimare
343 1899 473 1943 quam
498 1883 664 1927 dictum
684 1892 772 1936 est,
798 1884 927 1926 etiam
946 1884 1035 1940 ipsa
1054 1884 1169 1926 bona
1188 1883 1390 1928 voluntas
1409 1887 1500 1928 est?

108 1956 158 1996 E.
186 1955 350 1995 Verum
383 1953 503 1996 dicis.
531 1957 581 1996 Α.
610 1957 666 1996 At
690 1954 721 1996 si
747 1953 865 1996 hunc
891 1953 1064 1995 beatum
1088 1962 1203 1996 recte
1221 1954 1468 2012 judicamus
1485 1989 1496 2008 ,

109 2038 257 2066 nonne
286 2033 403 2066 recte
440 2023 642 2065 miserum
659 2057 670 2076 ,
704 2023 782 2081 qui
814 2022 1041 2066 contrariae
1070 2023 1308 2067 voluntatis
1331 2026 1425 2067 est?
1444 2026 1494 2067 E.

111 2093 380 2136 Rectissime.
423 2095 475 2136 A.
509 2093 625 2144 Quid
654 2107 756 2150 ergo
784 2109 923 2136 causae
953 2097 1064 2147 est¹‚
1096 2109 1174 2137 cur
1205 2093 1499 2138 dubitandum

108 2174 312 2221 putemus
331 2198 341 2217 7
366 2163 495 2206 etiam
517 2163 550 2206 si
580 2178 806 2222 nunquam
831 2173 956 2206 antea
977 2166 1191 2222 sapientes
1215 2163 1392 2219 fuimus,
1417 2179 1496 2209 vo-

108 2232 277 2276 luntate
299 2247 378 2275 nos
403 2241 546 2275 tamen
567 2231 831 2275 laudabilem
866 2243 908 2276 et
942 2234 1112 2277 beatam
1144 2236 1277 2278 vitam
1294 2270 1305 2289 ‚
1337 2233 1497 2278 volun-

107 2312 196 2345 tate
234 2311 407 2360 turpem
444 2317 492 2345 ac
526 2302 723 2344 miseram
758 2303 914 2345 mereri
945 2318 992 2346 ac
1024 2302 1215 2361 degere?
1254 2307 1304 2347 E.
1340 2308 1497 2349 Fateor

108 2373 195 2415 huc
213 2372 340 2415 certis
357 2380 401 2414 et
421 2372 600 2415 minime
622 2373 830 2430 negandis
855 2373 983 2417 rebus
1001 2389 1090 2416 esse
1111 2384 1385 2433 perventum.

168 2443 331 2484 XXIX.
367 2444 418 2484 A.
458 2441 568 2485 Vide
585 2442 712 2486 etiam
727 2441 846 2486 aliud
866 2463 874 2487 :
895 2458 995 2486 nam
1007 2443 1137 2487 credo
1155 2453 1198 2488 te
1212 2445 1418 2489 memoria
1436 2455 1494 2489 tc-

155 2527 163 2544 ¹
185 2537 202 2555 ⁴).
221 2527 365 2556 Retract.
385 2535 457 2566 cap.
479 2536 525 2561 lx,
544 2537 572 2555 n.
597 2526 627 2556 3.
