1729 3143
251 229 334 268 518
660 234 695 263 s.
730 234 963 264 Aucustrtm
994 236 1177 266 Emscom

249 305 460 362 diumque
494 299 740 360 sapientiae,
774 300 1020 346 cautissime
1047 302 1282 362 Apostolus
1310 318 1367 348 ne
1402 304 1458 349 ab
1488 320 1632 352 amore

246 371 468 433 sapientiae
502 369 720 415 deterrere
753 370 974 416 videretur
992 406 1004 428 ‚
1045 373 1256 433 subJecit:
1295 377 1394 419 «Et
1418 375 1631 423 elementa
1680 423 1682 440 ζ
1723 384 1729 398 “

249 463 269 486 »
295 444 425 503 hujus
446 441 657 486 mundi.»
690 446 801 488 Sunt
828 444 942 487 enim
974 443 1052 504 qui
1080 443 1257 489 desertis
1290 445 1524 492 virtutibus
1543 481 1555 503 ‚
1588 458 1631 494 et

243 513 483 558 nescientes
500 512 608 574 quid
624 512 678 558 sit
698 516 829 569 Deus,
847 523 890 558 et
907 523 1071 575 quanta
1086 516 1284 575 majestas
1298 531 1467 576 semper
1477 517 1632 563 eodem

244 585 376 629 modo
397 585 612 629 manentis
629 593 813 640 naturae,
833 600 1043 645 magnum
1062 585 1230 646 aliquid
1247 601 1291 630 se
1313 601 1438 645 agere
1454 598 1629 647 putant,
1687 585 1729 635 ’.Α

242 655 279 700 si
299 656 546 700 universam
561 655 689 699 istam
707 656 898 715 corporis
919 655 1079 700 molem
1093 690 1104 712 ‚
1125 671 1257 717 quam
1279 657 1496 702 mundum
1513 674 1632 703 nun-

242 739 453 782 cupamus
468 756 480 775 ‚
504 724 789 770 curiosissime
816 726 1191 786 intentissimeque
1211 727 1482 787 perquirant.
1507 728 1633 773 Unde

243 801 364 838 tanta
382 790 513 835 etiam
527 793 729 849 superbia
743 795 951 849 gignitur,
970 805 1021 840 ut
1032 797 1078 840 in
1089 797 1182 856 ipso
1194 796 1325 852 coelo,
1344 797 1399 841 de
1416 813 1505 858 quo
1519 813 1634 858 saepe

244 860 486 921 disputant,
511 858 685 904 sibimet
706 858 905 903 habitare
921 857 1167 905 videantur.
1189 866 1416 921 Repn'mat
1435 867 1569 923 igitur
1589 870 1634 912 se

243 932 386 976 anima
418 931 473 975 ab
503 929 759 989 hujusmodi
789 944 914 974 vanae
941 930 1199 988 cognitionis
1227 931 1466 991 cupiditate
1484 969 1495 989 ‚
1533 936 1568 979 si
1590 951 1634 980 se

244 1010 406 1047 castam
427 1003 519 1045 Deo
533 1014 701 1045 servare
718 998 945 1059 disposuit.
966 999 1058 1044 Tali
1076 1001 1194 1044 enim
1211 1016 1358 1046 amore
1374 1002 1635 1065 plerumque

245 1072 482 1132 decipitur,
504 1079 555 1115 ut
571 1079 648 1115 aut
664 1069 775 1115 nihil
796 1079 921 1130 putet
941 1086 1048 1126 esse,
1066 1070 1149 1116 nisi
1171 1087 1354 1132 corpus3
1379 1083 1456 1119 aut
1467 1075 1635 1121 etiamsi
1702 1122 1708 1127 ,

244 1143 501 1188 auctoritate
522 1150 757 1197 commota,
782 1139 970 1188 fateatur
994 1141 1161 1202 aliquid
1182 1157 1272 1188 esse
1296 1143 1632 1204 incorporeum:

246 1213 300 1258 de
329 1212 406 1258 illo
431 1220 579 1257 tamen
607 1211 689 1256 nisi
721 1227 799 1272 per
830 1212 1036 1270 imagines
1072 1227 1299 1272 corporeas
1324 1215 1516 1273 cogitare
1545 1231 1636 1261 non

246 1284 380 1344 possit
397 1318 410 1339 ,
435 1291 478 1327 et
498 1281 584 1327 tale
606 1281 772 1342 aliquid
795 1297 884 1326 esse
912 1283 1109 1339 credere,
1136 1282 1265 1344 quale
1292 1282 1425 1329 fallax
1445 1287 1636 1345 corporis

246 1370 395 1400 sensus
417 1354 590 1413 infligit.
612 1354 680 1398 Ad
696 1354 781 1398 hoc
797 1354 926 1398 etiam
943 1353 1060 1400 valet
1075 1354 1197 1415 quod
1210 1356 1463 1416 praecipitur
1478 1371 1637 1403 caven-

247 1426 355 1471 dum
377 1440 467 1470 esse
489 1440 513 1469 a
531 1423 785 1470 simulacris.

303 1498 512 1541 XXXIX.
549 1495 661 1540 Huic
684 1510 785 1553 ergo
815 1494 1063 1540 auctoritati
1090 1495 1201 1541 Novi
1231 1497 1525 1552 Testamenti,
1550 1512 1637 1557 qua

243 1566 453 1628 jubemur
470 1565 579 1611 nihil
600 1566 756 1610 mundi
773 1566 904 1626 hujus
921 1563 1099 1624 diligere
1111 1567 1143 1622 ¹,
1162 1564 1236 1610 illa
1252 1567 1437 1610 maxime
1459 1576 1636 1612 senten—

248 1639 307 1683 tia
332 1654 420 1698 qua
441 1637 608 1682 dictum
633 1645 696 1681 est
717 1656 726 1682 :
757 1655 777 1679 «
795 1636 940 1683 Nolite
958 1636 1224 1681 conformari
1240 1637 1343 1681 huic
1364 1636 1559 1682 mundo²
1578 1657 1588 1682 ε
1613 1656 1633 1679 »
1651 1671 1653 1673 .

248 1709 378 1753 simul
393 1709 509 1753 enim
524 1706 914 1753 demonstrandum
933 1716 998 1752 est
1013 1707 1052 1751 ei
1066 1708 1127 1752 rei
1140 1722 1360 1768 quemque
1375 1706 1638 1752 conformari

251 1795 383 1840 quam
396 1778 553 1837 diligit.
573 1779 684 1822 Huic
697 1792 798 1835 ergo
815 1778 1061 1822 auctoritati
1078 1778 1112 1822 si
1126 1779 1180 1822 de
1198 1779 1344 1822 Veteri
1361 1781 1638 1824 Testamento

250 1865 445 1911 quaeram
467 1849 575 1909 quid
592 1864 861 1908 comparem,
881 1849 1008 1909 plura
1025 1849 1203 1909 quidem
1218 1849 1410 1904 invenio,
1430 1848 1509 1892 sed
1524 1864 1637 1893 unus
1668 1870 1675 1875 ·

254 1920 493 1966 Salomonis
515 1919 647 1974 liber,
672 1919 949 1964 Ecclesiastes
972 1919 1050 1979 qui
1074 1918 1230 1963 dicitur
1245 1953 1256 1974 ‚
1281 1919 1571 1979 copiosissime
1591 1920 1638 1963 in

249 2005 472 2035 summum
493 1998 795 2049 contemptum
821 1990 967 2034 omnia
993 1990 1074 2034 ista
1100 1989 1314 2049 perducit.
1343 1989 1503 2048 Incipit
1523 1989 1639 2033 enim

249 2061 309 2105 sic
327 2080 336 2105 :
366 2079 387 2102 «
407 2060 584 2104 Vanitas
604 2060 909 2115 vanitantium,
935 2058 1042 2104 dixit
1063 2059 1357 2115 Ecclesiastes,
1379 2058 1547 2104 vanitas
1564 2074 1637 2104 va·-

254 2151 275 2174 »
301 2131 562 2187 nitantium‚
593 2139 636 2175 et
660 2131 808 2176 omnia
830 2131 1012 2176 vanitas.
1042 2135 1147 2185 Quae
1175 2129 1446 2175 abundantia
1473 2130 1639 2174 homini

253 2222 273 2245 »
299 2203 345 2247 in
367 2203 485 2247 omni
516 2202 666 2247 labore
700 2219 819 2259 suo„
847 2218 980 2264 quem
1014 2203 1105 2262 ipse
1135 2202 1306 2246 laborat
1339 2200 1421 2245 sub
1449 2199 1596 2245 sole³?
1616 2219 1635 2242 >›

247 2275 350 2317 Haec
366 2273 499 2318 verba
520 2272 665 2317 omnia
683 2274 718 2318 si
740 2273 1042 2328 attendantur,
1066 2272 1100 2316 si
1119 2270 1446 2332 perpendantur
1461 2305 1473 2326 ‚
1498 2271 1532 2315 si
1547 2269 1637 2315 dis-

246 2345 468 2389 cutiantur
483 2379 495 2400 ‚
525 2343 663 2389 multa
690 2345 977 2391 inveniuntur
1006 2343 1325 2404 pernecessaria
1345 2343 1395 2387 iis
1417 2341 1494 2403 qui
1519 2342 1639 2386 hunc

246 2414 462 2460 mundum
489 2414 665 2474 fugere,
699 2426 743 2461 et
775 2417 975 2477 reingere
1008 2417 1054 2460 in
1086 2419 1227 2460 Deum
1256 2412 1504 2459 desiderant
1530 2411 1639 2458 :sed

300 2521 308 2537 ¹
326 2518 415 2548 Joan.
434 2527 471 2554 11,
493 2516 543 2546 15.
563 2532 605 2539 —
622 2523 635 2539 ²
655 2518 744 2550 Rom.
765 2529 825 2557 xn,
848 2528 868 2553 2
883 2517 950 2544 -3
967 2518 1075 2551 Eccle.
1096 2530 1121 2560 1,
1141 2527 1173 2551 2.
1191 2517 1263 2548 -4
1285 2529 1297 2550 ι
1318 2519 1461 2550 Reti-act.
1481 2525 1555 2557 cap.
1577 2524 1638 2555 vn,

257 2583 288 2602 n.
313 2573 341 2604 δ’.
