1729 3143
894 29 949 58 ΡΛ

378 254 460 282 Lm.
497 254 545 281 11.
581 253 636 281 niz:
667 250 853 281 moranus
883 248 1224 279 MANICHAEORUM.
1409 239 1489 280 571

114 321 419 379 comprimeret
439 320 524 378 (sic
545 319 660 364 enim
681 318 871 376 dicitis),
895 317 950 362 de
966 317 1197 363 commixta
1218 324 1404 377 utraque
1420 332 1495 363 na·
1536 330 1543 374 3

114 399 236 445 tura,
263 390 309 433 id
332 399 395 433 est
410 424 422 445 ,
446 389 552 433 boni
573 398 616 433 et
643 387 774 444 mali,
799 387 990 432 mundus
1019 395 1083 431 est
1108 386 1361 432 fabricatus.
1392 390 1496 433 Pars
1534 425 1535 428 ,

111 470 254 506 autem
278 459 351 504 illa
373 460 520 505 divina
538 476 588 504 ex
608 461 726 505 omni
743 468 864 519 parte
880 458 1035 504 mundi
1051 457 1247 520 quotidie
1262 468 1492 519 purgatur,
1536 456 1543 510 Ϊ

113 540 157 575 et
177 532 223 575 in
244 545 321 574 sua
342 545 475 589 regna
494 532 726 575 resumitur
748 548 756 574 :
781 530 855 574 sed
877 530 972 574 haec
992 544 1068 588 per
1089 538 1248 574 terram
1266 529 1493 588 exhalans,

109 610 154 646 et
174 599 231 645 ad
251 600 415 645 coelum
438 602 621 646 tendens
635 635 647 657 ,
671 600 854 645 incurrit
873 599 919 644 in
940 600 1092 659 stirpes
1106 634 1117 655 ,
1144 600 1355 660 quoniam
1373 601 1493 647 radi-

107 671 231 716 cibus
250 680 377 715 terrae
396 671 637 730 affiguntur
654 705 665 726 ,
690 679 821 730 atque
837 670 897 715 ita
917 684 1069 714 omnes
1081 670 1237 715 herbas
1258 679 1302 716 et
1317 671 1495 717 arbusta
1536 672 1538 674 ’

106 742 251 787 omnia
263 740 493 786 foecundat
506 750 549 786 et
559 749 747 801 vegetat.
774 741 886 785 Hinc
904 740 1104 785 animalia
1120 741 1270 786 cibum
1287 742 1465 802 capiunt
1476 777 1488 799 ‚

105 826 204 871 quae
226 813 260 855 si
281 812 607 866 concumbunt,
631 811 767 869 ligant
789 810 834 853 in
855 825 984 854 carne
1001 809 1199 855 divinum
1220 811 1332 856 illud
1353 827 1493 858 mem-

104 882 233 928 brum
252 916 263 937 ,
288 890 332 925 et
359 897 383 925 a
404 890 523 926 certo
547 881 801 926 suo-itinere
825 895 1022 925 aversum
1051 890 1183 941 atque
1204 881 1489 942 impeditum,
1530 940 1534 943 V

29 942 31 993 ἶ
101 952 319 997 erroribus
342 952 634 1011 aerumnisque
655 950 896 1010 implicant.
931 953 1084 1011 Itaque
1112 952 1199 997 cibi
1223 952 1300 1012 qui
1322 954 1378 998 de
1399 953 1491 1000 iru-

29 1065 31 1079 ,
102 1023 229 1082 gibus
251 1031 294 1066 et
315 1023 454 1081 pomis
475 1030 685 1082 parantur
700 1056 711 1076 ,
734 1022 769 1066 si
786 1022 842 1066 ad
866 1030 1036 1066 sanctos
1052 1056 1064 1078 ,
1088 1021 1134 1066 id
1155 1031 1245 1079 est,
1269 1022 1326 1068 ad
1346 1025 1491 1069 Mani-

100 1094 244 1138 chaeos
275 1092 452 1137 veniant
469 1127 480 1148 ,
511 1107 589 1151 per
616 1107 768 1137 eorum
802 1092 1071 1148 castitatem,
1102 1101 1146 1137 et
1173 1093 1389 1138 orationes
1405 1128 1417 1150 ,
1446 1104 1491 1140 et

100 1162 287 1223 psalmos
309 1161 528 1222 quidquid
548 1162 594 1206 in
623 1162 682 1206 eis
710 1171 773 1206 est
793 1161 1071 1207 luculentum
1093 1170 1137 1206 et
1158 1161 1358 1207 divinum
1382 1179 1491 1224 pur-

33 1215 37 1341 ἓ
100 1242 250 1292 gatur,
275 1233 321 1276 id
343 1241 430 1288 est,
456 1247 509 1276 ex
531 1233 650 1277 omni
672 1241 795 1291 parte
816 1233 1039 1292 perficitur
1054 1266 1066 1288 ,
1094 1241 1145 1277 ut
1165 1232 1222 1277 ad
1241 1247 1371 1291 regna
1393 1249 1491 1294 pro-

27 1322 29 1358 j
97 1304 191 1364 pria
206 1304 298 1347 sine
317 1303 408 1347 ulla
430 1303 623 1348 sordium
642 1302 901 1348 difficultate
916 1302 1144 1347 referatur.
1167 1303 1280 1348 Hinc
1294 1313 1358 1348 est
1370 1305 1492 1365 quod

27 1394 30 1435 g
97 1374 367 1426 mendicanti
388 1374 555 1419 homini
571 1409 583 1429 ,
616 1375 693 1434 qui
716 1375 984 1419 Manichaeus
1012 1389 1101 1419 non
1129 1375 1183 1418 sit
1201 1408 1213 1430 ,
1240 1390 1398 1434 panem
1419 1376 1491 1422 vel

27 1437 29 1501 3
100 1445 269 1506 aliquid
288 1443 465 1503 frugum
481 1480 492 1500 ,
511 1444 581 1490 vel
599 1460 758 1504 aquam
776 1446 912 1504 ipsam
927 1480 938 1501 ,
960 1461 1060 1506 quae
1077 1445 1281 1490 omnibus
1296 1445 1393 1492 vilis
1407 1456 1486 1504 est,

97 1515 192 1561 dari
221 1515 461 1575 prohibetis
483 1536 494 1572 3
528 1530 583 1559 ne
617 1515 864 1558 membrum
886 1515 991 1570 Dei,
1016 1516 1137 1575 quod
1162 1515 1229 1559 his
1251 1515 1381 1560 rebus
1408 1516 1490 1562 ad-

30 1924 34 2175 3

26 1606 29 1648 3
96 1588 281 1631 mixtum
307 1596 371 1631 est
389 1621 400 1641 ,
435 1586 521 1630 suis
543 1586 732 1645 peccatis
754 1585 1027 1630 sordidatum
1048 1600 1071 1629 a
1094 1584 1239 1630 reditu
1260 1586 1484 1646 impediat.

26 1698 28 1703 .
142 1659 372 1702 XXXVII.
393 1659 554 1702 Carnes
570 1665 715 1701 autem
725 1657 815 1716 jam
835 1655 1007 1716 deipsis
1021 1656 1221 1700 sordibus
1238 1655 1379 1701 dicitis
1398 1672 1488 1704 esse
1512 1663 1514 1668 '

20 1724 28 1785 ,ἕ
95 1737 335 1773 concretas.
354 1728 485 1785 Fugit
498 1728 614 1771 enim
627 1725 791 1786 ahquid
805 1727 937 1786 partis
953 1726 1068 1771 illius
1084 1725 1261 1782 divinae,
1275 1736 1325 1772 ut
1339 1729 1487 1787 perhi—

19 1789 28 1842 ff
94 1799 204 1843 betis
220 1832 232 1851 ‚
258 1797 365 1841 dum
379 1796 523 1856 fruges
540 1806 582 1841 et
598 1812 727 1856 poma
743 1807 1008 1856 carpuntur,
1031 1796 1145 1855 fugit
1161 1812 1262 1842 cum
1282 1799 1488 1857 affligun-

22 1875 27 1903 ἒ
94 1877 192 1924 tur,
224 1868 294 1913 vel
311 1869 518 1923 terendo,
549 1867 619 1912 vel
633 1867 866 1923 molendo,
901 1867 969 1913 vel
983 1867 1240 1927 coquendo,
1270 1868 1340 1913 vel
1356 1870 1488 1915 etiam

26 1949 27 1995 ξ
94 1937 338 1984 mordendo
355 1947 485 1997 atque
499 1936 764 1981 mandendo.
782 1938 914 1996 Fugit
928 1937 1058 1981 etiam
1074 1938 1121 1980 in
1132 1938 1335 1982 omnibus
1352 1940 1486 1984 moti-

26 1999 27 2026 Τ
95 2009 177 2053 bus
193 2008 468 2063 animalium,
491 2007 559 2051 vel
576 2022 676 2051 cum
696 2007 906 2065 gestiunt,
926 2007 995 2052 vel
1008 2021 1109 2052 cum
1123 2017 1399 2064 exercentur,
1416 2010 1486 2055 vel
1528 2055 1531 2063 ἱ

94 2094 196 2124 cum
212 2078 414 2123 laborant
430 2113 441 2134 ,
466 2077 536 2123 vel
557 2093 659 2122 cum
680 2078 859 2123 omnino
887 2077 1054 2138 aliquid
1073 2087 1323 2137 operantur.
1351 2081 1485 2140 Fugit

95 2149 225 2194 etiarn
241 2149 288 2192 in
309 2150 399 2208 ipsa
421 2149 567 2209 quiete
589 2157 751 2204 nostra,
777 2148 884 2193 dum
905 2149 950 2193 in
972 2164 1169 2208 corpore,
1193 2148 1266 2194 illa
1286 2165 1384 2210 quae
1404 2165 1484 2211 ap-

95 2219 284 2280 pellatur
307 2220 504 2279 digestio,
529 2220 733 2264 interiore
749 2218 891 2264 calore
905 2220 1148 2266 conficitur.
1173 2222 1318 2281 Atque
1339 2221 1398 2266 ita
1414 2230 1483 2268 tot
1496 2254 1505 2265 2

21 2324 27 2331 .
96 2290 395 2335 occasionibus
418 2289 563 2334 divina
590 2288 785 2348 fugiente
797 2299 951 2334 natura
969 2325 980 2346 ,
1010 2289 1221 2350 quiddam
1235 2289 1482 2337 sordidissi-

22 2363 27 2406 7'
96 2375 218 2404 mum
236 2369 445 2415 remanet,
471 2359 588 2404 unde
604 2375 679 2419 per
696 2360 979 2405 concubitum
1000 2375 1099 2406 caro
1119 2359 1356 2419 formetur,
1379 2377 1481 2407 cum

23 2422 25 2447 ³
96 2431 238 2476 anima
260 2439 406 2474 tamen
422 2431 528 2475 boni
551 2432 717 2490 generis
732 2466 743 2487 ,
767 2432 972 2491 quoniam
994 2432 1191 2492 quamvis
1211 2432 1476 2492 plurimum,

17 2449 26 2627 3
95 2515 186 2545 non
219 2508 365 2544 tamen
386 2509 527 2545 totum
552 2502 718 2546 bonum
733 2536 744 2557 ,
768 2502 1014 2548 memoratis
1036 2502 1120 2548 illis
1149 2502 1342 2549 motibus
1372 2519 1479 2550 evo—

19 2631 26 2710 ι
97 2570 172 2615 lat.
204 2571 414 2624 Quocirca
445 2587 545 2616 cum
581 2573 724 2617 anima
749 2573 878 2619 etiarn
900 2588 1074 2619 carnem
1104 2573 1341 2621 deseruerit
1360 2608 1374 2633 ,
1405 2574 1476 2622 ni-

20 2725 26 2764 ι
