1729 3143
615 240 671 268 nn
703 239 954 268 HAEREsIBth.
1401 225 1484 266 235

103 305 344 351 liberanda.
377 306 466 350 Nec
486 304 619 349 fuisse
643 306 690 348 in
716 317 847 348 carne
867 317 991 358 vera,
1021 301 1098 346 sed
1119 301 1363 346 simulatam
1385 317 1484 361 spe-

103 375 212 420 ciem
235 375 372 420 carnis
397 373 674 418 ludificandis
692 372 894 416 humanis
913 371 1110 416 sensibus
1125 370 1383 430 praebuisse,
1407 371 1485 416 ubi

102 461 193 491 non
210 446 350 490 solum
365 453 551 490 mortem
568 478 579 499 ,
601 443 887 488 verumetiam
915 443 1274 487 resurrectionem
1293 442 1487 487 similiter

102 517 374 561 mentiretur.
400 519 540 560 Deum
570 514 647 573 qui
675 516 834 572 Legem
866 527 943 571 per
974 515 1159 569 Moysen
1189 512 1338 569 dedit,
1370 522 1414 557 et
1440 513 1487 557 in

102 586 294 630 Hebraeis
311 584 533 645 prophetis
554 584 728 628 locutus
749 591 829 637 est,
854 597 943 626 non
959 597 1050 626 esse
1069 597 1220 626 verum
1235 586 1391 639 Deum,
1412 583 1489 628 sed

100 671 239 700 unum
262 670 313 699 ex
340 654 610 713 principibus
641 654 937 697 tenebrarum.
972 653 1201 714 Ipsiusque
1227 655 1490 699 Testamenti

98 726 208 770 Novi
240 725 480 783 Scripturas
502 733 713 784 tanquam
735 722 954 784 infalsatas
985 723 1047 768 ita
1067 723 1221 782 legunt
1240 759 1251 780 ,
1288 733 1340 768 ut
1369 723 1490 784 quod

97 795 255 838 volunt
270 793 376 837 inde
397 794 611 853 accipiant
627 828 639 848 ,
662 792 783 853 quod
803 793 963 837 nolunt
984 794 1203 854 rejiciant,
1228 795 1378 855 eisque
1392 804 1491 838 tan-

96 878 230 924 quam
252 872 397 908 totum
417 878 568 908 verum
593 865 805 908 habentes
825 863 1060 908 nonnullas
1083 865 1355 924 apocryphas
1374 874 1491 908 ante-

95 943 278 993 ponant.
311 934 644 979 Promissionem
674 935 849 978 Domini
875 937 979 978 Jesu
1001 935 1160 980 Christi
1189 935 1244 979 de
1267 933 1491 979 Paracleto

98 1005 263 1063 Spiritu
284 1014 434 1049 sancto
456 1006 503 1048 in
524 1021 603 1049 suo
625 1006 912 1050 haeresiarcha
937 1006 1184 1050 Manichaeo
1216 1006 1370 1049 dicunt
1403 1020 1492 1049 esse

97 1074 404 1132 completam¹.
433 1076 557 1119 Unde
586 1091 631 1119 se
659 1076 705 1118 in
728 1077 815 1119 suis
837 1076 992 1119 litteris
1007 1110 1018 1130 ,
1052 1078 1157 1119 Jesu
1181 1076 1341 1120 Christi
1363 1090 1491 1134 apos-

96 1144 238 1188 tolum
257 1145 388 1199 dicit,
413 1160 464 1190 eo
482 1145 603 1205 quod
621 1148 645 1189 J
649 1161 745 1189 esus
758 1147 957 1191 Christus
977 1157 1022 1184 se
1040 1146 1277 1188 missurum
1291 1162 1382 1189 esse
1396 1162 1493 1205 pro·

94 1213 260 1257 miserit
281 1222 412 1273 atque
444 1215 490 1258 in
518 1215 594 1259 illo
617 1214 782 1258 miserit
813 1210 1023 1269 Spiritum
1058 1221 1274 1255 sanctum.
1309 1218 1494 1272 Propter

98 1284 219 1342 quod
240 1284 370 1325 etiam
395 1285 487 1340 ipse
507 1286 778 1328 Manichacus
800 1280 1031 1324 duodecim
1054 1280 1289 1339 discipulos
1306 1283 1463 1328 habuit
1478 1321 1489 1340 ,

99 1353 154 1397 ad
185 1353 321 1396 instar
353 1351 580 1411 apostolici
612 1352 814 1406 numeri,
850 1367 983 1410 quem
1006 1367 1239 1395 numerum
1262 1354 1493 1399 Manichaei

99 1421 318 1482 hodieque
341 1421 609 1466 custodiunt.
635 1423 746 1466 Nam
769 1436 821 1465 ex
846 1421 1004 1465 Electis
1023 1421 1109 1465 suis
1133 1422 1300 1466 habent
1322 1422 1493 1468 duode-

99 1492 201 1546 cim,
227 1506 337 1552 quos
355 1491 577 1550 appellant
595 1491 821 1550 magistros
833 1526 844 1546 ,
860 1500 904 1535 et
925 1489 1350 1536 tertium-decimum
1370 1495 1492 1552 prin—

99 1562 240 1620 cipem
260 1562 455 1620 ipsorum
482 1579 491 1604 ε
524 1560 747 1620 episcopos
771 1570 917 1605 autem
940 1561 1213 1620 septuaginta
1242 1562 1352 1607 duos
1370 1598 1381 1618 ,
1415 1566 1493 1624 qni

100 1630 359 1675 ordinantur
377 1646 400 1673 a
418 1630 654 1687 magistris,
680 1639 722 1674 et
742 1631 1042 1689 presbyteros,
1067 1632 1144 1691 qui
1161 1632 1422 1677 ordinantur
1437 1636 1491 1678 ab

99 1700 324 1759 episcopis.
363 1699 537 1743 Habent
565 1700 695 1743 etiam
727 1700 915 1759 episcopi
953 1700 1173 1746 diaconos.
1213 1704 1239 1745 J
1242 1717 1311 1746 am
1346 1707 1491 1748 caeteri

97 1768 404 1814 tantummodo
434 1769 567 1813 Electi
595 1778 809 1814 vocantur
837 1789 847 1814 z
878 1769 955 1814 sed
988 1771 1227 1815 mittuntur
1258 1773 1390 1816 etiam
1411 1774 1491 1833 ipsi

97 1840 174 1899 qui
197 1839 403 1883 videntur
422 1839 596 1894 idonei,
622 1839 676 1883 ad
697 1840 818 1884 hunc
836 1855 1027 1885 errorem
1043 1841 1113 1886 vel
1134 1842 1213 1886 ubi
1236 1852 1299 1887 est
1319 1853 1491 1888 susten-

96 1909 280 1954 tandum
297 1918 340 1953 et
354 1909 605 1968 augendum
617 1943 628 1965 ,
653 1908 724 1954 vel
737 1910 814 1953 ubi
830 1925 920 1954 non
935 1919 998 1954 est
1014 1911 1146 1955 etiam
1164 1913 1487 1958 seminandum.

98 1979 370 2037 Baptismum
411 1979 459 2022 in
506 1994 620 2038 aqua
659 1979 770 2022 nihil
812 1980 1018 2039 cuiquam
1064 1981 1299 2040 perhibent
1341 1983 1490 2029 salutis

99 2049 255 2091 afferre
275 2067 284 2092 z
307 2063 388 2093 nec
402 2063 671 2108 quemquam
689 2065 841 2093 eorum
859 2066 968 2111 quos
990 2049 1239 2111 decipiunt,
1264 2053 1491 2112 baptizan-

99 2118 206 2162 dum
228 2127 401 2177 putant.
427 2119 655 2163 Orationes
682 2119 850 2165 faciunt
879 2120 935 2165 ad
957 2121 1090 2166 solem
1117 2137 1194 2182 per
1213 2122 1351 2177 diem,
1378 2140 1489 2184 qua-

98 2202 358 2248 quaversum
381 2188 534 2232 circuit
555 2206 565 2232 ε
590 2189 646 2232 ad
665 2188 816 2234 lunam
842 2205 919 2248 per
940 2201 1114 2236 noctem
1131 2227 1143 2248 ,
1167 2194 1201 2237 si
1229 2204 1434 2253 apparet,
1454 2196 1489 2239 si

10 2286 13 2290 -
99 2265 246 2301 autem
267 2272 357 2301 non
378 2266 557 2316 apparet
572 2292 583 2312 ,
610 2257 665 2301 ad
686 2258 966 2318 Aquiloniam
983 2270 1151 2320 partem
1166 2297 1177 2318 ,
1202 2278 1289 2323 qua
1306 2263 1489 2308 solcum

31 2325 33 2371 i
99 2326 306 2371 occiderit
327 2328 383 2371 ad
403 2328 627 2372 Orientem
646 2330 879 2373 revertitur
893 2365 904 2385 ,
929 2339 1044 2375 stant
1065 2341 1252 2377 orantes.
1281 2337 1488 2380 Peccato-

97 2411 196 2440 rum
218 2396 429 2454 originem
446 2413 536 2442 non
551 2397 690 2442 libero
713 2398 892 2443 arbitrio
914 2399 1166 2457 voluntatis,
1191 2402 1268 2446 sed
1289 2405 1486 2448 substan-

96 2467 169 2511 tiae
200 2466 402 2511 tribuunt
434 2469 572 2527 gentis
606 2468 828 2514 adversae:
861 2485 996 2530 quam
1023 2471 1362 2531 dogmatizantes
1395 2490 1484 2520 esse

146 2553 156 2569 ¹
177 2553 269 2583 Joan.
293 2562 359 2592 xvi,
377 2562 410 2593 7.
