1729 3143
527 172 582 198 DE
612 169 791 216 CATActY
799 172 895 198 sino.
1327 161 1406 198 163

32 235 225 295 cipulum
246 235 488 295 apostolum
507 235 691 280 Paulum
706 245 748 278 et
762 234 1131 279 demonstrantem
1146 268 1157 288 ,
1188 242 1231 278 et
1249 234 1409 293 gradus

31 306 152 365 quasi
169 315 470 350 numerantem
495 315 538 350 et
555 304 882 359 ascendentem,
906 313 950 348 et
969 303 1313 364 quamplurimos
1337 304 1409 348 in—

31 375 238 419 vitantem
259 392 268 417 :
298 394 319 417 «
336 375 502 429 Flecto,
522 374 687 434 inquit,
711 387 851 431 genua
867 388 962 418 mea
977 373 1032 418 ad
1049 373 1223 419 Patrem
1238 373 1415 419 Domini

33 461 55 485 »
79 446 214 489 nostri
237 448 339 490 Jesu
361 445 548 498 Christi,
583 451 634 487 ut
662 442 736 487 det
767 443 890 487 vobis
919 443 1289 502 comprehendere
1310 458 1412 488 cum

34 531 56 555 >›
80 515 284 559 omnibus
304 517 460 559 sanctis
478 529 578 574 quae
593 513 648 557 sit
667 511 854 557 altitudo
876 522 919 557 et
945 513 1156 569 latitudo,
1182 513 1418 574 longitudo

35 601 57 625 »
81 594 126 629 et
151 584 464 644 profundum1.
495 602 515 626 »
547 587 746 638 Quatuor
778 583 936 643 gradus
963 584 1110 643 posuit
1136 586 1288 629 crucis.
1319 587 1417 631 Non

32 668 134 712 ergo
155 653 382 698 laboriosae
404 663 506 698 sunt
527 655 596 698 hae
616 653 767 699 scalae:
788 663 977 714 quatuor
997 653 1155 713 gradus
1169 655 1352 707 habent,
1373 663 1418 699 et

32 722 280 782 perducunt
300 724 353 768 ad
379 725 556 768 coelum.
584 727 636 768 In
655 724 887 769 altitudine
909 723 1048 768 crucis
1076 733 1208 783 caput
1229 724 1420 783 positum

33 801 97 836 est
114 794 306 838 crucifixi
321 813 330 839 :
350 809 524 838 sursum
538 810 614 839 cor
628 795 787 840 habeat
803 794 1072 840 Christianus
1094 794 1151 838 ad
1164 794 1417 849 Dominum,

31 863 153 922 quod
171 865 462 923 interrogatus
484 866 683 925 quotidie
710 865 972 925 respondet3
996 873 1039 909 et
1062 863 1257 910 ascendit
1279 878 1422 908 unum

33 934 231 991 gradum.
258 938 310 978 In
331 934 563 979 latitudine
585 937 724 981 crucis
741 951 895 980 manus
913 936 1053 980 affixae
1071 944 1175 980 sunt
1194 934 1391 979 crucifixi
1409 951 1418 977 :

31 1015 306 1061 perseverent
326 1020 480 1049 manus
499 1007 732 1063 Christiani
746 1007 793 1050 in
810 1007 1014 1064 operibus
1028 1006 1153 1049 bonis
1170 1024 1182 1063 3
1202 1014 1245 1050 et
1266 1019 1422 1049 secun-

32 1072 139 1115 dum
172 1071 356 1130 gradum·
385 1070 593 1114 ascendit.
620 1072 671 1112 In
693 1069 973 1127 longitudine
994 1069 1133 1113 crueis
1154 1085 1312 1130 corpus
1343 1089 1424 1132 pe-

31 1140 184 1199 pendit
204 1140 396 1184 crucifixi
419 1158 427 1182 :
454 1139 631 1197 castiget
653 1138 751 1198 quis
774 1152 932 1196 corpus
950 1140 1424 1186 suumobservationi-

33 1211 116 1255 bus
132 1245 143 1265 ,
159 1209 334 1270 jejuniis
351 1208 460 1252 illud
478 1207 729 1267 suspendat,
747 1217 798 1252 ut
817 1209 1018 1253 servituti*
1031 1210 1187 1252 animae
1202 1211 1401 1270 subjiciat
1416 1232 1428 1270 3

36 1289 80 1325 et
100 1281 276 1324 tertium
300 1278 483 1338 gradum
503 1278 711 1322 ascendit.
741 1281 794 1322 In
815 1277 1038 1338 profundo
1055 1280 1194 1323 crucis
1224 1280 1424 1325 ocultum

36 1360 99 1395 est
124 1349 246 1410 quod
274 1364 364 1393 non
394 1348 512 1392 vides
533 1384 543 1403 ‚
578 1347 654 1393 sed
675 1347 778 1392 inde
807 1349 975 1407 exurgit
1009 1350 1094 1394 hoc
1123 1359 1267 1395 totum
1301 1351 1423 1410 quod

36 1421 183 1476 vides,
213 1421 324 1465 adsit
353 1420 460 1464 fides
490 1419 719 1464 christiana
738 1454 748 1474 ‚
781 1420 902 1479 quod
930 1435 1020 1464 non
1049 1429 1193 1479 potest
1220 1437 1423 1482 compre—

38 1491 230 1536 hendere
250 1526 261 1547 ,
287 1490 435 1536 credat
452 1490 582 1534 corde
599 1524 610 1544 ‚
639 1489 792 1534 altiora
810 1504 854 1533 se
874 1505 968 1534 non*
985 1500 1154 1550 quaerat
1168 1526 1180 1547 ‚
1206 1506 1308 1551 spes
1323 1504 1425 1536 eum

39 1563 204 1606 nutriat
228 1581 238 1606 ε
265 1571 307 1605 et
328 1570 434 1605 tunc
455 1569 660 1620 quartum
684 1560 867 1619 gradum
889 1560 1096 1605 ascendit.

0 1681 1 1689 ἵ
100 1634 179 1676 lx.
216 1635 297 1675 Per
323 1632 401 1675 hos
424 1630 581 1688 gradus
603 1629 893 1674 ascenderunt
913 1631 1052 1675 sancti
1071 1645 1221 1675 omnes
1236 1666 1246 1686 ,
1282 1632 1426 1676 conti-

0 1703 1 1712 *
41 1711 194 1746 nentes
212 1736 223 1756 ,
247 1701 468 1760 conjugati
488 1699 641 1744 fideles·
663 1719 680 1744 τ
698 1710 927 1745 evaserunt
948 1701 1272 1745 ruinasmundi
1291 1736 1302 1756 ‚
1339 1702 1426 1745 mi-

42 1780 276 1830 graverunt
290 1772 344 1814 ad
361 1770 456 1814 loca
474 1770 703 1825 tutissima,
719 1770 795 1813 ubi
811 1772 900 1829 jam
922 1786 1002 1815 nec
1025 1771 1231 1815 barbaros
1251 1771 1422 1826 timent,

42 1856 122 1885 nec
144 1839 318 1900 fragiles
339 1855 460 1884 casus
486 1840 699 1883 humanos
722 1841 954 1884 exhorrent
971 1875 982 1895 ,
1013 1856 1094 1885 nec
1124 1842 1425 1900 corruptiones

41 1921 246 1956 metuunt
263 1946 274 1966 ‚
299 1926 379 1955 nec
396 1910 672 1968 aegritudines
695 1914 921 1970 patiuntur
938 1946 949 1965 ‚
973 1926 1054 1955 nec
1071 1911 1426 1956 tribulationibus

44 1982 299 2039 affliguntur
314 2016 325 2035 ‚
350 1996 430 2024 nec
451 1981 586 2039 ipsam
605 1981 693 2040 jam
711 1989 897 2025 mortem
915 1981 1071 2025 timent
1083 2016 1093 2035 ‚
1125 1982 1200 2025 sed
1218 1997 1319 2026 cum
1336 1985 1426 2026 Deo

46 2053 100 2095 de
128 2054 217 2095 Deo
234 2051 404 2095 vivunt.
431 2052 554 2094 Hanc
575 2050 732 2106 vitam,
754 2050 1035 2106 dilectissimi,
1056 2066 1264 2106 amemuS‚
1291 2066 1426 2111 appe-

45 2132 186 2166 tamus
205 2155 216 2175 ,
248 2119 541 2164 desideremus
568 2139 577 2163 z
608 2120 663 2164 ad
693 2135 826 2179 quam
857 2122 995 2165 omnis
1032 2121 1109 2182 qui
1147 2123 1307 2177 currit,
1337 2136 1428 2166 non

48 2191 243 2249 graditur
263 2189 332 2233 via
349 2188 529 2247 pedum,
555 2188 629 2231 sed
650 2189 726 2232 v-ia
740 2204 928 2234 mor-um.
952 2192 1062 2235 Boni
1079 2207 1181 2250 ergo
1203 2207 1344 2236 mores
1362 2207 1429 2234 re-

48 2261 291 2320 quirantur,
311 2259 391 2318 ipsi
415 2260 459 2301 in
478 2258 680 2301 omnibus
702 2259 994 2302 inveniantur.
1022 2263 1213 2321 Uterque
1236 2276 1361 2304 sexus
1387 2270 1430 2304 et

49 2330 187 2375 omnis
208 2339 309 2372 aetas
330 2329 462 2372 habet
483 2329 527 2370 in
551 2328 634 2371 hoc
658 2337 906 2371 sanctorum
929 2330 1156 2374 hominum
1178 2331 1428 2375 imitationis

50 2399 312 2458 exemplum.
335 2399 562 2442 Imitentur
578 2413 698 2442 senes
722 2413 860 2442 mores
881 2399 1025 2443 Tobiae
1043 2434 1053 2453 ,
1079 2400 1152 2458 qui
1171 2416 1269 2444 cum
1289 2416 1428 2445 caecus

97 2492 103 2506 ¹
124 2482 304 2525 liplies.111,
328 2482 363 2524 14
384 2488 414 2513 et
436 2485 484 2514 ιδ.

1182 2540 1240 2576 11.
