1729 3143
217 202 298 242 506
651 214 685 243 s.
720 215 951 245 aucus-nm
983 218 1164 247 ammom

212 281 289 337 let,
314 283 389 341 qui
407 296 496 326 non
514 279 681 340 ubique
698 289 815 326 totus
832 289 942 326 esset
954 316 966 338 ‚
989 282 1025 327 si
1042 282 1134 328 ullo
1155 284 1451 331 contineretur
1471 288 1594 334 loco?

271 356 369 399 XX.
399 371 419 394 «
445 354 542 397 Non
557 387 569 408 ‚
602 352 771 413 inquit,
805 363 976 414 separat
995 353 1078 399 alia
1099 363 1312 400 creatura.
1336 374 1357 398 »
1388 358 1425 401 Ο
1448 357 1595 404 altissi-

212 438 384 469 morum
419 424 726 481 mysteriorum
748 424 906 470 virum.
935 427 1034 471 Non
1065 427 1152 471 fuit
1172 436 1404 472 contentus
1424 428 1592 476 dicere:

215 515 235 538 «
259 496 468 540 Creatura
494 516 505 553 3
545 494 620 539 sed
643 530 655 550 ‚
695 495 776 540 alia
798 531 810 552 ‚
850 496 1021 557 inquit,
1062 506 1258 543 creatura
1275 532 1287 554 ,
1312 517 1332 540 »
1359 498 1598 545 admonens

211 566 342 610 etiam
375 565 563 626 idipsum
597 582 687 627 quo
715 567 936 628 diligimus
966 571 1106 613 Deum
1123 604 1134 625 ,
1161 578 1204 614 et
1225 585 1315 631 quo
1333 571 1597 617 inhaeremus

211 640 302 681 Deo
316 671 327 692 ‚
352 636 397 680 id
418 645 511 694 est,
535 637 730 682 animum
752 647 884 699 atque
904 649 1096 684 mentem
1118 649 1361 686 creaturam
1378 656 1482 686 esse.
1501 642 1598 687 Alia

212 723 316 767 ergo
333 717 531 753 creatura
548 723 705 768 corpus
727 718 791 754 est
810 728 820 755 2
841 718 885 754 et
905 710 940 754 si
961 712 1131 756 animus
1149 727 1216 756 res
1232 712 1432 772 quaedam
1453 714 1598 758 estin-

210 778 446 838 telligibilis
466 813 477 834 ‚
513 779 559 823 id
580 788 643 823 est
663 814 674 834 ,
706 796 806 840 quae
829 789 1002 826 tantum
1023 782 1309 842 intelligendo
1338 784 1572 829 innotescit
1586 819 1599 840 ‚

212 849 294 895 alia
316 857 514 894 creatura
535 857 599 893 est
621 863 751 893 omne
768 850 994 904 sensibile,
1018 851 1064 893 id
1087 862 1151 894 est
1165 885 1177 906 ,
1201 852 1323 910 quod
1340 868 1417 911 per
1433 853 1604 910 oculos‚‘

211 920 281 968 vel
305 935 429 965 aures
448 955 459 976 ,
484 919 553 965 vel
577 918 788 964 olfactum
806 953 818 975 ‚
842 919 913 964 vel
934 927 1111 979 gustum
1129 954 1141 975 ‚
1164 919 1235 965 vel
1256 930 1424 966 tactum
1442 956 1454 978 ,
1479 924 1604 983 quasi

212 991 449 1053 quamdam
472 991 673 1036 notitiam
694 991 762 1035 sui
784 991 953 1051 praebet
977 1010 987 1037 2
1013 1000 1144 1051 atque
1166 990 1212 1035 id
1233 992 1423 1038 deterius
1448 993 1502 1038 sit
1523 1009 1604 1039 ne-

211 1078 327 1109 cesse
349 1072 413 1107 est
427 1097 438 1118 ,
463 1077 596 1123 quam
613 1061 734 1122 quod
750 1060 1040 1121 intelligentia
1055 1061 1145 1107 sola
1159 1062 1341 1122 capitur.
1367 1066 1485 1123 Ergo
1503 1080 1604 1110 cum

212 1136 341 1179 etiam
360 1137 475 1179 Deus
492 1134 634 1193 dignis
656 1134 809 1179 animis
828 1142 958 1178 notus
973 1148 1064 1178 non
1080 1133 1162 1178 nisi
1178 1148 1255 1194 per
1271 1133 1604 1194 intelligentiam

211 1207 345 1267 possit
383 1221 501 1261 esse,
535 1221 637 1250 cum
664 1214 813 1250 tamen
845 1205 899 1250 sit
929 1205 1020 1265 ipsa
1054 1220 1141 1265 qua
1176 1204 1436 1265 intelligitur
1455 1217 1603 1253 mente

212 1278 512 1340 praestantior,
545 1278 708 1338 quippe
744 1277 820 1337 qui
853 1286 1021 1322 creator
1050 1278 1142 1337 ejus
1173 1285 1306 1338 atque
1331 1287 1484 1323 auctor
1506 1289 1599 1336 est,

210 1348 453 1395 verendum
474 1357 566 1393 erat
595 1364 651 1393 ne
678 1348 848 1392 animus
869 1348 1088 1393 humanus
1104 1383 1115 1403 ‚
1139 1363 1191 1393 eo
1208 1348 1329 1408 quod
1353 1349 1466 1394 inter
1486 1349 1602 1396 invi-

211 1419 350 1466 sibilia
371 1429 414 1465 et
435 1418 725 1478 intelligibilia
747 1427 1003 1463 numeratur
1021 1454 1033 1473 ‚
1059 1418 1254 1479 ejusdem
1275 1434 1320 1464 se
1341 1429 1510 1465 naturae
1531 1437 1603 1466 ar—

211 1493 448 1538 bitraretur
475 1507 592 1547 esse,
623 1492 747 1552 cujus
779 1500 844 1536 est
867 1491 957 1551 ipse
986 1491 1063 1551 qui
1093 1491 1281 1550 creavit3
1307 1500 1351 1536 et
1381 1493 1440 1537 sic
1469 1492 1525 1538 ab
1551 1508 1604 1539 eo

214 1564 418 1625 superbia
439 1562 659 1608 decideret
673 1597 684 1618 ‚
710 1563 779 1607 cui
797 1562 1007 1607 charitate
1025 1562 1275 1623 jungendus
1293 1572 1371 1608 est.
1397 1563 1468 1608 Fit
1488 1565 1605 1609 enim

213 1638 303 1680 Deo
336 1634 487 1680 similis
516 1642 734 1694 quantum
765 1632 919 1678 datum
941 1642 1032 1688 est,
1063 1634 1170 1678 dum
1205 1633 1515 1679 illustrandum
1541 1634 1605 1679 illi

214 1715 345 1767 atque
367 1704 710 1750 illuminandum
738 1719 781 1749 se
807 1704 997 1764 subjicit.
1024 1707 1081 1750 Et
1103 1705 1138 1750 si
1156 1705 1343 1750 maxime
1364 1706 1404 1750 ei
1424 1705 1604 1765 propin-

213 1787 320 1837 quat
341 1777 611 1837 subjectione
629 1777 708 1821 ista
730 1792 818 1836 qua
839 1775 987 1820 similis
1008 1777 1086 1832 fit,
1110 1776 1240 1835 longe
1268 1776 1324 1820 ab
1348 1792 1399 1821 eo
1428 1777 1505 1822 fiat
1525 1792 1604 1823 ne·-

214 1863 329 1892 cesse
351 1856 415 1892 est
436 1847 617 1891 audacia
635 1862 722 1907 qua
736 1845 834 1891 vult
855 1861 946 1890 esse
967 1845 1161 1890 similior.
1190 1849 1290 1905 Ipsa
1310 1855 1374 1890 est
1391 1862 1479 1906 qua
1498 1847 1605 1905 legi-

214 1919 296 1962 bus
323 1918 401 1962 Dei
429 1917 730 1978 obtemperare
757 1917 991 1972 detrectat,
1017 1917 1126 1961 dum
1146 1931 1236 1960 suae
1263 1917 1486 1976 potestatis
1513 1933 1604 1963 esse

214 1990 335 2050 cupit
356 1999 406 2035 ut
427 1992 542 2034 Deus
564 1998 643 2034 est.

272 2063 395 2106 XXI.
434 2060 620 2116 Quando
653 2075 757 2120 ergo
791 2060 927 2118 magis
958 2058 1088 2118 longe
1117 2057 1300 2103 discedit
1323 2073 1347 2103 a
1368 2061 1459 2103 Deo
1477 2093 1489 2114 ‚
1506 2074 1605 2119 *non

214 2132 311 2178 loco
329 2167 340 2187 ‚
366 2132 442 2176 sed
469 2131 700 2177 affectione
731 2140 863 2192 atque
890 2130 1128 2191 cupiditate
1159 2130 1214 2173 ad
1241 2128 1449 2175 inferiora
1471 2145 1604 2190 quam

215 2213 278 2249 est
299 2204 390 2263 ipse
405 2238 417 2260 ‚
452 2212 573 2248 tanto
599 2203 734 2262 magis
755 2202 937 2247 stultitia
962 2200 1220 2261 miseriaque
1241 2200 1501 2260 completur.
1525 2201 1604 2246 Di-

214 2275 400 2320 lectione
420 2274 552 2333 igitur
574 2273 687 2318 redit
704 2274 751 2317 in
767 2276 909 2318 Deum
923 2307 935 2328 ‚
955 2287 1042 2333 qua
1063 2287 1108 2316 se
1125 2271 1186 2316 illi
1203 2287 1293 2317 non
1309 2287 1573 2331 componere
1588 2307 1600 2328 ,

215 2345 290 2390 sed
311 2361 556 2406 supponere
577 2345 768 2391 affectat.
794 2343 925 2398 Quod
945 2353 1112 2404 quanto
1136 2342 1287 2388 fecerit
1308 2343 1538 2389 instantius
1554 2358 1603 2388 ac

217 2417 474 2473 studiosiUS‚
496 2425 619 2462 tanto
640 2418 720 2461 erit
742 2416 908 2461 beatior
926 2425 1058 2476 atque
1077 2415 1304 2460 sublimior
1319 2450 1331 2471 ,
1357 2424 1400 2459 et
1415 2414 1491 2460 illo
1511 2413 1602 2459 solo

217 2486 469 2532 dominante
504 2487 768 2532 liberrimus.
801 2486 1099 2541 Quamobrem
1128 2501 1251 2531 nosse
1280 2485 1413 2530 debet
1441 2500 1485 2529 se
1513 2499 1602 2528 esse

219 2566 477 2604 creaturam.
497 2559 637 2604 Debet
651 2560 768 2604 enim
783 2566 1021 2604 creatorem
1038 2572 1166 2604 suum
1183 2555 1358 2603 credere
1379 2554 1504 2601 sicuti
1518 2563 1598 2610 est,
