1729 3143
14 0 24 289 ἰ

13 1314 16 1332 Ι

558 233 611 259 nE
643 231 810 267 GENESI‚
846 230 927 256 Lm.
964 230 994 255 1.
1384 213 1462 252 441

146 303 354 345 XXXIII.
391 302 486 345 Jam
509 315 626 343 nunc
644 297 866 343 videamus
889 296 1018 339 etiam
1038 292 1165 348 illud,
1190 292 1311 353 quod
1329 291 1469 338 solent

89 373 250 431 majore
272 370 557 430 impudentia,
582 384 714 429 quam
736 366 949 425 imperitia
965 363 1178 418 deridere,
1204 361 1325 422 quod
1338 363 1473 422 scrip-

89 452 184 487 tum
208 451 271 486 est
286 477 296 497 ,
324 445 463 486 Deum
487 447 787 485 consummato
811 436 923 481 coelo
939 472 949 491 ,
976 446 1019 480 et
1040 445 1176 489 terra,
1199 443 1242 478 et
1271 435 1474 479 omnibus

90 528 189 572 quae
212 512 314 556 fecit
330 546 341 566 ,
379 510 639 571 requievisse
660 508 731 552 die
748 507 931 566 septimo
957 506 1012 549 ab
1036 505 1239 550 omnibus
1272 503 1475 564 operibus

89 582 175 626 suis
192 616 203 636 ‚
229 590 272 625 et
291 580 560 625 benedixisse
582 578 698 623 diem
719 577 952 637 septimum
969 611 980 631 ,
998 585 1040 620 et
1055 575 1339 620 sanctificasse
1356 589 1474 631 eum,

89 652 192 712 quia
216 651 428 712 requievit
449 652 503 695 ab
522 650 725 710 operibus
741 649 867 693 suis¹.
887 648 1048 692 Dicunt
1065 648 1180 691 enim
1203 667 1212 693 ι
1234 646 1352 701 Quid
1368 661 1477 707 opus

89 732 181 768 erat
201 732 252 768 ut
273 726 387 767 Deus
409 723 733 782 requiesceret?
756 724 824 765 An
845 719 958 764 forte
984 719 1189 778 operibus
1214 733 1286 763 sex
1307 719 1479 763 dierum

90 795 295 854 fatigatus
317 803 361 838 et
382 793 562 838 lassatus
585 802 675 837 erat
693 794 711 837 Ξ)
732 790 915 837 Addunt
936 791 1064 836 etiam
1086 790 1261 835 Domini
1277 790 1480 834 testimo-

89 866 235 920 nium,
262 865 340 909 ubi
361 865 421 909 ait
442 885 450 909 :
481 884 498 904 «
523 868 649 909 Pater
666 879 788 908 meus
805 877 944 921 usque
960 876 1078 906 nunc
1096 862 1333 920 operatur²
1351 879 1360 905 :
1383 878 1403 901 »
1422 862 1481 904 Et

89 936 193 980 hinc
215 935 377 980 multos
399 936 621 991 imperitos
649 933 874 988 decipiunt
890 963 901 983 ‚
927 931 1087 988 quibus
1110 929 1371 986 persuadere
1403 944 1482 974 co-

87 1015 251 1050 nantur
265 1008 437 1049 Novum
454 1004 779 1046 Testamentum
790 998 936 1043 Veteri
955 1001 1231 1042 Testamento
1246 998 1478 1044 adversari.

92 1075 177 1120 Sed
199 1076 311 1119 sicut
331 1073 395 1117 illi
418 1073 579 1133 quibus
600 1071 812 1117 Dominus
835 1069 940 1115 dicit
961 1089 970 1115 :
999 1089 1019 1111 «
1040 1072 1167 1113 Pater
1191 1084 1312 1114 meus
1341 1086 1482 1131 usquc

98 1167 112 1187 n
139 1161 258 1190 nunc
280 1154 485 1204 operatur
500 1179 510 1197 ‚
533 1162 552 1184 »
580 1142 809 1187 carnaliter
838 1141 1134 1200 opinabantur
1157 1141 1349 1197 requiem
1372 1142 1480 1197 Dei,

89 1225 132 1260 et
166 1215 396 1260 carnaliter
432 1214 663 1258 sabbatum
698 1213 976 1257 observantes
1006 1226 1096 1254 non
1133 1209 1344 1255 videbant
1375 1211 1482 1270 quid

89 1287 204 1331 illius
227 1285 313 1330 diei
330 1285 584 1343 significatio
606 1284 812 1343 figuraret
834 1302 842 1326 :
869 1283 927 1326 sic
951 1292 993 1326 et
1017 1282 1085 1325 isti
1108 1280 1275 1325 diversa
1304 1280 1483 1341 quidem

91 1357 344 1412 voluntate,
374 1356 535 1416 pariter
568 1365 713 1399 tamen
746 1369 833 1398 non
864 1352 1114 1410 intelligunt
1145 1352 1313 1398 sabbati
1343 1367 1486 1397 sacra-

92 1436 307 1471 mentum.
336 1429 394 1471 Et
414 1425 477 1470 illi
500 1426 613 1470 enim
639 1424 867 1469 carnaliter
889 1422 1188 1477 observando,
1222 1431 1266 1466 et
1293 1423 1363 1466 isti
1391 1438 1486 1467 car-

92 1499 247 1544 naliter
270 1499 526 1553 execrando,
552 1496 781 1542 sabbatum
798 1511 886 1541 non
902 1503 1134 1540 noverunt.
1163 1497 1369 1539 Transeat
1384 1509 1485 1553 ergo

92 1571 392 1631 unusquisque
425 1570 480 1614 ad
511 1569 732 1614 Christum
771 1577 821 1611 ut
855 1565 1076 1611 auferatur
1108 1565 1349 1621 velamenss,
1374 1566 1488 1611 sicut

93 1641 326 1701 Apostolus
353 1641 473 1685 dicit.
504 1639 714 1684 Velamen
738 1638 853 1683 enim
877 1637 1073 1682 aufertur
1092 1673 1102 1692 ‚
1129 1636 1307 1697 quando
1331 1637 1486 1681 simili-

93 1712 254 1757 tudinis
270 1721 312 1756 et
329 1711 543 1769 allegoriae
559 1709 885 1770 cooperimento
904 1707 1050 1753 ablato
1067 1743 1078 1763 ,
1100 1708 1257 1752 veritas
1274 1706 1484 1763 nudatur,

93 1792 142 1827 ut
163 1782 297 1842 possit
319 1782 471 1826 videri.

151 1854 357 1896 XXXIV.
395 1851 540 1896 Primo
563 1865 664 1909 ergo
692 1851 822 1911 hujus
845 1849 1077 1895 locutionis
1100 1848 1249 1907 regula
1272 1850 1318 1893 in
1339 1848 1488 1893 multis

93 1924 342 1969 divinarum
366 1923 683 1982 Scripturarum
706 1922 810 1966 locis
834 1919 1217 1965 animadvertenda
1240 1930 1372 1981 atque
1398 1920 1488 1965 dis-

94 1993 233 2039 cenda
255 2002 333 2037 est.
360 1992 476 2046 Quid
498 1993 615 2036 enim
638 1992 756 2036 aliud
779 1992 992 2051 significat
1006 2027 1017 2047 ‚
1050 1990 1170 2052 quod
1193 1991 1353 2036 dicitur
1372 1994 1488 2037 Deus

95 2064 353 2124 requievisse
386 2063 440 2107 ab
479 2062 681 2106 omnibus
716 2062 921 2121 operibus
956 2062 1069 2116 suis⁷
1101 2077 1200 2122 quae
1235 2060 1339 2106 fecit
1374 2062 1489 2107 bona

94 2133 241 2189 valde,
274 2134 355 2178 nisi
383 2132 578 2193 requiem
612 2141 802 2176 nostram
825 2148 959 2193 quam
986 2133 1113 2177 nobis
1136 2132 1315 2177 daturus
1345 2143 1409 2178 est
1432 2133 1488 2178 ab

95 2204 296 2249 omnibus
319 2204 520 2263 operibus
539 2203 712 2257 nostris,
739 2203 772 2247 si
790 2212 832 2247 et
845 2219 927 2247 nos
950 2203 1066 2247 bona
1084 2218 1214 2262 opera
1238 2201 1483 2249 fecerimus.

99 2276 352 2322 Secundum
376 2275 514 2334 ipsam
545 2274 730 2333 figuram
762 2273 994 2318 locutionis
1016 2273 1122 2319 dicit
1144 2284 1187 2318 et
1219 2275 1452 2334 Apostolus
1474 2294 1483 2320 z

100 2367 117 2387 «
145 2345 262 2400 Quid
294 2347 409 2390 enim
448 2361 620 2390 oremus
657 2346 768 2389 sicut
805 2354 978 2405 oportet
1012 2346 1254 2401 nescimus,
1290 2346 1366 2391 sed
1393 2347 1484 2406 ipse

101 2436 121 2458 »
150 2417 334 2476 Spiritus
351 2416 542 2476 postulat
561 2432 638 2476 pro
654 2416 778 2461 nobis
794 2416 1025 2476 gemitibus
1046 2417 1479 2463 inenarrabilibus⁴.»

97 2489 195 2533 Non
217 2487 332 2530 enim
359 2487 541 2545 Spiritus
561 2495 734 2531 sanctus
758 2487 911 2545 gemit,
936 2488 1058 2547 quasi
1080 2487 1286 2546 indigeat,
1312 2497 1388 2533 aut
1404 2503 1483 2532 an-

148 2575 156 2592 ¹
175 2575 254 2605 Gen.
275 2584 312 2613 11,
334 2583 364 2605 2.
381 2590 422 2595 —-
439 2579 451 2595 ²
470 2575 560 2605 Joan,
582 2583 612 2610 v,
633 2583 682 2614 ¹7·
703 2589 742 2595 —
760 2571 772 2595 3
791 2582 810 2606 2
828 2574 899 2604 Cor.
918 2582 963 2614 ιιι,
987 2574 1037 2606 16.
1052 2572 1115 2603 -4
1136 2575 1227 2606 Rom.
1248 2584 1317 2611 vm,
1337 2573 1391 2606 26.
