1729 3143
205 202 259 243 14
599 213 631 241 s.
668 212 897 241 AUGUSTIM
930 211 1110 239 nrlscom

194 286 425 338 expectans
447 292 491 323 se
514 278 720 323 divinitus
742 275 964 336 adjuvari,
984 275 1060 320 sed
1074 275 1154 319 sibi
1179 276 1367 319 naturali
1393 277 1577 335 possibi-

190 348 313 393 litate
333 349 550 392 sufficiens
566 382 576 402 ,
602 345 818 405 quidquid
849 345 1010 389 laboris
1045 344 1116 389 vel
1148 343 1311 388 doloris
1338 344 1575 402 ingeritur,

189 432 270 476 pro
304 418 469 476 justitia
511 425 550 459 et
581 416 671 459 vita
708 423 872 458 aeterna
913 414 1222 473 patientissime
1261 414 1476 458 sustinet?
1509 418 1579 459 An

189 501 308 541 vero,
324 487 544 546 inquiunt,
564 484 721 529 idonea
741 494 803 528 est
825 485 1077 544 iniquorum
1111 483 1334 539 voluntaS‚
1360 487 1450 528 Deo
1484 498 1578 528 non

188 555 438 615 adjuvante,
450 562 500 598 ut
516 553 653 612 seipsi
675 554 722 597 in
743 553 1005 598 cruciatibus
1024 568 1104 613 pro
1121 553 1369 613 iniquitate,
1390 561 1433 596 et
1451 561 1577 596 ante-

187 639 321 684 quam
339 624 395 668 ab
410 623 503 668 aliis
539 625 789 668 crucientur
818 633 1074 681 exerceant3
1104 623 1264 667 idonea
1291 632 1356 667 est
1378 621 1581 667 voluntas

188 709 332 739 moras
351 695 453 739 vitae
470 695 602 754 hujus
621 695 877 750 amantium,
898 703 948 739 ut
960 697 1050 738 Deo
1078 709 1167 738 non
1187 693 1441 753 adjuvante,
1467 693 1581 736 inter

189 764 455 808 atrocissima
472 773 515 808 et
529 763 660 823 longa
686 773 898 809 tormenta
915 764 961 808 in
971 763 1198 807 mendacio
1215 770 1506 822 perseverent,
1526 776 1582 805 ne

190 849 268 878 sua
282 833 473 879 facinora
487 835 1005 894 confitentes,jubeantur
1013 833 1172 891 occidj3
1186 842 1229 877 et
1246 849 1333 877 non
1352 841 1416 876 est
1426 832 1581 876 idonea

184 905 403 964 justorum
437 904 638 950 voluntas
654 939 665 959 ‚
705 905 786 949 nisi
827 906 885 949 eis
914 906 1023 950 vires
1045 906 1231 963 desuper
1258 911 1546 962 suggerantur
1562 936 1574 957 ‚

184 974 404 1034 quaslibet
436 990 589 1035 poenas
605 1009 618 1030 ,
656 974 726 1020 vel
750 976 881 1035 ipsius
907 975 1062 1021 decore
1089 975 1289 1036 justitiae,
1315 974 1384 1019 vel
1405 982 1580 1018 aeternae

187 1045 290 1089 vitae
312 1060 458 1091 amore
479 1043 674 1105 perferre
695 1046 713 1088 Ρ

243 1117 364 1160 XIV.
390 1116 473 1169 Qui
491 1116 586 1159 haec
607 1115 775 1169 dicunt,
797 1129 887 1158 non
908 1114 1158 1171 intelligunt
1175 1124 1218 1158 et
1245 1128 1465 1173 quemque
1483 1113 1574 1156 ini-

182 1198 374 1242 quorum
394 1193 520 1225 tanto
537 1199 624 1225 esse
661 1183 716 1227 ad
743 1196 1036 1240 quaecumque
1070 1179 1182 1223 mala
1213 1179 1470 1238 perferenda
1492 1182 1580 1225 du-

182 1253 342 1297 riorem
361 1285 374 1306 ,
417 1259 586 1311 quanto
626 1250 673 1293 in
709 1265 761 1294 eo
802 1252 938 1309 major
974 1259 1037 1294 est
1064 1250 1279 1309 cupiditas
1317 1249 1473 1293 mundi
1491 1270 1502 1305 3
1536 1259 1580 1294 et

185 1335 409 1382 quemque
446 1321 666 1379 justorum
691 1328 812 1364 tanto
845 1335 935 1363 esse
956 1318 1010 1363 ad
1029 1335 1318 1379 quaecumque
1341 1319 1452 1363 mala
1476 1334 1577 1378 per-

182 1391 363 1437 ferenda
398 1388 623 1435 fortiorem
640 1424 652 1445 ‚
678 1399 846 1449 quanto
867 1390 912 1433 in
940 1405 992 1433 eo
1029 1399 1093 1434 est
1113 1391 1250 1449 major
1277 1390 1464 1433 charitas
1482 1390 1574 1433 Dei.

187 1460 272 1506 Sed
295 1459 512 1518 cupiditas
534 1458 688 1503 mundi
706 1459 877 1502 initium
902 1459 1035 1502 habet
1055 1474 1105 1501 ex
1122 1458 1303 1502 arbitrio
1320 1457 1575 1512 voluntatis,

184 1544 462 1589 progressum
492 1544 544 1572 ex
560 1527 851 1587 jucundidate
883 1527 1144 1585 voluptatis,
1177 1528 1502 1571 firmamentum
1528 1543 1579 1571 ex

183 1600 361 1645 vinculo
385 1589 711 1643 consuetudinis
730 1616 739 1641 ε
764 1598 992 1642 «Charitas
1013 1606 1159 1640 autem
1175 1597 1252 1641 Dei
1265 1596 1425 1641 diffusa
1446 1606 1509 1642 est
1532 1597 1579 1641 in

186 1687 209 1712 »
235 1668 442 1714 cordibus
458 1668 635 1722 nostris,
651 1682 741 1711 non
763 1667 916 1726 utique
937 1682 987 1709 ex
1010 1667 1150 1719 nobis,
1176 1665 1251 1709 sed
1268 1682 1344 1725 per
1368 1667 1576 1725 Spiritum

186 1757 208 1781 »
236 1749 458 1793 sanctuni,
484 1738 560 1797 qui
582 1737 709 1781 datus
727 1737 966 1780 estnobis1.
992 1755 1011 1777 »
1038 1736 1224 1780 Proinde
1246 1737 1302 1779 ab
1323 1736 1400 1780 illo
1417 1746 1481 1781 est
1505 1753 1574 1796 pa-

182 1810 334 1854 tientia
368 1810 594 1868 justorum
611 1842 621 1861 ‚
662 1822 738 1865 per
758 1822 889 1866 quem
912 1805 1178 1850 diffunditur
1199 1806 1386 1849 charitas
1405 1822 1571 1850 eorum.

182 1882 326 1932 Quam
352 1878 608 1922 charitatem
629 1876 810 1920 laudans
830 1885 961 1934 atque
979 1875 1289 1919 commendans
1311 1875 1546 1934 Apostolus
1560 1911 1571 1931 ‚

183 1950 297 1993 inter
330 1958 489 1993 caetera
531 1949 620 2007 ejus
652 1948 768 1991 bona
811 1946 918 1990 dixit
958 1962 1052 1990 eam
1095 1955 1138 1989 et
1173 1956 1332 1990 cuncta
1375 1947 1570 1991 sufferre.

189 2037 210 2062 «
237 2018 458 2073 Charitas,
483 2017 654 2076 inquit,
679 2016 955 2074 magnanima
979 2025 1057 2060 est.
1082 2034 1102 2056 »
1129 2019 1184 2059 Et
1206 2016 1339 2075 paulo
1362 2026 1458 2075 post
1479 2017 1539 2060 ait
1561 2035 1570 2060 ε

187 2107 210 2132 ι(
237 2089 394 2132 Omnia
416 2087 574 2132 tolerat
589 2089 621 2130 ².
642 2105 661 2127 »
680 2090 854 2140 Quanto
870 2100 971 2143 ergo
993 2087 1131 2145 major
1151 2086 1275 2129 estin
1296 2086 1453 2130 sanctis
1475 2087 1574 2130 cha-

183 2159 286 2202 ritas
304 2158 381 2202 Dei
401 2192 413 2213 ,
438 2166 561 2202 tanto
584 2157 720 2214 magis
748 2171 828 2214 pro
850 2170 901 2199 eo
934 2154 1054 2214 quod
1085 2154 1282 2213 diligitur
1297 2190 1308 2209 ‚
1343 2165 1386 2199 et
1407 2164 1573 2215 quanto

186 2230 324 2288 major
344 2237 408 2272 est
442 2228 487 2271 in
508 2226 808 2286 peccatoribus
831 2224 1044 2283 cupiditas
1073 2225 1253 2279 mundi,
1278 2234 1398 2268 tanto
1439 2226 1573 2282 magis

184 2313 265 2356 pro
286 2313 338 2342 eo
355 2298 476 2357 quod
496 2297 839 2355 concupiscitur,
865 2295 1009 2338 omnia
1023 2294 1280 2340 tolerantur.
1302 2297 1365 2338 Ac
1388 2310 1464 2353 per
1485 2295 1570 2339 hoc

185 2366 288 2412 inde
312 2377 375 2412 est
397 2368 601 2426 patientia
622 2382 721 2411 vera
737 2367 972 2426 justorum,
988 2364 1107 2408 unde
1134 2374 1197 2409 est
1233 2365 1280 2408 in
1299 2365 1359 2409 eis
1381 2365 1568 2410 charitas

184 2436 287 2494 Dei3
311 2446 354 2481 et
374 2437 476 2481 inde
491 2446 554 2482 est
569 2436 777 2496 patientia
797 2434 905 2479 falsa
930 2433 1199 2494 iniquorum,
1222 2435 1341 2481 unde
1367 2444 1432 2482 est
1447 2435 1566 2480 ineis

237 2526 248 2545 ²
268 2522 361 2556 Rom.
379 2531 415 2563 v,
435 2519 465 2554 5-
481 2535 522 2545 -
536 2527 550 2545 ²
570 2530 583 2554 1
602 2522 676 2556 Cor.
696 2529 767 2561 ¹111,
786 2516 806 2560 4
827 2521 861 2552 et
883 2528 913 2561 7.
