<?xml version="1.0" encoding="UTF-8"?>
<!DOCTYPE html PUBLIC "-//W3C//DTD XHTML 1.0 Transitional//EN"
    "http://www.w3.org/TR/xhtml1/DTD/xhtml1-transitional.dtd">
<html xmlns="http://www.w3.org/1999/xhtml" xml:lang="en" lang="en">
 <head>
  <title>
</title>
<meta http-equiv="Content-Type" content="text/html;charset=utf-8" />
  <meta name='ocr-system' content='tesseract 3.04.00' />
  <meta name='ocr-capabilities' content='ocr_page ocr_carea ocr_par ocr_line ocrx_word'/>
</head>
<body>
  <div class='ocr_page' id='page_1' title='image "./operaomniaaccura27auguuoft/operaomniaaccura27auguuoft_0606.png"; bbox 0 0 1729 3143; ppageno 0'>
   <div class='ocr_carea' id='block_1_1' title="bbox 187 227 1132 268">
    <p class='ocr_par' dir='ltr' id='par_1_1' title="bbox 187 227 1132 268">
     <span class='ocr_line' id='line_1_1' title="bbox 187 227 1132 268; baseline 0 -1"><span class='ocrx_word' id='word_1_1' title='bbox 187 227 270 268; x_wconf 73' lang='lat'>594</span> <span class='ocrx_word' id='word_1_2' title='bbox 620 243 647 264; x_wconf 76' lang='lat' dir='ltr'>s.</span> <span class='ocrx_word' id='word_1_3' title='bbox 688 241 917 267; x_wconf 50' lang='lat' dir='ltr'>avenarum</span> <span class='ocrx_word' id='word_1_4' title='bbox 954 242 1132 268; x_wconf 70' lang='lat' dir='ltr'>El’lseom</span> 
     </span>
    </p>
   </div>
   <div class='ocr_carea' id='block_1_2' title="bbox 130 304 1619 2632">
    <p class='ocr_par' dir='ltr' id='par_1_2' title="bbox 130 304 1574 650">
     <span class='ocr_line' id='line_1_2' title="bbox 181 304 1564 367; baseline 0.001 -16"><span class='ocrx_word' id='word_1_5' title='bbox 181 316 229 351; x_wconf 90' lang='lat' dir='ltr'>ut</span> <span class='ocrx_word' id='word_1_6' title='bbox 255 306 328 351; x_wconf 89' lang='lat' dir='ltr'>illa</span> <span class='ocrx_word' id='word_1_7' title='bbox 358 306 438 349; x_wconf 87' lang='lat' dir='ltr'>sibi</span> <span class='ocrx_word' id='word_1_8' title='bbox 465 305 729 348; x_wconf 86' lang='lat' dir='ltr'>conflaretur</span> <span class='ocrx_word' id='word_1_9' title='bbox 759 304 977 350; x_wconf 85' lang='lat' dir='ltr'>calumnia</span> <span class='ocrx_word' id='word_1_10' title='bbox 995 340 1005 359; x_wconf 96' lang='lat'>,</span> <span class='ocrx_word' id='word_1_11' title='bbox 1041 321 1096 349; x_wconf 90' lang='lat' dir='ltr'>ne</span> <span class='ocrx_word' id='word_1_12' title='bbox 1135 307 1166 349; x_wconf 91' lang='lat' dir='ltr'>si</span> <span class='ocrx_word' id='word_1_13' title='bbox 1192 307 1301 367; x_wconf 86' lang='lat' dir='ltr'>quid</span> <span class='ocrx_word' id='word_1_14' title='bbox 1330 308 1534 367; x_wconf 82' lang='lat' dir='ltr'>proderet</span> <span class='ocrx_word' id='word_1_15' title='bbox 1554 344 1564 364; x_wconf 93' lang='lat'>,</span> 
     </span>
     <span class='ocr_line' id='line_1_3' title="bbox 130 376 1568 433; baseline 0.001 -11"><span class='ocrx_word' id='word_1_16' title='bbox 130 406 134 411; x_wconf 88' lang='lat'><em>-</em></span> <span class='ocrx_word' id='word_1_17' title='bbox 179 378 443 422; x_wconf 80' lang='lat' dir='ltr'><strong>crederetur.</strong></span> <span class='ocrx_word' id='word_1_18' title='bbox 468 376 749 433; x_wconf 85' lang='lat' dir='ltr'>Angebamur</span> <span class='ocrx_word' id='word_1_19' title='bbox 776 391 874 431; x_wconf 91' lang='lat' dir='ltr'>nos,</span> <span class='ocrx_word' id='word_1_20' title='bbox 906 385 950 419; x_wconf 90' lang='lat' dir='ltr'>et</span> <span class='ocrx_word' id='word_1_21' title='bbox 979 376 1277 422; x_wconf 83' lang='lat' dir='ltr'>molestissime</span> <span class='ocrx_word' id='word_1_22' title='bbox 1300 376 1568 433; x_wconf 87' lang='lat' dir='ltr'>ferebamus,</span> 
     </span>
     <span class='ocr_line' id='line_1_4' title="bbox 179 446 1572 508; baseline 0.002 -16"><span class='ocrx_word' id='word_1_23' title='bbox 179 446 300 508; x_wconf 90' lang='lat' dir='ltr'>quod</span> <span class='ocrx_word' id='word_1_24' title='bbox 320 447 484 492; x_wconf 90' lang='lat' dir='ltr'>etiamsi</span> <span class='ocrx_word' id='word_1_25' title='bbox 503 446 560 490; x_wconf 90' lang='lat' dir='ltr'>de</span> <span class='ocrx_word' id='word_1_26' title='bbox 582 447 773 507; x_wconf 86' lang='lat' dir='ltr'>appetita</span> <span class='ocrx_word' id='word_1_27' title='bbox 797 447 979 491; x_wconf 88' lang='lat' dir='ltr'>muliere</span> <span class='ocrx_word' id='word_1_28' title='bbox 999 448 1216 492; x_wconf 87' lang='lat' dir='ltr'>incertum</span> <span class='ocrx_word' id='word_1_29' title='bbox 1244 459 1352 504; x_wconf 89' lang='lat' dir='ltr'>erat,</span> <span class='ocrx_word' id='word_1_30' title='bbox 1376 449 1488 495; x_wconf 87' lang='lat' dir='ltr'>livor</span> <span class='ocrx_word' id='word_1_31' title='bbox 1503 459 1572 495; x_wconf 87' lang='lat' dir='ltr'>ta—</span> 
     </span>
     <span class='ocr_line' id='line_1_5' title="bbox 180 517 1574 579; baseline 0.003 -17"><span class='ocrx_word' id='word_1_32' title='bbox 180 534 279 563; x_wconf 88' lang='lat' dir='ltr'>men</span> <span class='ocrx_word' id='word_1_33' title='bbox 299 517 445 563; x_wconf 89' lang='lat' dir='ltr'>inillis</span> <span class='ocrx_word' id='word_1_34' title='bbox 467 519 660 573; x_wconf 91' lang='lat' dir='ltr'>duobus,</span> <span class='ocrx_word' id='word_1_35' title='bbox 685 519 846 579; x_wconf 89' lang='lat' dir='ltr'>quibus</span> <span class='ocrx_word' id='word_1_36' title='bbox 874 519 1075 564; x_wconf 90' lang='lat' dir='ltr'>meliores</span> <span class='ocrx_word' id='word_1_37' title='bbox 1102 519 1163 563; x_wconf 86' lang='lat' dir='ltr'>ibi</span> <span class='ocrx_word' id='word_1_38' title='bbox 1191 536 1282 566; x_wconf 90' lang='lat' dir='ltr'>non</span> <span class='ocrx_word' id='word_1_39' title='bbox 1315 521 1574 566; x_wconf 86' lang='lat' dir='ltr'>invenieba-</span> 
     </span>
     <span class='ocr_line' id='line_1_6' title="bbox 181 588 1454 650; baseline 0.003 -18"><span class='ocrx_word' id='word_1_40' title='bbox 181 604 290 646; x_wconf 90' lang='lat' dir='ltr'>mus,</span> <span class='ocrx_word' id='word_1_41' title='bbox 315 589 552 648; x_wconf 85' lang='lat' dir='ltr'><strong>apparebat</strong></span> <span class='ocrx_word' id='word_1_42' title='bbox 572 589 823 643; x_wconf 87' lang='lat' dir='ltr'>acerrimus,</span> <span class='ocrx_word' id='word_1_43' title='bbox 848 599 892 634; x_wconf 87' lang='lat' dir='ltr'>et</span> <span class='ocrx_word' id='word_1_44' title='bbox 915 588 997 634; x_wconf 90' lang='lat' dir='ltr'>alia</span> <span class='ocrx_word' id='word_1_45' title='bbox 1016 590 1231 650; x_wconf 85' lang='lat' dir='ltr'>conjicere</span> <span class='ocrx_word' id='word_1_46' title='bbox 1252 591 1454 650; x_wconf 84' lang='lat' dir='ltr'>cogebat.</span> 
     </span>
    </p>

    <p class='ocr_par' dir='ltr' id='par_1_3' title="bbox 178 660 1619 1927">
     <span class='ocr_line' id='line_1_7' title="bbox 236 660 1574 717; baseline 0.002 -13"><span class='ocrx_word' id='word_1_47' title='bbox 236 662 419 704; x_wconf 83' lang='lat' dir='ltr'><strong>LXXII.</strong></span> <span class='ocrx_word' id='word_1_48' title='bbox 456 661 680 708; x_wconf 87' lang='lat' dir='ltr'>Postremo</span> <span class='ocrx_word' id='word_1_49' title='bbox 702 660 747 703; x_wconf 89' lang='lat' dir='ltr'>in</span> <span class='ocrx_word' id='word_1_50' title='bbox 773 661 950 705; x_wconf 83' lang='lat' dir='ltr'>&#39;theatris</span> <span class='ocrx_word' id='word_1_51' title='bbox 973 661 1158 716; x_wconf 83' lang='lat' dir='ltr'>electos,</span> <span class='ocrx_word' id='word_1_52' title='bbox 1183 671 1228 706; x_wconf 88' lang='lat' dir='ltr'>et</span> <span class='ocrx_word' id='word_1_53' title='bbox 1247 671 1391 717; x_wconf 85' lang='lat' dir='ltr'>aetate,</span> <span class='ocrx_word' id='word_1_54' title='bbox 1423 671 1492 717; x_wconf 89' lang='lat' dir='ltr'>et,</span> <span class='ocrx_word' id='word_1_55' title='bbox 1525 671 1574 708; x_wconf 87' lang='lat' dir='ltr'>ut</span> 
     </span>
     <span class='ocr_line' id='line_1_8' title="bbox 178 732 1574 794; baseline 0.002 -18"><span class='ocrx_word' id='word_1_56' title='bbox 178 732 457 792; x_wconf 86' lang='lat' dir='ltr'>videbantur,</span> <span class='ocrx_word' id='word_1_57' title='bbox 483 733 675 775; x_wconf 83' lang='lat' dir='ltr'>moribus</span> <span class='ocrx_word' id='word_1_58' title='bbox 698 747 861 789; x_wconf 84' lang='lat' dir='ltr'>graves,</span> <span class='ocrx_word' id='word_1_59' title='bbox 885 748 987 777; x_wconf 90' lang='lat' dir='ltr'>cum</span> <span class='ocrx_word' id='word_1_60' title='bbox 1013 748 1116 778; x_wconf 90' lang='lat' dir='ltr'>sene</span> <span class='ocrx_word' id='word_1_61' title='bbox 1137 734 1397 793; x_wconf 78' lang='lat' dir='ltr'>presbytero</span> <span class='ocrx_word' id='word_1_62' title='bbox 1424 735 1574 794; x_wconf 85' lang='lat' dir='ltr'>saepis-</span> 
     </span>
     <span class='ocr_line' id='line_1_9' title="bbox 179 802 1575 865; baseline 0.003 -19"><span class='ocrx_word' id='word_1_63' title='bbox 179 804 282 847; x_wconf 87' lang='lat' dir='ltr'>sime</span> <span class='ocrx_word' id='word_1_64' title='bbox 304 802 564 847; x_wconf 85' lang='lat' dir='ltr'>invenimus.</span> <span class='ocrx_word' id='word_1_65' title='bbox 590 802 757 845; x_wconf 83' lang='lat' dir='ltr'>Omitto</span> <span class='ocrx_word' id='word_1_66' title='bbox 774 802 974 860; x_wconf 80' lang='lat' dir='ltr'>juveneS,</span> <span class='ocrx_word' id='word_1_67' title='bbox 1002 820 1114 862; x_wconf 87' lang='lat' dir='ltr'>quos</span> <span class='ocrx_word' id='word_1_68' title='bbox 1131 805 1262 849; x_wconf 89' lang='lat' dir='ltr'>etiam</span> <span class='ocrx_word' id='word_1_69' title='bbox 1284 805 1474 849; x_wconf 81' lang='lat' dir='ltr'>rixantes</span> <span class='ocrx_word' id='word_1_70' title='bbox 1494 821 1575 865; x_wconf 91' lang='lat' dir='ltr'>pro</span> 
     </span>
     <span class='ocr_line' id='line_1_10' title="bbox 179 871 1619 934; baseline 0.001 -16"><span class='ocrx_word' id='word_1_71' title='bbox 179 874 356 919; x_wconf 85' lang='lat' dir='ltr'>scenicis</span> <span class='ocrx_word' id='word_1_72' title='bbox 377 882 421 918; x_wconf 82' lang='lat' dir='ltr'>et</span> <span class='ocrx_word' id='word_1_73' title='bbox 442 874 599 932; x_wconf 81' lang='lat' dir='ltr'>aurigis</span> <span class='ocrx_word' id='word_1_74' title='bbox 621 872 949 931; x_wconf 80' lang='lat' dir='ltr'>deprehendere</span> <span class='ocrx_word' id='word_1_75' title='bbox 972 871 1241 928; x_wconf 83' lang='lat' dir='ltr'>solebamus,</span> <span class='ocrx_word' id='word_1_76' title='bbox 1272 890 1372 934; x_wconf 87' lang='lat' dir='ltr'>quae</span> <span class='ocrx_word' id='word_1_77' title='bbox 1396 891 1462 919; x_wconf 90' lang='lat' dir='ltr'>res</span> <span class='ocrx_word' id='word_1_78' title='bbox 1485 891 1576 920; x_wconf 90' lang='lat' dir='ltr'>non</span> <span class='ocrx_word' id='word_1_79' title='bbox 1615 873 1619 875; x_wconf 42' lang='grc'>“</span> 
     </span>
     <span class='ocr_line' id='line_1_11' title="bbox 179 944 1576 1004; baseline 0 -13"><span class='ocrx_word' id='word_1_80' title='bbox 179 946 387 991; x_wconf 90' lang='lat' dir='ltr'>mediocri</span> <span class='ocrx_word' id='word_1_81' title='bbox 410 957 670 1004; x_wconf 80' lang='lat' dir='ltr'>argumento</span> <span class='ocrx_word' id='word_1_82' title='bbox 686 954 766 997; x_wconf 90' lang='lat' dir='ltr'>est,</span> <span class='ocrx_word' id='word_1_83' title='bbox 791 944 1015 1003; x_wconf 85' lang='lat' dir='ltr'>quomodo</span> <span class='ocrx_word' id='word_1_84' title='bbox 1033 959 1077 988; x_wconf 89' lang='lat' dir='ltr'>se</span> <span class='ocrx_word' id='word_1_85' title='bbox 1094 945 1261 1004; x_wconf 88' lang='lat' dir='ltr'>possint</span> <span class='ocrx_word' id='word_1_86' title='bbox 1276 946 1503 990; x_wconf 90' lang='lat' dir='ltr'>continere</span> <span class='ocrx_word' id='word_1_87' title='bbox 1519 946 1576 991; x_wconf 89' lang='lat' dir='ltr'>ab</span> 
     </span>
     <span class='ocr_line' id='line_1_12' title="bbox 178 1014 1574 1077; baseline 0.001 -16"><span class='ocrx_word' id='word_1_88' title='bbox 178 1016 359 1062; x_wconf 88' lang='lat' dir='ltr'>occultis</span> <span class='ocrx_word' id='word_1_89' title='bbox 373 1051 384 1071; x_wconf 94' lang='lat'>,</span> <span class='ocrx_word' id='word_1_90' title='bbox 409 1031 512 1060; x_wconf 91' lang='lat' dir='ltr'>cum</span> <span class='ocrx_word' id='word_1_91' title='bbox 533 1029 626 1059; x_wconf 87' lang='lat' dir='ltr'>eam</span> <span class='ocrx_word' id='word_1_92' title='bbox 650 1014 938 1074; x_wconf 81' lang='lat' dir='ltr'>cupiditatem</span> <span class='ocrx_word' id='word_1_93' title='bbox 952 1029 1158 1074; x_wconf 88' lang='lat' dir='ltr'>superare</span> <span class='ocrx_word' id='word_1_94' title='bbox 1174 1031 1264 1060; x_wconf 89' lang='lat' dir='ltr'>non</span> <span class='ocrx_word' id='word_1_95' title='bbox 1276 1016 1457 1075; x_wconf 88' lang='lat' dir='ltr'>possint,</span> <span class='ocrx_word' id='word_1_96' title='bbox 1474 1032 1574 1077; x_wconf 84' lang='lat' dir='ltr'>quae</span> 
     </span>
     <span class='ocr_line' id='line_1_13' title="bbox 180 1084 1577 1146; baseline 0.001 -15"><span class='ocrx_word' id='word_1_97' title='bbox 180 1087 275 1132; x_wconf 88' lang='lat' dir='ltr'>illos</span> <span class='ocrx_word' id='word_1_98' title='bbox 296 1085 548 1131; x_wconf 87' lang='lat' dir='ltr'>auditorum</span> <span class='ocrx_word' id='word_1_99' title='bbox 567 1100 746 1130; x_wconf 86' lang='lat' dir='ltr'>suorum</span> <span class='ocrx_word' id='word_1_100' title='bbox 771 1084 908 1130; x_wconf 91' lang='lat' dir='ltr'>oculis</span> <span class='ocrx_word' id='word_1_101' title='bbox 931 1094 1138 1142; x_wconf 85' lang='lat' dir='ltr'>ostentat,</span> <span class='ocrx_word' id='word_1_102' title='bbox 1158 1095 1202 1131; x_wconf 88' lang='lat' dir='ltr'>et</span> <span class='ocrx_word' id='word_1_103' title='bbox 1225 1088 1372 1146; x_wconf 83' lang='lat' dir='ltr'>prodit</span> <span class='ocrx_word' id='word_1_104' title='bbox 1395 1088 1577 1132; x_wconf 89' lang='lat' dir='ltr'>erubes-</span> 
     </span>
     <span class='ocr_line' id='line_1_14' title="bbox 179 1155 1577 1217; baseline -0.001 -14"><span class='ocrx_word' id='word_1_105' title='bbox 179 1168 325 1203; x_wconf 85' lang='lat' dir='ltr'>centes</span> <span class='ocrx_word' id='word_1_106' title='bbox 352 1167 484 1217; x_wconf 88' lang='lat' dir='ltr'>atque</span> <span class='ocrx_word' id='word_1_107' title='bbox 512 1156 766 1215; x_wconf 80' lang='lat' dir='ltr'>fugitantes.</span> <span class='ocrx_word' id='word_1_108' title='bbox 798 1159 866 1200; x_wconf 83' lang='lat' dir='ltr'>An</span> <span class='ocrx_word' id='word_1_109' title='bbox 894 1171 998 1200; x_wconf 89' lang='lat' dir='ltr'>vero</span> <span class='ocrx_word' id='word_1_110' title='bbox 1028 1155 1145 1201; x_wconf 86' lang='lat' dir='ltr'>illius</span> <span class='ocrx_word' id='word_1_111' title='bbox 1173 1157 1305 1202; x_wconf 88' lang='lat' dir='ltr'>etiam</span> <span class='ocrx_word' id='word_1_112' title='bbox 1334 1159 1496 1214; x_wconf 89' lang='lat' dir='ltr'>sancti,</span> <span class='ocrx_word' id='word_1_113' title='bbox 1521 1156 1577 1202; x_wconf 90' lang='lat' dir='ltr'>ad</span> 
     </span>
     <span class='ocr_line' id='line_1_15' title="bbox 181 1227 1572 1289; baseline -0.001 -14"><span class='ocrx_word' id='word_1_114' title='bbox 181 1231 304 1289; x_wconf 80' lang='lat' dir='ltr'>cujus</span> <span class='ocrx_word' id='word_1_115' title='bbox 333 1228 648 1288; x_wconf 86' lang='lat' dir='ltr'>disputationes</span> <span class='ocrx_word' id='word_1_116' title='bbox 684 1227 730 1271; x_wconf 91' lang='lat' dir='ltr'>in</span> <span class='ocrx_word' id='word_1_117' title='bbox 763 1227 1014 1272; x_wconf 86' lang='lat' dir='ltr'>ficariorum</span> <span class='ocrx_word' id='word_1_118' title='bbox 1045 1227 1192 1272; x_wconf 89' lang='lat' dir='ltr'>vicum</span> <span class='ocrx_word' id='word_1_119' title='bbox 1220 1228 1572 1284; x_wconf 82' lang='lat' dir='ltr'>ventitabamus,</span> 
     </span>
     <span class='ocr_line' id='line_1_16' title="bbox 186 1298 1578 1359; baseline 0 -14"><span class='ocrx_word' id='word_1_120' title='bbox 186 1310 357 1345; x_wconf 89' lang='lat' dir='ltr'>tantum</span> <span class='ocrx_word' id='word_1_121' title='bbox 376 1298 490 1344; x_wconf 89' lang='lat' dir='ltr'>illud</span> <span class='ocrx_word' id='word_1_122' title='bbox 511 1299 727 1359; x_wconf 77' lang='lat' dir='ltr'>flagitium</span> <span class='ocrx_word' id='word_1_123' title='bbox 751 1298 1027 1358; x_wconf 88' lang='lat' dir='ltr'>proderetur,</span> <span class='ocrx_word' id='word_1_124' title='bbox 1048 1299 1083 1343; x_wconf 92' lang='lat' dir='ltr'>si</span> <span class='ocrx_word' id='word_1_125' title='bbox 1103 1300 1317 1358; x_wconf 83' lang='lat' dir='ltr'>virginem</span> <span class='ocrx_word' id='word_1_126' title='bbox 1339 1300 1578 1345; x_wconf 87' lang='lat' dir='ltr'>sanctimo—</span> 
     </span>
     <span class='ocr_line' id='line_1_17' title="bbox 184 1370 1578 1429; baseline 0 -14"><span class='ocrx_word' id='word_1_127' title='bbox 184 1371 344 1416; x_wconf 87' lang='lat' dir='ltr'>nialem</span> <span class='ocrx_word' id='word_1_128' title='bbox 367 1370 594 1414; x_wconf 87' lang='lat' dir='ltr'>mulierem</span> <span class='ocrx_word' id='word_1_129' title='bbox 615 1379 804 1422; x_wconf 84' lang='lat' dir='ltr'>tantum,</span> <span class='ocrx_word' id='word_1_130' title='bbox 829 1385 919 1413; x_wconf 88' lang='lat' dir='ltr'>non</span> <span class='ocrx_word' id='word_1_131' title='bbox 945 1378 989 1413; x_wconf 86' lang='lat' dir='ltr'>et</span> <span class='ocrx_word' id='word_1_132' title='bbox 1010 1378 1308 1428; x_wconf 82' lang='lat' dir='ltr'>praegnantem</span> <span class='ocrx_word' id='word_1_133' title='bbox 1331 1370 1474 1415; x_wconf 87' lang='lat' dir='ltr'>facere</span> <span class='ocrx_word' id='word_1_134' title='bbox 1495 1385 1578 1429; x_wconf 89' lang='lat' dir='ltr'>po—</span> 
     </span>
     <span class='ocr_line' id='line_1_18' title="bbox 185 1438 1580 1487; baseline -0.001 -1"><span class='ocrx_word' id='word_1_135' title='bbox 185 1443 349 1486; x_wconf 89' lang='lat' dir='ltr'>tuisset.</span> <span class='ocrx_word' id='word_1_136' title='bbox 377 1440 462 1487; x_wconf 89' lang='lat' dir='ltr'>Sed</span> <span class='ocrx_word' id='word_1_137' title='bbox 484 1440 707 1486; x_wconf 89' lang='lat' dir='ltr'>occultum</span> <span class='ocrx_word' id='word_1_138' title='bbox 729 1448 772 1483; x_wconf 92' lang='lat' dir='ltr'>et</span> <span class='ocrx_word' id='word_1_139' title='bbox 793 1438 1048 1484; x_wconf 84' lang='lat' dir='ltr'>incredibile</span> <span class='ocrx_word' id='word_1_140' title='bbox 1069 1439 1233 1484; x_wconf 88' lang='lat' dir='ltr'>malum</span> <span class='ocrx_word' id='word_1_141' title='bbox 1254 1455 1454 1486; x_wconf 89' lang='lat' dir='ltr'>crescens</span> <span class='ocrx_word' id='word_1_142' title='bbox 1479 1450 1580 1485; x_wconf 89' lang='lat' dir='ltr'>ute-</span> 
     </span>
     <span class='ocr_line' id='line_1_19' title="bbox 188 1510 1582 1573; baseline -0.001 -15"><span class='ocrx_word' id='word_1_143' title='bbox 188 1529 259 1558; x_wconf 89' lang='lat' dir='ltr'>rus</span> <span class='ocrx_word' id='word_1_144' title='bbox 289 1513 423 1557; x_wconf 85' lang='lat' dir='ltr'>latere</span> <span class='ocrx_word' id='word_1_145' title='bbox 450 1528 541 1556; x_wconf 92' lang='lat' dir='ltr'>non</span> <span class='ocrx_word' id='word_1_146' title='bbox 573 1527 722 1571; x_wconf 87' lang='lat' dir='ltr'>passus</span> <span class='ocrx_word' id='word_1_147' title='bbox 745 1521 823 1555; x_wconf 87' lang='lat' dir='ltr'>est.</span> <span class='ocrx_word' id='word_1_148' title='bbox 850 1511 980 1565; x_wconf 90' lang='lat' dir='ltr'>Quod</span> <span class='ocrx_word' id='word_1_149' title='bbox 1002 1526 1101 1555; x_wconf 88' lang='lat' dir='ltr'>cum</span> <span class='ocrx_word' id='word_1_150' title='bbox 1126 1521 1265 1556; x_wconf 90' lang='lat' dir='ltr'>mater</span> <span class='ocrx_word' id='word_1_151' title='bbox 1289 1510 1410 1556; x_wconf 84' lang='lat' dir='ltr'>fratri</span> <span class='ocrx_word' id='word_1_152' title='bbox 1428 1512 1582 1573; x_wconf 86' lang='lat' dir='ltr'>juveni</span> 
     </span>
     <span class='ocr_line' id='line_1_20' title="bbox 186 1581 1583 1643; baseline 0 -15"><span class='ocrx_word' id='word_1_153' title='bbox 186 1584 461 1643; x_wconf 84' lang='lat' dir='ltr'>prodidisset,</span> <span class='ocrx_word' id='word_1_154' title='bbox 485 1583 693 1627; x_wconf 89' lang='lat' dir='ltr'>acerrime</span> <span class='ocrx_word' id='word_1_155' title='bbox 715 1581 884 1637; x_wconf 69' lang='lat' dir='ltr'>dolenS,</span> <span class='ocrx_word' id='word_1_156' title='bbox 912 1582 1130 1641; x_wconf 79' lang='lat' dir='ltr'>religionis</span> <span class='ocrx_word' id='word_1_157' title='bbox 1152 1592 1301 1626; x_wconf 87' lang='lat' dir='ltr'>tamen</span> <span class='ocrx_word' id='word_1_158' title='bbox 1325 1584 1505 1628; x_wconf 90' lang='lat' dir='ltr'>nomine</span> <span class='ocrx_word' id='word_1_159' title='bbox 1526 1583 1583 1628; x_wconf 89' lang='lat' dir='ltr'>ab</span> 
     </span>
     <span class='ocr_line' id='line_1_21' title="bbox 190 1651 1584 1714; baseline -0.001 -14"><span class='ocrx_word' id='word_1_160' title='bbox 190 1655 462 1700; x_wconf 88' lang='lat' dir='ltr'>accusatione</span> <span class='ocrx_word' id='word_1_161' title='bbox 479 1652 655 1713; x_wconf 89' lang='lat' dir='ltr'>publica</span> <span class='ocrx_word' id='word_1_162' title='bbox 668 1662 894 1697; x_wconf 77' lang='lat' dir='ltr'>revocatus</span> <span class='ocrx_word' id='word_1_163' title='bbox 909 1661 994 1709; x_wconf 72' lang='lat' dir='ltr'>est,</span> <span class='ocrx_word' id='word_1_164' title='bbox 1015 1651 1286 1714; x_wconf 88' lang='lat' dir='ltr'>perfecitque</span> <span class='ocrx_word' id='word_1_165' title='bbox 1305 1663 1356 1699; x_wconf 89' lang='lat' dir='ltr'>ut</span> <span class='ocrx_word' id='word_1_166' title='bbox 1376 1653 1451 1698; x_wconf 91' lang='lat' dir='ltr'>ille</span> <span class='ocrx_word' id='word_1_167' title='bbox 1467 1656 1584 1712; x_wconf 86' lang='lat' dir='ltr'>(non</span> 
     </span>
     <span class='ocr_line' id='line_1_22' title="bbox 191 1723 1584 1785; baseline 0 -15"><span class='ocrx_word' id='word_1_168' title='bbox 191 1727 307 1770; x_wconf 89' lang='lat' dir='ltr'>enim</span> <span class='ocrx_word' id='word_1_169' title='bbox 329 1727 413 1771; x_wconf 93' lang='lat' dir='ltr'>hoc</span> <span class='ocrx_word' id='word_1_170' title='bbox 432 1724 546 1769; x_wconf 82' lang='lat' dir='ltr'>ferre</span> <span class='ocrx_word' id='word_1_171' title='bbox 567 1724 798 1785; x_wconf 86' lang='lat' dir='ltr'>quisquam</span> <span class='ocrx_word' id='word_1_172' title='bbox 822 1727 996 1783; x_wconf 88' lang='lat' dir='ltr'>posset)</span> <span class='ocrx_word' id='word_1_173' title='bbox 1016 1723 1072 1768; x_wconf 90' lang='lat' dir='ltr'>de</span> <span class='ocrx_word' id='word_1_174' title='bbox 1093 1724 1167 1769; x_wconf 90' lang='lat' dir='ltr'>illa</span> <span class='ocrx_word' id='word_1_175' title='bbox 1189 1724 1367 1770; x_wconf 90' lang='lat' dir='ltr'>ecclesia</span> <span class='ocrx_word' id='word_1_176' title='bbox 1396 1724 1584 1785; x_wconf 88' lang='lat' dir='ltr'>pellere-</span> 
     </span>
     <span class='ocr_line' id='line_1_23' title="bbox 193 1795 1585 1871; baseline -0.002 -30"><span class='ocrx_word' id='word_1_177' title='bbox 193 1806 266 1841; x_wconf 89' lang='lat' dir='ltr'>tur</span> <span class='ocrx_word' id='word_1_178' title='bbox 286 1815 296 1841; x_wconf 86' lang='lat'>:</span> <span class='ocrx_word' id='word_1_179' title='bbox 320 1806 366 1841; x_wconf 89' lang='lat' dir='ltr'>et</span> <span class='ocrx_word' id='word_1_180' title='bbox 385 1811 441 1840; x_wconf 90' lang='lat' dir='ltr'>ne</span> <span class='ocrx_word' id='word_1_181' title='bbox 460 1795 675 1871; x_wconf 81' lang='lat' dir='ltr'>impunita</span> <span class='ocrx_word' id='word_1_182' title='bbox 701 1810 766 1838; x_wconf 87' lang='lat' dir='ltr'>res</span> <span class='ocrx_word' id='word_1_183' title='bbox 782 1795 963 1838; x_wconf 88' lang='lat' dir='ltr'>omnino</span> <span class='ocrx_word' id='word_1_184' title='bbox 980 1803 1105 1846; x_wconf 88' lang='lat' dir='ltr'>esset,</span> <span class='ocrx_word' id='word_1_185' title='bbox 1133 1795 1247 1853; x_wconf 90' lang='lat' dir='ltr'>cepit</span> <span class='ocrx_word' id='word_1_186' title='bbox 1269 1795 1516 1850; x_wconf 89' lang='lat' dir='ltr'>consilium,</span> <span class='ocrx_word' id='word_1_187' title='bbox 1534 1802 1585 1838; x_wconf 88' lang='lat' dir='ltr'>ut</span> 
     </span>
     <span class='ocr_line' id='line_1_24' title="bbox 163 1862 1580 1927; baseline -0.001 -15.978"><span class='ocrx_word' id='word_1_188' title='bbox 163 1866 409 1927; x_wconf 88' lang='lat' dir='ltr'>.adjunctis</span> <span class='ocrx_word' id='word_1_189' title='bbox 428 1865 511 1909; x_wconf 88' lang='lat' dir='ltr'>sibi</span> <span class='ocrx_word' id='word_1_190' title='bbox 528 1864 691 1918; x_wconf 85' lang='lat' dir='ltr'>amicis,</span> <span class='ocrx_word' id='word_1_191' title='bbox 714 1864 933 1908; x_wconf 85' lang='lat' dir='ltr'>homiuem</span> <span class='ocrx_word' id='word_1_192' title='bbox 954 1863 1112 1922; x_wconf 78' lang='lat' dir='ltr'>pugnis</span> <span class='ocrx_word' id='word_1_193' title='bbox 1129 1862 1411 1924; x_wconf 88' lang='lat' dir='ltr'>calcibusque</span> <span class='ocrx_word' id='word_1_194' title='bbox 1430 1866 1580 1910; x_wconf 88' lang='lat' dir='ltr'>conci-</span> 
     </span>
    </p>

    <p class='ocr_par' dir='ltr' id='par_1_4' title="bbox 160 1933 1583 2139">
     <span class='ocr_line' id='line_1_25' title="bbox 160 1933 1583 2002; baseline -0.002 -19"><span class='ocrx_word' id='word_1_195' title='bbox 160 1965 166 2002; x_wconf 70' lang='lat'>3</span> <span class='ocrx_word' id='word_1_196' title='bbox 194 1937 331 1982; x_wconf 87' lang='lat' dir='ltr'>deret</span> <span class='ocrx_word' id='word_1_197' title='bbox 347 1940 405 1981; x_wconf 83' lang='lat' dir='ltr'>At</span> <span class='ocrx_word' id='word_1_198' title='bbox 424 1935 498 1980; x_wconf 87' lang='lat' dir='ltr'>ille</span> <span class='ocrx_word' id='word_1_199' title='bbox 513 1950 615 1979; x_wconf 92' lang='lat' dir='ltr'>cum</span> <span class='ocrx_word' id='word_1_200' title='bbox 632 1935 820 1993; x_wconf 80' lang='lat' dir='ltr'>graviter</span> <span class='ocrx_word' id='word_1_201' title='bbox 833 1934 1090 1988; x_wconf 84' lang='lat' dir='ltr'>caederetur,</span> <span class='ocrx_word' id='word_1_202' title='bbox 1111 1933 1343 1991; x_wconf 85' lang='lat' dir='ltr'>clamabat,</span> <span class='ocrx_word' id='word_1_203' title='bbox 1368 1945 1419 1980; x_wconf 89' lang='lat' dir='ltr'>ut</span> <span class='ocrx_word' id='word_1_204' title='bbox 1437 1936 1520 1981; x_wconf 78' lang='lat' dir='ltr'>sibi</span> <span class='ocrx_word' id='word_1_205' title='bbox 1531 1951 1583 1980; x_wconf 86' lang='lat' dir='ltr'>ex</span> 
     </span>
     <span class='ocr_line' id='line_1_26' title="bbox 162 2004 1582 2065; baseline -0.002 -11.996"><span class='ocrx_word' id='word_1_206' title='bbox 164 2047 168 2059; x_wconf 21' lang='grc' dir='ltr'><em>ς</em></span> <span class='ocrx_word' id='word_1_207' title='bbox 162 2008 454 2053; x_wconf 86' lang='lat' dir='ltr'>auctoritate</span> <span class='ocrx_word' id='word_1_208' title='bbox 475 2006 706 2052; x_wconf 66' lang='lat' dir='ltr'>Manichaei</span> <span class='ocrx_word' id='word_1_209' title='bbox 723 2015 988 2065; x_wconf 89' lang='lat' dir='ltr'>parceretur,</span> <span class='ocrx_word' id='word_1_210' title='bbox 1016 2004 1157 2049; x_wconf 86' lang='lat' dir='ltr'>Adam</span> <span class='ocrx_word' id='word_1_211' title='bbox 1181 2007 1373 2065; x_wconf 88' lang='lat' dir='ltr'>primum</span> <span class='ocrx_word' id='word_1_212' title='bbox 1403 2007 1582 2052; x_wconf 88' lang='lat' dir='ltr'>heroem</span> 
     </span>
     <span class='ocr_line' id='line_1_27' title="bbox 164 2077 1336 2139; baseline -0.003 -14"><span class='ocrx_word' id='word_1_213' title='bbox 164 2116 167 2117; x_wconf 12' lang='grc' dir='ltr'><em>γ</em></span> <span class='ocrx_word' id='word_1_214' title='bbox 197 2079 454 2139; x_wconf 88' lang='lat' dir='ltr'>peccavisse,</span> <span class='ocrx_word' id='word_1_215' title='bbox 478 2087 521 2122; x_wconf 90' lang='lat' dir='ltr'>et</span> <span class='ocrx_word' id='word_1_216' title='bbox 544 2087 641 2137; x_wconf 92' lang='lat' dir='ltr'>post</span> <span class='ocrx_word' id='word_1_217' title='bbox 661 2086 887 2138; x_wconf 86' lang='lat' dir='ltr'>peccatum</span> <span class='ocrx_word' id='word_1_218' title='bbox 910 2077 1041 2121; x_wconf 87' lang='lat' dir='ltr'>fuisse</span> <span class='ocrx_word' id='word_1_219' title='bbox 1062 2079 1336 2122; x_wconf 80' lang='lat' dir='ltr'>sanctimem.</span> 
     </span>
    </p>

    <p class='ocr_par' dir='ltr' id='par_1_5' title="bbox 198 2147 1586 2632">
     <span class='ocr_line' id='line_1_28' title="bbox 257 2147 1586 2208; baseline -0.002 -13"><span class='ocrx_word' id='word_1_220' title='bbox 257 2151 464 2195; x_wconf 83' lang='lat' dir='ltr'>LXXIII.</span> <span class='ocrx_word' id='word_1_221' title='bbox 502 2147 613 2193; x_wconf 87' lang='lat' dir='ltr'>Talis</span> <span class='ocrx_word' id='word_1_222' title='bbox 628 2158 692 2193; x_wconf 91' lang='lat' dir='ltr'>est</span> <span class='ocrx_word' id='word_1_223' title='bbox 707 2163 898 2207; x_wconf 90' lang='lat' dir='ltr'>namque</span> <span class='ocrx_word' id='word_1_224' title='bbox 915 2148 1033 2208; x_wconf 90' lang='lat' dir='ltr'>apud</span> <span class='ocrx_word' id='word_1_225' title='bbox 1047 2163 1121 2192; x_wconf 90' lang='lat' dir='ltr'>vos</span> <span class='ocrx_word' id='word_1_226' title='bbox 1139 2148 1289 2207; x_wconf 86' lang='lat' dir='ltr'>opinio</span> <span class='ocrx_word' id='word_1_227' title='bbox 1309 2148 1365 2192; x_wconf 90' lang='lat' dir='ltr'>de</span> <span class='ocrx_word' id='word_1_228' title='bbox 1383 2147 1526 2192; x_wconf 84' lang='lat' dir='ltr'>Adam</span> <span class='ocrx_word' id='word_1_229' title='bbox 1540 2157 1586 2192; x_wconf 88' lang='lat' dir='ltr'>et</span> 
     </span>
     <span class='ocr_line' id='line_1_29' title="bbox 198 2216 1583 2280; baseline -0.001 -16"><span class='ocrx_word' id='word_1_230' title='bbox 198 2223 320 2266; x_wconf 90' lang='lat' dir='ltr'>Eva:</span> <span class='ocrx_word' id='word_1_231' title='bbox 342 2219 473 2280; x_wconf 83' lang='lat' dir='ltr'>longa</span> <span class='ocrx_word' id='word_1_232' title='bbox 499 2218 648 2265; x_wconf 85' lang='lat' dir='ltr'>fabula</span> <span class='ocrx_word' id='word_1_233' title='bbox 684 2227 773 2274; x_wconf 90' lang='lat' dir='ltr'>est,</span> <span class='ocrx_word' id='word_1_234' title='bbox 809 2219 886 2263; x_wconf 90' lang='lat' dir='ltr'>sed</span> <span class='ocrx_word' id='word_1_235' title='bbox 913 2233 966 2263; x_wconf 85' lang='lat' dir='ltr'>ex</span> <span class='ocrx_word' id='word_1_236' title='bbox 994 2233 1043 2262; x_wconf 90' lang='lat' dir='ltr'>ea</span> <span class='ocrx_word' id='word_1_237' title='bbox 1076 2217 1121 2262; x_wconf 91' lang='lat' dir='ltr'>id</span> <span class='ocrx_word' id='word_1_238' title='bbox 1153 2218 1364 2278; x_wconf 79' lang='lat' dir='ltr'>attingam</span> <span class='ocrx_word' id='word_1_239' title='bbox 1394 2216 1548 2279; x_wconf 90' lang='lat' dir='ltr'>quod</span> <span class='ocrx_word' id='word_1_240' title='bbox 1537 2233 1583 2262; x_wconf 87' lang='lat' dir='ltr'>m</span> 
     </span>
     <span class='ocr_line' id='line_1_30' title="bbox 199 2288 1583 2350; baseline -0.002 -14"><span class='ocrx_word' id='word_1_241' title='bbox 199 2291 427 2350; x_wconf 83' lang='lat' dir='ltr'>praesentia</span> <span class='ocrx_word' id='word_1_242' title='bbox 448 2290 548 2335; x_wconf 85' lang='lat' dir='ltr'>satis</span> <span class='ocrx_word' id='word_1_243' title='bbox 569 2299 647 2334; x_wconf 87' lang='lat' dir='ltr'>est.</span> <span class='ocrx_word' id='word_1_244' title='bbox 667 2289 806 2334; x_wconf 84' lang='lat' dir='ltr'>Adam</span> <span class='ocrx_word' id='word_1_245' title='bbox 822 2288 963 2334; x_wconf 89' lang='lat' dir='ltr'>dicitis</span> <span class='ocrx_word' id='word_1_246' title='bbox 977 2289 1038 2333; x_wconf 91' lang='lat' dir='ltr'>sic</span> <span class='ocrx_word' id='word_1_247' title='bbox 1049 2305 1073 2333; x_wconf 88' lang='lat' dir='ltr'>a</span> <span class='ocrx_word' id='word_1_248' title='bbox 1087 2289 1341 2348; x_wconf 87' lang='lat' dir='ltr'>parentibus</span> <span class='ocrx_word' id='word_1_249' title='bbox 1352 2289 1439 2334; x_wconf 89' lang='lat' dir='ltr'>suis</span> <span class='ocrx_word' id='word_1_250' title='bbox 1460 2289 1583 2348; x_wconf 88' lang='lat' dir='ltr'>geni-</span> 
     </span>
     <span class='ocr_line' id='line_1_31' title="bbox 199 2359 1583 2420; baseline -0.001 -15"><span class='ocrx_word' id='word_1_251' title='bbox 199 2371 317 2418; x_wconf 85' lang='lat' dir='ltr'>tum,</span> <span class='ocrx_word' id='word_1_252' title='bbox 346 2361 554 2407; x_wconf 87' lang='lat' dir='ltr'>abortivis</span> <span class='ocrx_word' id='word_1_253' title='bbox 580 2360 663 2406; x_wconf 90' lang='lat' dir='ltr'>illis</span> <span class='ocrx_word' id='word_1_254' title='bbox 693 2360 959 2420; x_wconf 88' lang='lat' dir='ltr'>principibus</span> <span class='ocrx_word' id='word_1_255' title='bbox 982 2359 1260 2405; x_wconf 87' lang='lat' dir='ltr'>tenebrarum</span> <span class='ocrx_word' id='word_1_256' title='bbox 1282 2369 1332 2404; x_wconf 91' lang='lat' dir='ltr'>ut</span> <span class='ocrx_word' id='word_1_257' title='bbox 1353 2360 1583 2405; x_wconf 84' lang='lat' dir='ltr'>maximam</span> 
     </span>
     <span class='ocr_line' id='line_1_32' title="bbox 201 2429 1584 2490; baseline -0.001 -14"><span class='ocrx_word' id='word_1_258' title='bbox 201 2443 366 2490; x_wconf 86' lang='lat' dir='ltr'>partem</span> <span class='ocrx_word' id='word_1_259' title='bbox 393 2432 502 2477; x_wconf 82' lang='lat' dir='ltr'>lucis</span> <span class='ocrx_word' id='word_1_260' title='bbox 522 2432 703 2476; x_wconf 85' lang='lat' dir='ltr'>haberet</span> <span class='ocrx_word' id='word_1_261' title='bbox 724 2432 768 2474; x_wconf 92' lang='lat' dir='ltr'>in</span> <span class='ocrx_word' id='word_1_262' title='bbox 790 2431 950 2485; x_wconf 89' lang='lat' dir='ltr'>anima,</span> <span class='ocrx_word' id='word_1_263' title='bbox 975 2440 1019 2474; x_wconf 90' lang='lat' dir='ltr'>et</span> <span class='ocrx_word' id='word_1_264' title='bbox 1045 2431 1322 2490; x_wconf 80' lang='lat' dir='ltr'>perexiguam</span> <span class='ocrx_word' id='word_1_265' title='bbox 1344 2431 1483 2490; x_wconf 85' lang='lat' dir='ltr'>gentis</span> <span class='ocrx_word' id='word_1_266' title='bbox 1503 2429 1584 2474; x_wconf 90' lang='lat' dir='ltr'>ad-</span> 
     </span>
     <span class='ocr_line' id='line_1_33' title="bbox 200 2502 1583 2562; baseline -0.001 -15"><span class='ocrx_word' id='word_1_267' title='bbox 200 2519 347 2547; x_wconf 78' lang='lat' dir='ltr'>versae.</span> <span class='ocrx_word' id='word_1_268' title='bbox 379 2505 459 2557; x_wconf 82' lang='lat' dir='ltr'>Qui</span> <span class='ocrx_word' id='word_1_269' title='bbox 481 2519 580 2548; x_wconf 82' lang='lat' dir='ltr'>cum</span> <span class='ocrx_word' id='word_1_270' title='bbox 604 2512 749 2547; x_wconf 76' lang='lat' dir='ltr'>sancte</span> <span class='ocrx_word' id='word_1_271' title='bbox 778 2502 940 2546; x_wconf 88' lang='lat' dir='ltr'>viveret</span> <span class='ocrx_word' id='word_1_272' title='bbox 972 2512 1149 2562; x_wconf 87' lang='lat' dir='ltr'>propter</span> <span class='ocrx_word' id='word_1_273' title='bbox 1175 2511 1486 2562; x_wconf 87' lang='lat' dir='ltr'>exuperantem</span> <span class='ocrx_word' id='word_1_274' title='bbox 1507 2515 1583 2545; x_wconf 82' lang='lat' dir='ltr'>co·</span> 
     </span>
     <span class='ocr_line' id='line_1_34' title="bbox 201 2569 1582 2632; baseline -0.001 -17"><span class='ocrx_word' id='word_1_275' title='bbox 201 2574 312 2632; x_wconf 82' lang='lat' dir='ltr'>piam</span> <span class='ocrx_word' id='word_1_276' title='bbox 339 2574 440 2617; x_wconf 82' lang='lat' dir='ltr'>boni</span> <span class='ocrx_word' id='word_1_277' title='bbox 458 2609 467 2625; x_wconf 88' lang='lat'>,</span> <span class='ocrx_word' id='word_1_278' title='bbox 494 2582 752 2617; x_wconf 79' lang='lat' dir='ltr'>commotam</span> <span class='ocrx_word' id='word_1_279' title='bbox 779 2583 922 2616; x_wconf 71' lang='lat' dir='ltr'>tamen</span> <span class='ocrx_word' id='word_1_280' title='bbox 946 2572 989 2615; x_wconf 89' lang='lat' dir='ltr'>in</span> <span class='ocrx_word' id='word_1_281' title='bbox 1005 2587 1056 2616; x_wconf 89' lang='lat' dir='ltr'>eo</span> <span class='ocrx_word' id='word_1_282' title='bbox 1080 2571 1208 2616; x_wconf 89' lang='lat' dir='ltr'>fuisse</span> <span class='ocrx_word' id='word_1_283' title='bbox 1224 2571 1445 2616; x_wconf 86' lang='lat' dir='ltr'>adversam</span> <span class='ocrx_word' id='word_1_284' title='bbox 1463 2569 1582 2615; x_wconf 90' lang='lat' dir='ltr'>illam</span> 
     </span>
    </p>
   </div>
   <div class='ocr_carea' id='block_1_3' title="bbox 1653 0 1729 3143">
    <p class='ocr_par' dir='ltr' id='par_1_6' title="bbox 1653 0 1729 3143">
     <span class='ocr_line' id='line_1_35' title="bbox 1653 0 1729 3143; baseline 0 0"><span class='ocrx_word' id='word_1_285' title='bbox 1653 0 1729 3143; x_wconf 95' lang='lat' dir='ltr'> </span> 
     </span>
    </p>
   </div>
  </div>
 </body>
</html>
