1729 3143
271 202 326 240 76
706 213 739 239 s.
776 205 1006 237 Auovs'nm
1039 209 1221 239 Enscorr

268 279 402 324 homo
417 313 430 334 ,
453 275 624 322 deitatis
652 276 760 319 mihi
792 290 954 320 nomen
976 275 1182 320 ascribis?
1216 273 1321 319 Ideo
1348 288 1437 319 non
1460 275 1654 333 agnoscis

266 349 375 409 quid
397 349 477 393 sim
493 382 504 403 ,
532 347 633 406 quia
656 345 818 390 oblitus
835 360 879 390 es
900 346 977 406 qui
999 346 1069 390 siS.
1094 348 1193 391 Non
1210 344 1406 404 agnoscis
1427 345 1656 389 materiam

266 428 388 464 tuam
415 438 424 463 2
449 433 538 462 non
558 416 753 475 agnoscis
773 417 877 476 quia
893 416 1049 461 limum
1065 431 1215 461 meum
1230 431 1274 460 es
1286 450 1302 471 ,
1327 430 1378 459 ex
1394 430 1464 459 me
1479 415 1656 475 quidem

265 490 526 541 formatum,
565 485 665 541 sed,
705 487 826 546 quod
862 502 953 532 non
984 502 1081 531 sum
1113 502 1194 546 ego
1218 521 1229 541 ,
1271 486 1526 529 animatum.
1558 487 1658 530 Non
1700 508 1702 516 ι

264 558 456 616 agnoscis
473 557 576 617 quia
596 557 710 601 inter
731 558 877 602 omnia
899 557 1124 613 animalia,
1147 572 1247 617 quae
1268 572 1320 601 ex
1342 571 1412 600 me
1433 563 1658 615 procreata

263 636 367 672 sunt
383 662 395 683 ,
421 636 471 671 tu
498 627 614 672 solus
638 628 721 672 sub
743 631 835 673 Deo
857 644 969 688 pene
991 629 1147 673 mundi
1170 628 1374 673 dominus
1395 626 1657 671 constitutus

262 713 322 743 es.
348 699 506 744 Merito
528 714 619 743 non
639 697 843 757 intelligis
858 733 869 754 ‚
895 699 998 759 quia
1020 714 1121 743 cum
1144 713 1254 743 esses
1278 698 1326 741 in
1349 698 1514 742 honore
1531 731 1543 752 ‚
1567 711 1659 741 non

261 767 511 813 intellexisti
537 788 548 814 ε
571 778 847 828 comparatus
874 784 919 813 es
940 768 1151 829 jumentis
1176 767 1482 827 insipientibus
1499 800 1510 822 ‚
1535 775 1580 811 ct
1599 767 1657 810 si-

259 839 453 884 mulatus
474 854 517 884 es
539 838 623 884 illis
637 842 668 883 1.

320 912 404 954 III.
435 912 523 956 Nos
547 919 721 966 autem,
746 909 1039 965 dilectissimi,
1065 910 1226 970 quibus
1248 909 1462 954 donatum
1484 916 1659 952 estere-
1703 891 1705 896 1

258 980 388 1036 dere,
421 996 502 1026 nec
536 981 671 1026 solem
705 981 933 1026 credamus
967 985 1108 1026 Deum
1142 980 1211 1025 vel
1244 994 1391 1038 regem
1425 978 1554 1038 coeli3
1579 993 1659 1021 nec
1703 977 1705 1018 1

257 1066 377 1094 mare
391 1086 403 1105 ‚
427 1062 502 1094 aut
523 1052 669 1096 nescio
687 1067 818 1108 quem
837 1066 984 1107 regem
1007 1054 1100 1108 ejus
1117 1054 1373 1107 Neptunum
1388 1084 1400 1102 ‚
1424 1064 1556 1107 quem
1573 1049 1659 1091 fin-
1704 1085 1706 1094 .

257 1121 321 1179 git
350 1120 544 1174 vanitas,
582 1134 672 1164 non
703 1119 889 1175 verita33
924 1134 1005 1163 nec
1034 1130 1195 1162 terram
1221 1127 1265 1162 et
1287 1117 1552 1162 Plutonem:
1583 1117 1659 1161 sed
1704 1131 1706 1157 ὲ

259 1208 281 1231 «
306 1190 534 1234 credamus
565 1190 610 1233 in
642 1192 781 1233 Deum
816 1193 987 1233 Patrem
1019 1190 1367 1248 omnipotentem
1387 1223 1398 1240 ‚
1433 1188 1659 1232 universo-

258 1278 278 1301 »
303 1275 401 1303 rum
424 1268 694 1313 creatorem,
721 1277 740 1299 »
767 1274 914 1317 regern
949 1259 1179 1303 coelorum.
1221 1259 1307 1311 Qui
1345 1258 1460 1303 enim
1498 1267 1656 1303 cuncta

255 1332 359 1391 quia
379 1330 517 1374 voluit
540 1329 594 1374 de
616 1328 754 1373 nihilo
776 1328 880 1372 fecit
896 1363 907 1382 ‚
941 1330 1032 1386 ipse
1055 1329 1164 1386 regit
1186 1345 1285 1388 quae
1311 1328 1429 1373 fecit.
1466 1332 1656 1373 Immor-

254 1399 362 1444 tales
383 1400 466 1452 isti,
492 1401 567 1456 qui
585 1413 608 1440 a
627 1397 751 1440 nobis
768 1398 967 1455 superius
986 1399 1315 1442 commemorati
1337 1407 1455 1450 sunt,
1475 1397 1574 1442 ideo
1593 1398 1654 1441 dii

252 1486 344 1514 non
365 1477 467 1512 sunt
484 1502 495 1522 ‚
531 1467 634 1527 quia
657 1476 700 1511 ct
723 1468 1036 1525 comprehendi
1065 1478 1110 1512 et
1136 1468 1274 1513 videri
1296 1469 1366 1513 hic
1390 1469 1528 1514 oculis
1550 1485 1652 1528 pos—

252 1547 356 1583 sunt
383 1557 391 1582 :
418 1546 597 1582 caeteros
625 1546 771 1580 autem
789 1572 799 1591 ,
832 1553 942 1596 quos
969 1539 1070 1582 vani
1099 1554 1211 1583 vane
1247 1539 1401 1583 colunt
1423 1574 1434 1594 ‚
1467 1542 1648 1594 Jovem,

255 1612 492 1655 Saturnum
518 1643 529 1662 ,
567 1611 751 1653 Martem
771 1643 782 1662 ‚
819 1610 1040 1653 Junonem
1057 1644 1067 1663 ‚
1104 1610 1346 1654 Minervam
1363 1645 1374 1665 ,
1402 1612 1616 1654 Venerem
1635 1646 1649 1665 ,

253 1689 297 1723 et
333 1689 489 1723 caetera
521 1688 722 1737 portenta
746 1713 757 1732 ‚
796 1693 887 1722 non
925 1679 1107 1722 numina
1145 1680 1261 1724 bona
1284 1714 1295 1733 ‚
1322 1679 1399 1723 sed
1427 1683 1444 1706 ²
1471 1680 1651 1724 nomina

253 1750 365 1794 mala
381 1786 391 1805 ,
418 1750 617 1806 homines
638 1749 841 1793 mortales
862 1748 994 1793 fuisse
1011 1784 1022 1804 ‚
1049 1750 1179 1793 etiarn
1204 1765 1355 1794 corum
1378 1749 1535 1794 litterae
1557 1751 1649 1794 cia—

254 1831 376 1866 mant
393 1856 403 1875 7
433 1821 510 1880 qui
525 1820 681 1864 talibus
699 1820 918 1864 erroribus
930 1820 1220 1864 delectantur.
1238 1823 1405 1865 Nostrae
1423 1831 1567 1865 autem
1584 1838 1653 1865 sa-

253 1908 337 1936 crae
347 1893 521 1936 Litterae
531 1890 705 1951 qualem
721 1895 859 1936 Deum
874 1889 1112 1950 praediccnt
1124 1926 1134 1944 ‚
1154 1889 1340 1934 Paulum
1354 1890 1503 1935 audite
1522 1907 1648 1950 apos-

252 1963 392 2007 tolum
414 1982 422 2007 :
448 1982 468 2005 «
489 1962 754 2016 Immortali‚
780 1961 946 2022 inquit,
964 1960 1192 2016 invisibili,
1212 1961 1550 2021 incorruptibili,
1568 1963 1648 2006 soli

256 2052 276 2075 »
301 2037 393 2078 Deo
413 2034 554 2078 honor
576 2042 619 2077 et
638 2032 773 2092 gloria
790 2034 821 2076 ³.
854 2051 873 2073 »
899 2034 997 2077 Non
1018 2031 1193 2076 videtur
1211 2035 1325 2076 Deus
1343 2041 1490 2076 noster
1512 2033 1648 2076 oculis

252 2105 393 2149 carnis
414 2139 425 2159 ‚
463 2103 538 2148 sed
563 2103 736 2147 videtur
763 2101 899 2148 oculis
926 2103 1068 2147 cordis
1094 2122 1102 2147 2
1129 2118 1220 2147 non
1247 2104 1418 2147 videtur
1451 2103 1507 2147 ad
1537 2112 1648 2147 tem-

249 2191 353 2235 pUS,
377 2174 453 2218 sed
468 2173 640 2219 videtur
658 2176 703 2217 in
721 2182 949 2217 aeternum.
975 2172 1058 2218 Sed
1080 2171 1187 2217 dicit
1201 2176 1400 2232 Paganus
1423 2192 1431 2217 :
1454 2173 1646 2216 Ostende

250 2246 357 2290 mihi
391 2260 524 2305 quem
554 2244 674 2289 colis.
712 2245 1000 2303 Respondeo:
1027 2247 1120 2301 Ego
1148 2243 1327 2303 quidem
1348 2244 1491 2287 habeo
1515 2245 1645 2288 etiam

250 2316 382 2360 modo
403 2330 534 2375 quem
552 2315 633 2359 tibi
649 2313 873 2359 ostendam
896 2349 906 2368 ‚
938 2313 1014 2359 sed
1035 2324 1085 2358 tu
1102 2330 1191 2359 non
1208 2313 1341 2357 habes
1358 2313 1508 2358 oculos
1525 2315 1645 2358 unde

251 2386 411 2430 videas.
442 2406 463 2429 «
483 2387 604 2430 Beati
621 2387 738 2430 enim
753 2421 764 2440 ,
790 2385 849 2429 ait
875 2384 1068 2430 Salvator
1091 2394 1236 2430 noster
1251 2419 1263 2439 ,
1288 2385 1456 2429 mundo
1477 2383 1610 2429 corde
1631 2406 1643 2443 3

256 2473 276 2496 »
303 2456 509 2515 quoniam
546 2457 627 2515 ipsi
658 2459 797 2500 Deum
829 2454 1092 2499 videbunt&
1124 2473 1144 2496 »
1186 2456 1272 2499 Cor
1293 2454 1573 2498 immundum
1602 2463 1645 2498 et

298 2552 309 2571 1
326 2540 404 2571 Psal.
427 2550 533 2581 xtvni,
554 2542 604 2573 13.
621 2558 659 2565 —-
681 2547 692 2563 2
716 2541 820 2573 Forte
833 2540 948 2571 omina.
969 2558 1003 2562 —-
1030 2539 1042 2563 3
1064 2551 1075 2572 1
1100 2539 1179 2572 Tim.
1204 2551 1233 2577 1,
1257 2551 1305 2581 ¹7·
1327 2557 1367 2563 —
1383 2539 1398 2569 4
1413 2539 1532 2572 Matth.
1557 2550 1590 2576 v,
1607 2539 1640 2571 8.
