1729 3143
287 226 342 262 66
719 232 751 258 s.
790 230 1022 257 Auousnm
1055 230 1236 256 EPISCOPI

283 299 425 354 ribus,
450 299 612 357 quibus
634 296 714 339 etsi
731 309 821 340 non
844 303 908 339 est
925 294 1145 339 rationalis
1168 292 1416 338 intellectus
1432 328 1444 349 ,
1469 295 1583 339 inest
1604 303 1670 338 ta·
1708 298 1712 317 ³

281 383 383 413 men
402 367 608 412 naturalis
624 380 796 420 sensus,
825 365 902 426 qui
924 380 1014 410 non
1039 373 1104 408 est
1123 364 1359 408 attributus
1379 364 1467 422 igni
1488 363 1560 410 vel
1587 379 1672 408 nu-

280 439 423 483 bibus.
451 437 494 482 Si
521 445 666 480 autem
689 435 847 480 dixeris
866 471 876 490 ,
902 435 1101 481 Hominis
1125 443 1186 479 est
1209 434 1361 479 melior
1386 453 1396 480 ι
1419 434 1557 480 Filius
1580 450 1606 479 a
1628 442 1672 479 te

280 508 602 552 demonstratur
623 509 750 551 Patre
772 508 938 566 major3
976 506 1082 566 quia
1112 505 1252 550 Filius
1280 505 1482 565 apparuit
1509 506 1556 549 in
1586 505 1672 549 ho-

275 578 392 621 mine
410 611 422 633 ,
446 579 574 621 Pater
594 577 797 637 apparuit
826 577 872 621 in
894 577 1008 635 igne.
1039 578 1133 621 Hoc
1155 575 1305 620 Ariani
1331 574 1576 620 secundum
1595 589 1673 620 vos

276 647 445 693 dictum
465 648 520 693 sit
546 667 555 693 z
579 647 826 693 secundum
859 657 1023 693 rectam
1060 656 1208 692 autem
1238 661 1475 706 veramque
1507 645 1673 690 doctri-

274 733 376 763 nam
392 752 405 774 ,
430 717 806 778 quemadmodum
839 733 930 763 non
963 726 1027 761 est
1059 716 1199 761 Filius
1231 720 1358 761 Patre
1379 717 1516 776 major
1533 750 1544 771 ‚
1570 715 1675 775 quia

274 787 410 832 Filius
445 789 648 848 apparuit
678 790 725 833 in
758 788 938 833 homine
956 821 967 843 ,
994 790 1124 831 Pater
1155 787 1202 830 in
1238 787 1372 844 igne3
1405 786 1465 830 sic
1497 800 1590 829 non
1609 794 1675 829 est

278 859 463 919 Spiritus
486 869 659 905 sanctus
687 860 832 904 minor
861 859 996 914 Filio,
1021 859 1125 918 quia
1145 857 1192 901 in
1213 857 1355 916 specie
1375 856 1577 916 apparuit
1596 871 1675 901 co-

272 929 452 976 lumhae.
479 931 634 976 Divina
655 931 729 975 illa
750 931 994 976 substantia
1018 930 1240 974 Trinitatis
1258 943 1440 973 manens
1458 928 1504 972 in
1521 942 1566 972 se
1582 928 1676 986 ipsa

272 1001 401 1046 sicuti
432 1011 497 1046 est
511 1037 522 1057 ‚
560 1011 611 1046 ut
631 1002 860 1047 innovaret
881 1001 1052 1060 perdita
1073 1035 1085 1055 ,
1110 1008 1394 1058 nostramque
1414 1005 1676 1043 restauraret

273 1072 447 1116 ruinam
466 1106 477 1127 ‚
503 1088 584 1131 pro
606 1082 740 1130 captu
759 1072 991 1116 hominum
1013 1104 1023 1124 ,
1052 1079 1096 1112 et
1117 1084 1198 1126 pro
1220 1070 1505 1126 congruentia
1528 1070 1678 1127 cujus-

271 1141 382 1186 libet
398 1143 461 1186 rei
484 1157 530 1186 se
550 1141 779 1187 visibiliter
807 1139 1151 1195 demonstravit3
1174 1138 1389 1182 unitatem
1408 1172 1420 1192 ‚
1442 1137 1675 1197 aequalita-

270 1221 449 1271 temque
469 1227 593 1256 suam
614 1227 706 1256 non
721 1211 878 1256 amisit.
907 1214 958 1255 In
971 1211 1074 1270 igne
1095 1213 1228 1263 Deus,
1252 1208 1329 1252 sed
1343 1224 1433 1253 non
1450 1217 1516 1252 est
1529 1209 1640 1266 ignis
1661 1227 1671 1253 :

271 1283 318 1326 in
353 1283 532 1327 homine
564 1282 702 1326 Filius
720 1317 732 1337 ‚
772 1281 850 1326 sed
880 1297 972 1326 non
1003 1282 1089 1325 hoc
1120 1279 1263 1324 solum
1296 1278 1418 1339 quod
1438 1278 1674 1324 videbatur

272 1361 364 1396 erat
379 1387 391 1408 ,
416 1362 509 1397 erat
530 1361 574 1397 et
593 1352 714 1410 quod
735 1351 917 1394 latebat.
945 1352 1056 1394 Nam
1079 1349 1114 1393 si
1136 1358 1280 1394 totum
1297 1349 1419 1409 quod
1441 1349 1674 1394 videbatur

270 1431 362 1466 erat
375 1455 386 1476 ‚
412 1420 522 1479 quid
542 1428 606 1463 est
627 1418 749 1479 quod
767 1418 941 1463 dicebat
960 1419 1191 1477 Discipulis
1214 1419 1302 1462 suis
1323 1437 1332 1464 ε
1361 1437 1381 1460 «
1405 1419 1492 1471 Qui
1514 1433 1584 1463 me
1604 1418 1673 1463 di-

271 1509 291 1532 »
315 1490 439 1548 ligit,
463 1489 673 1549 diligetur
709 1506 734 1534 a
767 1493 895 1533 Patre
928 1504 1028 1533 meo
1049 1524 1060 1544 ‚
1101 1498 1145 1533 et
1176 1504 1259 1548 ego
1280 1488 1461 1548 diligam
1493 1505 1596 1534 eum
1629 1499 1673 1534 et

271 1560 610 1605 »manifestabo
647 1575 717 1604 me
756 1560 901 1619 ipsum
933 1559 997 1603 illi
1016 1561 1120 1603 13²»
1159 1559 1279 1612 Quid
1313 1559 1671 1605 manifestaturus

269 1640 388 1686 erat,
413 1631 449 1674 si
469 1639 611 1675 totum
644 1630 767 1690 quod
800 1629 1032 1676 videbatur
1062 1632 1189 1674 erat?
1226 1633 1345 1689 Ergo
1372 1639 1464 1675 erat
1485 1639 1529 1675 et
1549 1632 1671 1691 quod

269 1701 448 1746 latebat.
474 1704 539 1746 Ita
558 1710 603 1745 et
623 1701 807 1760 Spiritus
830 1702 877 1745 in
899 1701 1105 1746 columba
1128 1701 1332 1759 apparuit
1347 1735 1358 1756 ,
1384 1701 1459 1746 sed
1481 1717 1573 1747 non
1592 1718 1671 1748 co-

268 1772 422 1817 lumba
440 1781 530 1816 erat
556 1773 757 1832 Spiritus.

325 1844 449 1887 XXI.
487 1845 648 1887 Totum
668 1843 779 1897 hoc,
804 1843 962 1897 homo,
988 1841 1155 1886 tactum
1178 1849 1242 1885 est
1270 1851 1450 1900 propter
1476 1851 1536 1886 te.
1566 1842 1667 1888 Noli

264 1913 466 1972 injuriam
481 1911 623 1957 facere
632 1912 696 1956 illi
708 1913 784 1972 qui
796 1911 899 1956 fecit
920 1921 978 1966 te,
993 1920 1043 1955 ut
1063 1912 1344 1970 consequaris
1360 1912 1416 1956 ab
1430 1911 1523 1967 illo,
1544 1914 1668 1972 quod

267 1984 314 2027 in
342 1983 426 2028 isto
459 1993 608 2028 sancto
647 1981 857 2040 Symbolo
879 1982 1102 2041 sequitur,
1128 1982 1446 2026 Remissionem
1467 1983 1666 2027 omnium

267 2063 561 2114 peccatorum.
589 2053 688 2100 Noli
709 2054 923 2098 minorem
943 2053 1180 2112 praedicare
1196 2068 1321 2107 eum,
1344 2052 1422 2113 qui
1443 2062 1486 2097 te
1508 2053 1665 2112 perdu-

265 2126 325 2170 cit
357 2125 415 2170 ad
436 2140 620 2185 regnum
644 2124 859 2169 coelorum
887 2125 933 2167 in
955 2124 1206 2168 remissione
1227 2134 1525 2183 peccatorum.
1561 2123 1664 2168 Sine

268 2196 351 2241 ista
368 2196 457 2241 fide
483 2197 519 2241 si
541 2196 638 2256 quis
660 2195 716 2240 ad
737 2195 1006 2254 baptismum
1030 2193 1214 2249 accedit,
1238 2194 1332 2252 ipse
1349 2202 1504 2239 contra
1524 2208 1570 2238 se
1595 2195 1662 2253 ja*-

269 2283 403 2314 nuam
420 2267 708 2328 indulgentiae
721 2266 902 2312 claudit.
918 2268 1007 2312 Nec
1024 2275 1203 2326 propter
1223 2264 1358 2320 aliud,
1378 2264 1660 2321 dilectissimi,

270 2340 437 2384 factum
466 2349 552 2395 est,
587 2348 638 2384 ut
659 2348 702 2384 et
723 2343 851 2384 Pater
884 2338 1077 2382 mitteret
1104 2336 1265 2382 Filium
1282 2371 1293 2391 ,
1326 2344 1371 2380 et
1407 2336 1498 2395 ipse
1525 2335 1661 2381 Filius

271 2412 505 2469 susciperet
535 2412 756 2456 hominem
786 2408 1028 2455 sanandum
1047 2443 1058 2464 ,
1093 2417 1138 2452 et
1169 2408 1352 2466 Spiritus
1376 2417 1551 2453 sanctus
1573 2408 1657 2452 hoc

271 2480 517 2525 effunderet
544 2481 738 2536 donum,
777 2480 859 2524 nisi
890 2488 941 2523 ut
973 2489 1133 2525 nostrae
1166 2478 1322 2522 animae
1343 2488 1602 2523 eruerentur
1633 2493 1658 2521 a

319 2573 326 2588 ¹
348 2568 440 2598 Joan.
462 2575 527 2606 xiv,
552 2574 607 2597 21.
