<?xml version="1.0" encoding="UTF-8"?>
<!DOCTYPE html PUBLIC "-//W3C//DTD XHTML 1.0 Transitional//EN"
    "http://www.w3.org/TR/xhtml1/DTD/xhtml1-transitional.dtd">
<html xmlns="http://www.w3.org/1999/xhtml" xml:lang="en" lang="en">
 <head>
  <title>
</title>
<meta http-equiv="Content-Type" content="text/html;charset=utf-8" />
  <meta name='ocr-system' content='tesseract 3.04.00' />
  <meta name='ocr-capabilities' content='ocr_page ocr_carea ocr_par ocr_line ocrx_word'/>
</head>
<body>
  <div class='ocr_page' id='page_1' title='image "./operaomniaaccura27auguuoft/operaomniaaccura27auguuoft_0256.png"; bbox 0 0 1729 3143; ppageno 0'>
   <div class='ocr_carea' id='block_1_1' title="bbox 237 202 1181 241">
    <p class='ocr_par' dir='ltr' id='par_1_1' title="bbox 237 202 1181 241">
     <span class='ocr_line' id='line_1_1' title="bbox 237 202 1181 241; baseline -0.002 0"><span class='ocrx_word' id='word_1_1' title='bbox 237 202 322 241; x_wconf 78' lang='lat'>244</span> <span class='ocrx_word' id='word_1_2' title='bbox 667 215 698 238; x_wconf 91' lang='lat' dir='ltr'>s.</span> <span class='ocrx_word' id='word_1_3' title='bbox 737 211 967 238; x_wconf 73' lang='lat' dir='ltr'>AUGUSTIM</span> <span class='ocrx_word' id='word_1_4' title='bbox 1001 211 1181 239; x_wconf 75' lang='lat' dir='ltr'><strong>EPISCOPI</strong></span> 
     </span>
    </p>
   </div>
   <div class='ocr_carea' id='block_1_2' title="bbox 160 274 1639 2571">
    <p class='ocr_par' dir='ltr' id='par_1_2' title="bbox 160 274 1639 1504">
     <span class='ocr_line' id='line_1_2' title="bbox 233 274 1614 338; baseline 0 -16"><span class='ocrx_word' id='word_1_5' title='bbox 233 294 318 338; x_wconf 85' lang='lat' dir='ltr'>que</span> <span class='ocrx_word' id='word_1_6' title='bbox 345 278 667 322; x_wconf 85' lang='lat' dir='ltr'>Donatistarum</span> <span class='ocrx_word' id='word_1_7' title='bbox 689 274 918 333; x_wconf 85' lang='lat' dir='ltr'>displicent</span> <span class='ocrx_word' id='word_1_8' title='bbox 951 275 1082 330; x_wconf 83' lang='lat' dir='ltr'>tales,</span> <span class='ocrx_word' id='word_1_9' title='bbox 1120 292 1201 320; x_wconf 90' lang='lat' dir='ltr'>nec</span> <span class='ocrx_word' id='word_1_10' title='bbox 1233 293 1382 321; x_wconf 88' lang='lat' dir='ltr'>eorum</span> <span class='ocrx_word' id='word_1_11' title='bbox 1414 293 1614 324; x_wconf 85' lang='lat' dir='ltr'>commu-</span> 
     </span>
     <span class='ocr_line' id='line_1_3' title="bbox 230 343 1615 404; baseline 0.001 -13"><span class='ocrx_word' id='word_1_12' title='bbox 230 348 361 392; x_wconf 90' lang='lat' dir='ltr'>nione</span> <span class='ocrx_word' id='word_1_13' title='bbox 374 343 658 391; x_wconf 89' lang='lat' dir='ltr'>contaminari</span> <span class='ocrx_word' id='word_1_14' title='bbox 671 359 715 387; x_wconf 90' lang='lat' dir='ltr'>se</span> <span class='ocrx_word' id='word_1_15' title='bbox 732 353 910 402; x_wconf 90' lang='lat' dir='ltr'>putant,</span> <span class='ocrx_word' id='word_1_16' title='bbox 932 345 1007 404; x_wconf 92' lang='lat' dir='ltr'>qui</span> <span class='ocrx_word' id='word_1_17' title='bbox 1025 345 1258 390; x_wconf 89' lang='lat' dir='ltr'>christiano</span> <span class='ocrx_word' id='word_1_18' title='bbox 1287 347 1384 390; x_wconf 88' lang='lat' dir='ltr'>orbi</span> <span class='ocrx_word' id='word_1_19' title='bbox 1402 356 1615 392; x_wconf 88' lang='lat' dir='ltr'>terrarum</span> 
     </span>
     <span class='ocr_line' id='line_1_4' title="bbox 160 414 1617 473; baseline 0 -11"><span class='ocrx_word' id='word_1_20' title='bbox 160 446 168 452; x_wconf 90' lang='lat'><em>-</em></span> <span class='ocrx_word' id='word_1_21' title='bbox 226 418 451 462; x_wconf 87' lang='lat' dir='ltr'>dementer</span> <span class='ocrx_word' id='word_1_22' title='bbox 473 414 685 473; x_wconf 85' lang='lat' dir='ltr'>objiciunt</span> <span class='ocrx_word' id='word_1_23' title='bbox 705 414 954 472; x_wconf 82' lang='lat' dir='ltr'>ignotorum</span> <span class='ocrx_word' id='word_1_24' title='bbox 975 416 1138 459; x_wconf 81' lang='lat' dir='ltr'>crimen</span> <span class='ocrx_word' id='word_1_25' title='bbox 1161 416 1384 461; x_wconf 85' lang='lat' dir='ltr'>Afrorum.</span> <span class='ocrx_word' id='word_1_26' title='bbox 1413 418 1555 462; x_wconf 88' lang='lat' dir='ltr'>Multa</span> <span class='ocrx_word' id='word_1_27' title='bbox 1573 428 1617 462; x_wconf 88' lang='lat' dir='ltr'>et</span> 
     </span>
     <span class='ocr_line' id='line_1_5' title="bbox 228 482 1618 544; baseline 0 -14"><span class='ocrx_word' id='word_1_28' title='bbox 228 487 339 530; x_wconf 90' lang='lat' dir='ltr'>inter</span> <span class='ocrx_word' id='word_1_29' title='bbox 356 486 470 544; x_wconf 89' lang='lat' dir='ltr'>ipsos</span> <span class='ocrx_word' id='word_1_30' title='bbox 491 482 605 528; x_wconf 85' lang='lat' dir='ltr'>facta</span> <span class='ocrx_word' id='word_1_31' title='bbox 626 493 729 528; x_wconf 90' lang='lat' dir='ltr'>sunt</span> <span class='ocrx_word' id='word_1_32' title='bbox 751 485 982 529; x_wconf 86' lang='lat' dir='ltr'>schismata</span> <span class='ocrx_word' id='word_1_33' title='bbox 1001 506 1012 542; x_wconf 79' lang='lat'><em>3</em></span> <span class='ocrx_word' id='word_1_34' title='bbox 1039 494 1081 529; x_wconf 94' lang='lat' dir='ltr'>et</span> <span class='ocrx_word' id='word_1_35' title='bbox 1102 485 1157 528; x_wconf 88' lang='lat' dir='ltr'>ab</span> <span class='ocrx_word' id='word_1_36' title='bbox 1180 486 1230 529; x_wconf 87' lang='lat' dir='ltr'>iis</span> <span class='ocrx_word' id='word_1_37' title='bbox 1252 501 1294 529; x_wconf 92' lang='lat' dir='ltr'>se</span> <span class='ocrx_word' id='word_1_38' title='bbox 1323 485 1500 530; x_wconf 86' lang='lat' dir='ltr'>diversis</span> <span class='ocrx_word' id='word_1_39' title='bbox 1523 503 1618 530; x_wconf 85' lang='lat' dir='ltr'>coe-</span> 
     </span>
     <span class='ocr_line' id='line_1_6' title="bbox 227 549 1639 615; baseline 0.001 -16"><span class='ocrx_word' id='word_1_40' title='bbox 227 556 342 600; x_wconf 85' lang='lat' dir='ltr'>tibus</span> <span class='ocrx_word' id='word_1_41' title='bbox 365 554 436 598; x_wconf 86' lang='lat' dir='ltr'>alii</span> <span class='ocrx_word' id='word_1_42' title='bbox 454 563 585 614; x_wconf 87' lang='lat' dir='ltr'>atque</span> <span class='ocrx_word' id='word_1_43' title='bbox 602 555 673 598; x_wconf 89' lang='lat' dir='ltr'>alii</span> <span class='ocrx_word' id='word_1_44' title='bbox 695 564 972 614; x_wconf 84' lang='lat' dir='ltr'>separarunt,</span> <span class='ocrx_word' id='word_1_45' title='bbox 994 571 1182 615; x_wconf 90' lang='lat' dir='ltr'>quorum</span> <span class='ocrx_word' id='word_1_46' title='bbox 1201 556 1517 614; x_wconf 76' lang='lat' dir='ltr'>separationem</span> <span class='ocrx_word' id='word_1_47' title='bbox 1538 549 1639 600; x_wconf 67' lang='lat' dir='ltr'>cae-⁷</span> 
     </span>
     <span class='ocr_line' id='line_1_7' title="bbox 226 624 1620 685; baseline 0.001 -16"><span class='ocrx_word' id='word_1_48' title='bbox 226 635 316 669; x_wconf 90' lang='lat' dir='ltr'>tera</span> <span class='ocrx_word' id='word_1_49' title='bbox 340 624 512 683; x_wconf 87' lang='lat' dir='ltr'>grandis</span> <span class='ocrx_word' id='word_1_50' title='bbox 533 625 774 670; x_wconf 86' lang='lat' dir='ltr'>multitudo</span> <span class='ocrx_word' id='word_1_51' title='bbox 792 641 881 671; x_wconf 90' lang='lat' dir='ltr'>non</span> <span class='ocrx_word' id='word_1_52' title='bbox 899 626 1048 670; x_wconf 89' lang='lat' dir='ltr'>sensit.</span> <span class='ocrx_word' id='word_1_53' title='bbox 1076 625 1161 671; x_wconf 85' lang='lat' dir='ltr'>Sed</span> <span class='ocrx_word' id='word_1_54' title='bbox 1178 626 1296 685; x_wconf 90' lang='lat' dir='ltr'>apud</span> <span class='ocrx_word' id='word_1_55' title='bbox 1312 627 1620 684; x_wconf 82' lang='lat' dir='ltr'>Carthaginem</span> 
     </span>
     <span class='ocr_line' id='line_1_8' title="bbox 225 695 1618 754; baseline 0.001 -16"><span class='ocrx_word' id='word_1_56' title='bbox 225 695 512 739; x_wconf 82' lang='lat' dir='ltr'>Maximianus</span> <span class='ocrx_word' id='word_1_57' title='bbox 532 704 683 739; x_wconf 90' lang='lat' dir='ltr'>contra</span> <span class='ocrx_word' id='word_1_58' title='bbox 701 695 969 739; x_wconf 89' lang='lat' dir='ltr'>Primianum</span> <span class='ocrx_word' id='word_1_59' title='bbox 987 695 1042 738; x_wconf 90' lang='lat' dir='ltr'>ab</span> <span class='ocrx_word' id='word_1_60' title='bbox 1060 696 1254 754; x_wconf 83' lang='lat' dir='ltr'>ejusdem</span> <span class='ocrx_word' id='word_1_61' title='bbox 1273 696 1427 739; x_wconf 83' lang='lat' dir='ltr'>erroris</span> <span class='ocrx_word' id='word_1_62' title='bbox 1442 705 1618 740; x_wconf 88' lang='lat' dir='ltr'>centum</span> 
     </span>
     <span class='ocr_line' id='line_1_9' title="bbox 226 762 1617 824; baseline 0.001 -16"><span class='ocrx_word' id='word_1_63' title='bbox 226 762 363 808; x_wconf 88' lang='lat' dir='ltr'>ferme</span> <span class='ocrx_word' id='word_1_64' title='bbox 385 764 575 824; x_wconf 89' lang='lat' dir='ltr'>episcopi</span> <span class='ocrx_word' id='word_1_65' title='bbox 609 763 835 809; x_wconf 79' lang='lat' dir='ltr'>ordjnatus</span> <span class='ocrx_word' id='word_1_66' title='bbox 854 799 865 819; x_wconf 98' lang='lat'>,</span> <span class='ocrx_word' id='word_1_67' title='bbox 889 774 933 808; x_wconf 89' lang='lat' dir='ltr'>et</span> <span class='ocrx_word' id='word_1_68' title='bbox 954 781 976 808; x_wconf 88' lang='lat' dir='ltr'>a</span> <span class='ocrx_word' id='word_1_69' title='bbox 1008 764 1184 824; x_wconf 89' lang='lat' dir='ltr'>reliquis</span> <span class='ocrx_word' id='word_1_70' title='bbox 1206 766 1586 809; x_wconf 87' lang='lat' dir='ltr'>trecentis-decem</span> <span class='ocrx_word' id='word_1_71' title='bbox 1606 800 1617 821; x_wconf 86' lang='lat'>,</span> 
     </span>
     <span class='ocr_line' id='line_1_10' title="bbox 228 832 1622 894; baseline 0 -16"><span class='ocrx_word' id='word_1_72' title='bbox 228 848 330 878; x_wconf 89' lang='lat' dir='ltr'>cum</span> <span class='ocrx_word' id='word_1_73' title='bbox 353 834 413 877; x_wconf 92' lang='lat' dir='ltr'>eis</span> <span class='ocrx_word' id='word_1_74' title='bbox 434 833 668 878; x_wconf 90' lang='lat' dir='ltr'>duodecim</span> <span class='ocrx_word' id='word_1_75' title='bbox 706 834 783 893; x_wconf 90' lang='lat' dir='ltr'>qui</span> <span class='ocrx_word' id='word_1_76' title='bbox 813 832 1079 878; x_wconf 86' lang='lat' dir='ltr'>ordinationi</span> <span class='ocrx_word' id='word_1_77' title='bbox 1108 836 1199 894; x_wconf 84' lang='lat' dir='ltr'>ejus</span> <span class='ocrx_word' id='word_1_78' title='bbox 1229 835 1359 878; x_wconf 90' lang='lat' dir='ltr'>etiam</span> <span class='ocrx_word' id='word_1_79' title='bbox 1391 835 1622 894; x_wconf 81' lang='lat' dir='ltr'>praesentia</span> 
     </span>
     <span class='ocr_line' id='line_1_11' title="bbox 227 902 1620 962; baseline 0.001 -15"><span class='ocrx_word' id='word_1_80' title='bbox 227 902 443 962; x_wconf 88' lang='lat' dir='ltr'>corporali</span> <span class='ocrx_word' id='word_1_81' title='bbox 470 902 768 947; x_wconf 90' lang='lat' dir='ltr'>interfuerunt</span> <span class='ocrx_word' id='word_1_82' title='bbox 784 937 795 957; x_wconf 91' lang='lat'>‚</span> <span class='ocrx_word' id='word_1_83' title='bbox 820 903 1087 947; x_wconf 89' lang='lat' dir='ltr'>atrocissima</span> <span class='ocrx_word' id='word_1_84' title='bbox 1109 904 1409 947; x_wconf 86' lang='lat' dir='ltr'>criminatione</span> <span class='ocrx_word' id='word_1_85' title='bbox 1438 905 1620 948; x_wconf 89' lang='lat' dir='ltr'>damna-</span> 
     </span>
     <span class='ocr_line' id='line_1_12' title="bbox 227 972 1623 1031; baseline 0 -15"><span class='ocrx_word' id='word_1_86' title='bbox 227 981 297 1017; x_wconf 91' lang='lat' dir='ltr'>tus</span> <span class='ocrx_word' id='word_1_87' title='bbox 314 1007 325 1028; x_wconf 91' lang='lat'>,</span> <span class='ocrx_word' id='word_1_88' title='bbox 356 972 570 1030; x_wconf 83' lang='lat' dir='ltr'>compulit</span> <span class='ocrx_word' id='word_1_89' title='bbox 592 987 665 1016; x_wconf 90' lang='lat' dir='ltr'>eos</span> <span class='ocrx_word' id='word_1_90' title='bbox 688 987 813 1016; x_wconf 89' lang='lat' dir='ltr'>nosse</span> <span class='ocrx_word' id='word_1_91' title='bbox 835 972 966 1016; x_wconf 85' lang='lat' dir='ltr'>etiam</span> <span class='ocrx_word' id='word_1_92' title='bbox 986 981 1104 1015; x_wconf 86' lang='lat' dir='ltr'>extra</span> <span class='ocrx_word' id='word_1_93' title='bbox 1127 972 1364 1017; x_wconf 87' lang='lat' dir='ltr'>Ecclesiam</span> <span class='ocrx_word' id='word_1_94' title='bbox 1384 972 1478 1016; x_wconf 87' lang='lat' dir='ltr'>dari</span> <span class='ocrx_word' id='word_1_95' title='bbox 1499 988 1623 1031; x_wconf 89' lang='lat' dir='ltr'>posse</span> 
     </span>
     <span class='ocr_line' id='line_1_13' title="bbox 226 1043 1622 1102; baseline -0.001 -15"><span class='ocrx_word' id='word_1_96' title='bbox 226 1043 470 1102; x_wconf 89' lang='lat' dir='ltr'>baptimum</span> <span class='ocrx_word' id='word_1_97' title='bbox 505 1043 680 1086; x_wconf 89' lang='lat' dir='ltr'>Christi.</span> <span class='ocrx_word' id='word_1_98' title='bbox 722 1045 833 1087; x_wconf 87' lang='lat' dir='ltr'>Nam</span> <span class='ocrx_word' id='word_1_99' title='bbox 868 1044 1082 1101; x_wconf 89' lang='lat' dir='ltr'>quosdam</span> <span class='ocrx_word' id='word_1_100' title='bbox 1120 1058 1171 1085; x_wconf 89' lang='lat' dir='ltr'>ex</span> <span class='ocrx_word' id='word_1_101' title='bbox 1201 1043 1260 1086; x_wconf 88' lang='lat' dir='ltr'>eis</span> <span class='ocrx_word' id='word_1_102' title='bbox 1289 1058 1391 1087; x_wconf 89' lang='lat' dir='ltr'>cum</span> <span class='ocrx_word' id='word_1_103' title='bbox 1425 1043 1484 1086; x_wconf 87' lang='lat' dir='ltr'>eis</span> <span class='ocrx_word' id='word_1_104' title='bbox 1512 1059 1622 1102; x_wconf 90' lang='lat' dir='ltr'>quos</span> 
     </span>
     <span class='ocr_line' id='line_1_14' title="bbox 224 1110 1621 1170; baseline -0.001 -14"><span class='ocrx_word' id='word_1_105' title='bbox 224 1121 343 1156; x_wconf 88' lang='lat' dir='ltr'>extra</span> <span class='ocrx_word' id='word_1_106' title='bbox 364 1126 517 1155; x_wconf 90' lang='lat' dir='ltr'>eorum</span> <span class='ocrx_word' id='word_1_107' title='bbox 540 1110 781 1154; x_wconf 85' lang='lat' dir='ltr'>Ecclesiam</span> <span class='ocrx_word' id='word_1_108' title='bbox 811 1112 1137 1170; x_wconf 85' lang='lat' dir='ltr'>baptizaverant</span> <span class='ocrx_word' id='word_1_109' title='bbox 1155 1147 1165 1166; x_wconf 91' lang='lat'>,</span> <span class='ocrx_word' id='word_1_110' title='bbox 1201 1113 1245 1155; x_wconf 87' lang='lat' dir='ltr'>in</span> <span class='ocrx_word' id='word_1_111' title='bbox 1274 1113 1360 1156; x_wconf 92' lang='lat' dir='ltr'>suis</span> <span class='ocrx_word' id='word_1_112' title='bbox 1382 1113 1621 1156; x_wconf 87' lang='lat' dir='ltr'>honoribus</span> 
     </span>
     <span class='ocr_line' id='line_1_15' title="bbox 224 1179 1618 1240; baseline 0.001 -16"><span class='ocrx_word' id='word_1_113' title='bbox 224 1182 315 1224; x_wconf 88' lang='lat' dir='ltr'>sine</span> <span class='ocrx_word' id='word_1_114' title='bbox 333 1180 425 1223; x_wconf 83' lang='lat' dir='ltr'>ulla</span> <span class='ocrx_word' id='word_1_115' title='bbox 445 1180 493 1221; x_wconf 90' lang='lat' dir='ltr'>in</span> <span class='ocrx_word' id='word_1_116' title='bbox 514 1190 740 1236; x_wconf 88' lang='lat' dir='ltr'>quoquam</span> <span class='ocrx_word' id='word_1_117' title='bbox 762 1179 1020 1234; x_wconf 84' lang='lat' dir='ltr'>repetitione</span> <span class='ocrx_word' id='word_1_118' title='bbox 1045 1182 1312 1240; x_wconf 82' lang='lat' dir='ltr'>baptismatis</span> <span class='ocrx_word' id='word_1_119' title='bbox 1333 1190 1594 1240; x_wconf 85' lang='lat' dir='ltr'>receperunt</span> <span class='ocrx_word' id='word_1_120' title='bbox 1608 1216 1618 1236; x_wconf 94' lang='lat'>,</span> 
     </span>
     <span class='ocr_line' id='line_1_16' title="bbox 223 1246 1620 1309; baseline 0 -16"><span class='ocrx_word' id='word_1_121' title='bbox 223 1264 306 1294; x_wconf 88' lang='lat' dir='ltr'>nec</span> <span class='ocrx_word' id='word_1_122' title='bbox 324 1263 396 1292; x_wconf 91' lang='lat' dir='ltr'>eos</span> <span class='ocrx_word' id='word_1_123' title='bbox 413 1256 463 1291; x_wconf 90' lang='lat' dir='ltr'>ut</span> <span class='ocrx_word' id='word_1_124' title='bbox 485 1246 752 1302; x_wconf 84' lang='lat' dir='ltr'>corrigerent</span> <span class='ocrx_word' id='word_1_125' title='bbox 769 1260 846 1302; x_wconf 86' lang='lat' dir='ltr'>per</span> <span class='ocrx_word' id='word_1_126' title='bbox 863 1247 1059 1303; x_wconf 90' lang='lat' dir='ltr'>publicas</span> <span class='ocrx_word' id='word_1_127' title='bbox 1080 1261 1314 1309; x_wconf 86' lang='lat' dir='ltr'>potestates</span> <span class='ocrx_word' id='word_1_128' title='bbox 1335 1266 1462 1308; x_wconf 86' lang='lat' dir='ltr'>agere</span> <span class='ocrx_word' id='word_1_129' title='bbox 1484 1252 1620 1293; x_wconf 82' lang='lat' dir='ltr'>desti-</span> 
     </span>
     <span class='ocr_line' id='line_1_17' title="bbox 224 1314 1618 1374; baseline 0 -11"><span class='ocrx_word' id='word_1_130' title='bbox 224 1327 398 1372; x_wconf 87' lang='lat' dir='ltr'>terunt,</span> <span class='ocrx_word' id='word_1_131' title='bbox 424 1332 502 1360; x_wconf 91' lang='lat' dir='ltr'>nec</span> <span class='ocrx_word' id='word_1_132' title='bbox 525 1330 675 1359; x_wconf 86' lang='lat' dir='ltr'>eorum</span> <span class='ocrx_word' id='word_1_133' title='bbox 695 1314 946 1359; x_wconf 85' lang='lat' dir='ltr'>criminibus</span> <span class='ocrx_word' id='word_1_134' title='bbox 968 1332 1045 1374; x_wconf 87' lang='lat' dir='ltr'>per</span> <span class='ocrx_word' id='word_1_135' title='bbox 1065 1321 1130 1360; x_wconf 84' lang='lat' dir='ltr'>sui</span> <span class='ocrx_word' id='word_1_136' title='bbox 1153 1317 1334 1362; x_wconf 89' lang='lat' dir='ltr'>Concilii</span> <span class='ocrx_word' id='word_1_137' title='bbox 1359 1321 1618 1363; x_wconf 88' lang='lat' dir='ltr'>sententiam</span> 
     </span>
     <span class='ocr_line' id='line_1_18' title="bbox 230 1385 1620 1443; baseline 0.001 -10"><span class='ocrx_word' id='word_1_138' title='bbox 230 1390 514 1435; x_wconf 88' lang='lat' dir='ltr'>vehementer</span> <span class='ocrx_word' id='word_1_139' title='bbox 534 1385 794 1443; x_wconf 80' lang='lat' dir='ltr'>exaggeratis</span> <span class='ocrx_word' id='word_1_140' title='bbox 811 1388 1167 1431; x_wconf 88' lang='lat' dir='ltr'>communionem</span> <span class='ocrx_word' id='word_1_141' title='bbox 1184 1403 1305 1432; x_wconf 88' lang='lat' dir='ltr'>suam</span> <span class='ocrx_word' id='word_1_142' title='bbox 1323 1391 1620 1434; x_wconf 86' lang='lat' dir='ltr'>contaminare</span> 
     </span>
     <span class='ocr_line' id='line_1_19' title="bbox 229 1460 488 1504; baseline -0.015 0"><span class='ocrx_word' id='word_1_143' title='bbox 229 1460 488 1504; x_wconf 86' lang='lat' dir='ltr'>timuerunt.</span> 
     </span>
    </p>

    <p class='ocr_par' dir='ltr' id='par_1_3' title="bbox 229 1526 1626 2571">
     <span class='ocr_line' id='line_1_20' title="bbox 288 1526 1618 1589; baseline 0.002 -16"><span class='ocrx_word' id='word_1_144' title='bbox 288 1531 424 1573; x_wconf 85' lang='lat' dir='ltr'>LXX.</span> <span class='ocrx_word' id='word_1_145' title='bbox 463 1526 795 1573; x_wconf 85' lang='lat' dir='ltr'>Priscillianistae</span> <span class='ocrx_word' id='word_1_146' title='bbox 810 1563 821 1584; x_wconf 92' lang='lat'>,</span> <span class='ocrx_word' id='word_1_147' title='bbox 857 1543 966 1588; x_wconf 88' lang='lat' dir='ltr'>quos</span> <span class='ocrx_word' id='word_1_148' title='bbox 999 1531 1046 1573; x_wconf 90' lang='lat' dir='ltr'>in</span> <span class='ocrx_word' id='word_1_149' title='bbox 1082 1530 1287 1589; x_wconf 87' lang='lat' dir='ltr'>Hispania</span> <span class='ocrx_word' id='word_1_150' title='bbox 1324 1531 1618 1575; x_wconf 84' lang='lat' dir='ltr'>Priscillianus</span> 
     </span>
     <span class='ocr_line' id='line_1_21' title="bbox 229 1599 1623 1660; baseline 0 -14"><span class='ocrx_word' id='word_1_151' title='bbox 229 1600 432 1656; x_wconf 86' lang='lat' dir='ltr'>instituit,</span> <span class='ocrx_word' id='word_1_152' title='bbox 458 1599 642 1643; x_wconf 79' lang='lat' dir='ltr'>maxime</span> <span class='ocrx_word' id='word_1_153' title='bbox 661 1600 967 1645; x_wconf 89' lang='lat' dir='ltr'>Gnosticorum</span> <span class='ocrx_word' id='word_1_154' title='bbox 989 1609 1032 1644; x_wconf 91' lang='lat' dir='ltr'>et</span> <span class='ocrx_word' id='word_1_155' title='bbox 1052 1602 1393 1645; x_wconf 81' lang='lat' dir='ltr'>Manichaeorum</span> <span class='ocrx_word' id='word_1_156' title='bbox 1418 1602 1623 1660; x_wconf 86' lang='lat' dir='ltr'>dogmata</span> 
     </span>
     <span class='ocr_line' id='line_1_22' title="bbox 229 1670 1623 1731; baseline 0.001 -17"><span class='ocrx_word' id='word_1_157' title='bbox 229 1670 444 1731; x_wconf 89' lang='lat' dir='ltr'>permixta</span> <span class='ocrx_word' id='word_1_158' title='bbox 466 1678 701 1713; x_wconf 87' lang='lat' dir='ltr'>sectantur.</span> <span class='ocrx_word' id='word_1_159' title='bbox 725 1671 930 1722; x_wconf 87' lang='lat' dir='ltr'>Quamvis</span> <span class='ocrx_word' id='word_1_160' title='bbox 965 1679 1008 1714; x_wconf 88' lang='lat' dir='ltr'>et</span> <span class='ocrx_word' id='word_1_161' title='bbox 1029 1686 1080 1714; x_wconf 87' lang='lat' dir='ltr'>ex</span> <span class='ocrx_word' id='word_1_162' title='bbox 1110 1670 1203 1715; x_wconf 87' lang='lat' dir='ltr'>aliis</span> <span class='ocrx_word' id='word_1_163' title='bbox 1226 1672 1463 1716; x_wconf 62' lang='lat' dir='ltr'>haeresibus</span> <span class='ocrx_word' id='word_1_164' title='bbox 1483 1673 1527 1716; x_wconf 91' lang='lat' dir='ltr'>in</span> <span class='ocrx_word' id='word_1_165' title='bbox 1551 1688 1623 1716; x_wconf 92' lang='lat' dir='ltr'>eos</span> 
     </span>
     <span class='ocr_line' id='line_1_23' title="bbox 231 1740 1624 1800; baseline 0.001 -15"><span class='ocrx_word' id='word_1_166' title='bbox 231 1741 395 1793; x_wconf 81' lang='lat' dir='ltr'>sordes,</span> <span class='ocrx_word' id='word_1_167' title='bbox 405 1749 615 1800; x_wconf 91' lang='lat' dir='ltr'>tanquam</span> <span class='ocrx_word' id='word_1_168' title='bbox 624 1740 669 1783; x_wconf 87' lang='lat' dir='ltr'>in</span> <span class='ocrx_word' id='word_1_169' title='bbox 677 1741 892 1784; x_wconf 86' lang='lat' dir='ltr'>sentinam</span> <span class='ocrx_word' id='word_1_170' title='bbox 904 1742 1142 1799; x_wconf 89' lang='lat' dir='ltr'>quamdam</span> <span class='ocrx_word' id='word_1_171' title='bbox 1154 1742 1351 1786; x_wconf 89' lang='lat' dir='ltr'>horribili</span> <span class='ocrx_word' id='word_1_172' title='bbox 1365 1743 1624 1787; x_wconf 82' lang='lat' dir='ltr'>confusione</span> 
     </span>
     <span class='ocr_line' id='line_1_24' title="bbox 231 1810 1624 1870; baseline -0.001 -13"><span class='ocrx_word' id='word_1_173' title='bbox 231 1811 537 1857; x_wconf 85' lang='lat' dir='ltr'>confluxerint.</span> <span class='ocrx_word' id='word_1_174' title='bbox 561 1814 743 1870; x_wconf 90' lang='lat' dir='ltr'>Propter</span> <span class='ocrx_word' id='word_1_175' title='bbox 761 1810 1041 1855; x_wconf 89' lang='lat' dir='ltr'>occultandas</span> <span class='ocrx_word' id='word_1_176' title='bbox 1064 1820 1207 1855; x_wconf 88' lang='lat' dir='ltr'>autem</span> <span class='ocrx_word' id='word_1_177' title='bbox 1233 1814 1624 1857; x_wconf 84' lang='lat' dir='ltr'>contaminationes</span> 
     </span>
     <span class='ocr_line' id='line_1_25' title="bbox 234 1881 1624 1941; baseline 0 -14"><span class='ocrx_word' id='word_1_178' title='bbox 234 1892 277 1927; x_wconf 92' lang='lat' dir='ltr'>et</span> <span class='ocrx_word' id='word_1_179' title='bbox 305 1881 597 1941; x_wconf 89' lang='lat' dir='ltr'>turpitudines</span> <span class='ocrx_word' id='word_1_180' title='bbox 627 1897 724 1925; x_wconf 89' lang='lat' dir='ltr'>suas</span> <span class='ocrx_word' id='word_1_181' title='bbox 757 1882 924 1925; x_wconf 90' lang='lat' dir='ltr'>habent</span> <span class='ocrx_word' id='word_1_182' title='bbox 953 1882 999 1925; x_wconf 88' lang='lat' dir='ltr'>in</span> <span class='ocrx_word' id='word_1_183' title='bbox 1025 1882 1111 1925; x_wconf 91' lang='lat' dir='ltr'>suis</span> <span class='ocrx_word' id='word_1_184' title='bbox 1143 1882 1422 1940; x_wconf 81' lang='lat' dir='ltr'>dogmatibus</span> <span class='ocrx_word' id='word_1_185' title='bbox 1455 1893 1497 1926; x_wconf 85' lang='lat' dir='ltr'>et</span> <span class='ocrx_word' id='word_1_186' title='bbox 1533 1885 1624 1927; x_wconf 88' lang='lat' dir='ltr'>haec</span> 
     </span>
     <span class='ocr_line' id='line_1_26' title="bbox 233 1951 1624 2011; baseline -0.001 -13"><span class='ocrx_word' id='word_1_187' title='bbox 233 1954 392 1999; x_wconf 82' lang='lat' dir='ltr'>verba:</span> <span class='ocrx_word' id='word_1_188' title='bbox 413 1971 433 1994; x_wconf 93' lang='lat'>«</span> <span class='ocrx_word' id='word_1_189' title='bbox 450 1955 473 1996; x_wconf 91' lang='lat' dir='ltr'><strong>J</strong></span> <span class='ocrx_word' id='word_1_190' title='bbox 480 1968 571 2007; x_wconf 87' lang='lat' dir='ltr'>ura,</span> <span class='ocrx_word' id='word_1_191' title='bbox 590 1953 777 2011; x_wconf 85' lang='lat' dir='ltr'>perjura,</span> <span class='ocrx_word' id='word_1_192' title='bbox 795 1960 1009 1995; x_wconf 89' lang='lat' dir='ltr'>secretum</span> <span class='ocrx_word' id='word_1_193' title='bbox 1022 1951 1206 2010; x_wconf 87' lang='lat' dir='ltr'>prodere</span> <span class='ocrx_word' id='word_1_194' title='bbox 1227 1953 1331 1995; x_wconf 85' lang='lat' dir='ltr'>noli.</span> <span class='ocrx_word' id='word_1_195' title='bbox 1353 1971 1370 1992; x_wconf 89' lang='lat'>»</span> <span class='ocrx_word' id='word_1_196' title='bbox 1390 1954 1442 1995; x_wconf 89' lang='lat' dir='ltr'>Hi</span> <span class='ocrx_word' id='word_1_197' title='bbox 1460 1953 1624 1997; x_wconf 87' lang='lat' dir='ltr'>animas</span> 
     </span>
     <span class='ocr_line' id='line_1_27' title="bbox 234 2020 1621 2082; baseline -0.001 -15"><span class='ocrx_word' id='word_1_198' title='bbox 234 2023 388 2068; x_wconf 88' lang='lat' dir='ltr'>dicunt</span> <span class='ocrx_word' id='word_1_199' title='bbox 409 2022 604 2082; x_wconf 83' lang='lat' dir='ltr'>ejusdem</span> <span class='ocrx_word' id='word_1_200' title='bbox 627 2031 794 2066; x_wconf 87' lang='lat' dir='ltr'>naturae</span> <span class='ocrx_word' id='word_1_201' title='bbox 817 2031 946 2080; x_wconf 87' lang='lat' dir='ltr'>atque</span> <span class='ocrx_word' id='word_1_202' title='bbox 969 2020 1238 2075; x_wconf 87' lang='lat' dir='ltr'>substantiae,</span> <span class='ocrx_word' id='word_1_203' title='bbox 1262 2024 1387 2081; x_wconf 83' lang='lat' dir='ltr'>cujus</span> <span class='ocrx_word' id='word_1_204' title='bbox 1409 2032 1472 2065; x_wconf 84' lang='lat' dir='ltr'>est</span> <span class='ocrx_word' id='word_1_205' title='bbox 1492 2025 1621 2077; x_wconf 91' lang='lat' dir='ltr'>Deus,</span> 
     </span>
     <span class='ocr_line' id='line_1_28' title="bbox 236 2091 1622 2153; baseline -0.002 -15"><span class='ocrx_word' id='word_1_206' title='bbox 236 2094 290 2138; x_wconf 91' lang='lat' dir='ltr'>ad</span> <span class='ocrx_word' id='word_1_207' title='bbox 314 2108 497 2153; x_wconf 84' lang='lat' dir='ltr'>agonem</span> <span class='ocrx_word' id='word_1_208' title='bbox 521 2093 757 2153; x_wconf 87' lang='lat' dir='ltr'>quemdam</span> <span class='ocrx_word' id='word_1_209' title='bbox 784 2101 1073 2151; x_wconf 89' lang='lat' dir='ltr'>spontaneum</span> <span class='ocrx_word' id='word_1_210' title='bbox 1100 2092 1146 2134; x_wconf 90' lang='lat' dir='ltr'>in</span> <span class='ocrx_word' id='word_1_211' title='bbox 1171 2093 1294 2135; x_wconf 90' lang='lat' dir='ltr'>terris</span> <span class='ocrx_word' id='word_1_212' title='bbox 1317 2091 1622 2146; x_wconf 88' lang='lat' dir='ltr'>exercendum,</span> 
     </span>
     <span class='ocr_line' id='line_1_29' title="bbox 236 2162 1625 2225; baseline -0.002 -16"><span class='ocrx_word' id='word_1_213' title='bbox 236 2181 313 2225; x_wconf 89' lang='lat' dir='ltr'>per</span> <span class='ocrx_word' id='word_1_214' title='bbox 348 2174 513 2224; x_wconf 90' lang='lat' dir='ltr'>septem</span> <span class='ocrx_word' id='word_1_215' title='bbox 545 2162 678 2208; x_wconf 88' lang='lat' dir='ltr'>coelos</span> <span class='ocrx_word' id='word_1_216' title='bbox 711 2172 753 2206; x_wconf 91' lang='lat' dir='ltr'>et</span> <span class='ocrx_word' id='word_1_217' title='bbox 786 2178 862 2221; x_wconf 91' lang='lat' dir='ltr'>per</span> <span class='ocrx_word' id='word_1_218' title='bbox 891 2163 1102 2222; x_wconf 85' lang='lat' dir='ltr'>quosdam</span> <span class='ocrx_word' id='word_1_219' title='bbox 1133 2163 1343 2220; x_wconf 87' lang='lat' dir='ltr'>gradatim</span> <span class='ocrx_word' id='word_1_220' title='bbox 1367 2162 1625 2206; x_wconf 87' lang='lat' dir='ltr'>descendere</span> 
     </span>
     <span class='ocr_line' id='line_1_30' title="bbox 239 2233 1625 2295; baseline -0.003 -14"><span class='ocrx_word' id='word_1_221' title='bbox 239 2237 521 2295; x_wconf 83' lang='lat' dir='ltr'>principatus,</span> <span class='ocrx_word' id='word_1_222' title='bbox 547 2236 656 2278; x_wconf 90' lang='lat' dir='ltr'>etin</span> <span class='ocrx_word' id='word_1_223' title='bbox 677 2234 915 2291; x_wconf 86' lang='lat' dir='ltr'>malignum</span> <span class='ocrx_word' id='word_1_224' title='bbox 944 2233 1185 2292; x_wconf 86' lang='lat' dir='ltr'>principem</span> <span class='ocrx_word' id='word_1_225' title='bbox 1208 2233 1442 2287; x_wconf 86' lang='lat' dir='ltr'>incurrere,</span> <span class='ocrx_word' id='word_1_226' title='bbox 1480 2249 1503 2277; x_wconf 93' lang='lat' dir='ltr'>a</span> <span class='ocrx_word' id='word_1_227' title='bbox 1537 2249 1625 2293; x_wconf 92' lang='lat' dir='ltr'>quo</span> 
     </span>
     <span class='ocr_line' id='line_1_31' title="bbox 240 2304 1626 2363; baseline -0.002 -12"><span class='ocrx_word' id='word_1_228' title='bbox 240 2309 371 2351; x_wconf 88' lang='lat' dir='ltr'>istum</span> <span class='ocrx_word' id='word_1_229' title='bbox 392 2305 608 2350; x_wconf 89' lang='lat' dir='ltr'>mundum</span> <span class='ocrx_word' id='word_1_230' title='bbox 632 2305 796 2349; x_wconf 85' lang='lat' dir='ltr'>factum</span> <span class='ocrx_word' id='word_1_231' title='bbox 811 2304 982 2357; x_wconf 85' lang='lat' dir='ltr'>volunt,</span> <span class='ocrx_word' id='word_1_232' title='bbox 1009 2313 1140 2363; x_wconf 88' lang='lat' dir='ltr'>atque</span> <span class='ocrx_word' id='word_1_233' title='bbox 1160 2304 1213 2347; x_wconf 90' lang='lat' dir='ltr'>ab</span> <span class='ocrx_word' id='word_1_234' title='bbox 1232 2304 1313 2347; x_wconf 90' lang='lat' dir='ltr'>hoc</span> <span class='ocrx_word' id='word_1_235' title='bbox 1336 2304 1532 2363; x_wconf 84' lang='lat' dir='ltr'>principe</span> <span class='ocrx_word' id='word_1_236' title='bbox 1547 2319 1626 2363; x_wconf 88' lang='lat' dir='ltr'>per</span> 
     </span>
     <span class='ocr_line' id='line_1_32' title="bbox 244 2374 1624 2434; baseline -0.002 -14"><span class='ocrx_word' id='word_1_237' title='bbox 244 2377 409 2420; x_wconf 85' lang='lat' dir='ltr'>diversa</span> <span class='ocrx_word' id='word_1_238' title='bbox 428 2377 565 2421; x_wconf 88' lang='lat' dir='ltr'>carnis</span> <span class='ocrx_word' id='word_1_239' title='bbox 590 2391 767 2434; x_wconf 85' lang='lat' dir='ltr'>corpora</span> <span class='ocrx_word' id='word_1_240' title='bbox 790 2374 1003 2418; x_wconf 89' lang='lat' dir='ltr'>seminari.</span> <span class='ocrx_word' id='word_1_241' title='bbox 1033 2378 1246 2417; x_wconf 81' lang='lat' dir='ltr'>Astruunt</span> <span class='ocrx_word' id='word_1_242' title='bbox 1270 2374 1397 2416; x_wconf 84' lang='lat' dir='ltr'>etiam</span> <span class='ocrx_word' id='word_1_243' title='bbox 1420 2374 1624 2418; x_wconf 87' lang='lat' dir='ltr'>fatalibus</span> 
     </span>
     <span class='ocr_line' id='line_1_33' title="bbox 247 2445 1623 2502; baseline -0.001 -14"><span class='ocrx_word' id='word_1_244' title='bbox 247 2446 376 2490; x_wconf 84' lang='lat' dir='ltr'>stellis</span> <span class='ocrx_word' id='word_1_245' title='bbox 407 2447 602 2491; x_wconf 87' lang='lat' dir='ltr'>homines</span> <span class='ocrx_word' id='word_1_246' title='bbox 631 2445 870 2502; x_wconf 77' lang='lat' dir='ltr'>colligatos,</span> <span class='ocrx_word' id='word_1_247' title='bbox 902 2445 1129 2502; x_wconf 83' lang='lat' dir='ltr'>ipsumque</span> <span class='ocrx_word' id='word_1_248' title='bbox 1162 2459 1317 2502; x_wconf 80' lang='lat' dir='ltr'>corpus</span> <span class='ocrx_word' id='word_1_249' title='bbox 1341 2453 1534 2488; x_wconf 84' lang='lat' dir='ltr'>nostrum</span> <span class='ocrx_word' id='word_1_250' title='bbox 1555 2459 1623 2486; x_wconf 92' lang='lat' dir='ltr'>se-</span> 
     </span>
     <span class='ocr_line' id='line_1_34' title="bbox 245 2514 1625 2571; baseline -0.004 -9"><span class='ocrx_word' id='word_1_251' title='bbox 245 2516 440 2562; x_wconf 82' lang='lat' dir='ltr'>cuudum</span> <span class='ocrx_word' id='word_1_252' title='bbox 468 2516 697 2561; x_wconf 81' lang='lat' dir='ltr'>duodecim</span> <span class='ocrx_word' id='word_1_253' title='bbox 733 2516 851 2571; x_wconf 82' lang='lat' dir='ltr'>signa</span> <span class='ocrx_word' id='word_1_254' title='bbox 874 2514 973 2558; x_wconf 67' lang='lat' dir='ltr'>coeli</span> <span class='ocrx_word' id='word_1_255' title='bbox 997 2528 1085 2558; x_wconf 86' lang='lat' dir='ltr'>esse</span> <span class='ocrx_word' id='word_1_256' title='bbox 1106 2515 1408 2571; x_wconf 79' lang='lat' dir='ltr'>compositum,</span> <span class='ocrx_word' id='word_1_257' title='bbox 1444 2515 1553 2558; x_wconf 83' lang='lat' dir='ltr'>sicut</span> <span class='ocrx_word' id='word_1_258' title='bbox 1580 2514 1625 2557; x_wconf 90' lang='lat' dir='ltr'>hi</span> 
     </span>
    </p>
   </div>
   <div class='ocr_carea' id='block_1_3' title="bbox 1677 0 1726 1292">
    <p class='ocr_par' dir='ltr' id='par_1_4' title="bbox 1677 0 1726 1292">
     <span class='ocr_line' id='line_1_35' title="bbox 1677 0 1726 1292; baseline 0 0"><span class='ocrx_word' id='word_1_259' title='bbox 1677 0 1726 1292; x_wconf 95' lang='lat' dir='ltr'> </span> 
     </span>
    </p>
   </div>
   <div class='ocr_carea' id='block_1_4' title="bbox 1700 1367 1705 1988">
    <p class='ocr_par' dir='ltr' id='par_1_5' title="bbox 1700 1367 1705 1988">
     <span class='ocr_line' id='line_1_36' title="bbox 1700 1367 1705 1988; baseline 0 0"><span class='ocrx_word' id='word_1_260' title='bbox 1700 1367 1705 1988; x_wconf 95' lang='lat' dir='ltr'> </span> 
     </span>
    </p>
   </div>
  </div>
 </body>
</html>
