1729 3143
211 204 293 240 580
633 210 666 238 S.
704 210 935 239 Aucusnm
970 213 1149 239 EP15COP1

203 277 289 331 nit,
316 285 358 320 et
380 284 480 319 sunt
504 275 704 320 animalia
727 276 885 320 foetum
911 277 1147 335 gignentia,
1171 293 1359 338 quorum
1382 286 1425 322 et
1445 279 1591 325 nullus

203 356 347 406 potus,
373 353 416 388 et
439 344 562 388 cibus
581 345 671 390 sola
688 346 742 391 sit
764 362 880 402 caro,
906 357 970 391 est
990 348 1037 391 in
1054 363 1183 392 carne
1205 349 1364 404 anima,
1385 349 1460 409 qui
1483 364 1593 409 pur—

202 414 356 475 gandae
374 429 493 459 more
516 425 660 461 vestro
678 417 910 462 subvenire
931 417 1147 463 deberetis
1167 418 1381 464 vescendo
1398 434 1589 465 carnem.

198 486 286 531 Nisi
309 484 421 530 forte
443 500 642 545 porcum,
663 486 785 548 quod
806 497 849 533 et
870 488 1072 548 frugibus
1095 488 1247 544 alitur,
1279 499 1322 534 et
1347 506 1506 550 aquam
1522 491 1592 535 bi-

199 555 286 612 bit,
312 556 501 601 animam
526 556 635 602 lucis
665 558 828 603 habere
856 559 1154 605 arbitramini:
1178 558 1338 620 aquilae
1361 575 1489 616 vero,
1521 562 1594 606 cui

198 626 264 672 sol
279 627 467 672 maxime
484 628 702 687 congruit,
720 629 1002 675 tenebrarum
1019 629 1225 686 animam,
1246 630 1348 690 quia
1361 630 1450 676 sola
1463 646 1594 677 carne

199 697 323 752 vivit,
348 699 485 743 inesse
507 697 757 744 defenditis.

258 771 331 813 LI.
367 770 404 812 O
427 783 574 813 rerum
595 771 830 830 angustiaS,
855 785 881 816 o
905 771 1181 817 incredibiles
1201 772 1520 819 absurditates!
1548 774 1595 818 in

199 854 307 899 quas
346 839 546 900 profecto
579 855 670 886 non
713 839 971 886 incidissetis
989 875 1000 898 ‚
1038 843 1073 886 si
1104 858 1128 886 a
1156 844 1396 889 vanissimis
1434 843 1596 890 fabulis

199 909 356 966 alieni,
380 911 464 956 hoc
498 910 554 956 ad
587 910 902 956 continentiam
930 911 1128 957 ciborum
1161 914 1453 973 sequeremini
1474 914 1596 974 quod

198 980 355 1025 veritas
372 981 531 1040 probat
551 1001 561 1038 3
582 990 632 1025 ut
653 980 1017 1041 concupiscentiae
1039 983 1293 1028 coercendae
1316 985 1452 1044 gratia
1468 1019 1480 1040 ,
1506 1000 1596 1030 non

197 1051 386 1095 vitandae
409 1050 702 1096 immunditiae
729 1067 829 1112 quae
858 1051 980 1098 nulla
1016 1062 1079 1098 est
1111 1054 1335 1099 deliciosas
1367 1070 1482 1100 escas
1503 1071 1596 1101 res-

197 1120 393 1180 puendas
422 1121 687 1182 judicaretis.
724 1125 835 1168 Nam
869 1124 903 1168 si
936 1124 1034 1184 quis
1069 1125 1198 1169 etiam
1221 1140 1366 1170 rerum
1394 1134 1595 1171 naturam

195 1193 372 1253 vimque
396 1193 552 1238 animae
570 1203 613 1238 et
635 1195 827 1254 corporis
849 1195 995 1240 minus
1016 1196 1210 1252 intuens,
1238 1197 1361 1242 vobis
1381 1197 1594 1243 concedat

196 1264 387 1309 animam
409 1265 686 1326 coinquinari
708 1265 762 1310 de
784 1267 967 1311 obsonio
989 1302 1000 1321 ,
1025 1266 1167 1312 multo
1184 1268 1318 1326 magis
1337 1283 1432 1312 eam
1449 1277 1596 1312 tamen

194 1334 470 1380 immundam
492 1337 585 1380 fieri
608 1336 848 1396 cupiditate
870 1337 1124 1382 conceditis.
1145 1342 1250 1391 Quae
1265 1352 1368 1397 ergo
1388 1338 1497 1382 ratio
1512 1347 1592 1394 est,

194 1405 264 1450 vel
286 1407 431 1466 potius
460 1408 673 1463 amentia,
700 1407 756 1452 de
781 1423 965 1452 numero
989 1408 1232 1453 electorum
1252 1409 1476 1453 hominem
1498 1409 1593 1468 pel-

194 1476 298 1532 lere,
324 1478 400 1538 qui
411 1476 525 1523 forte
546 1494 722 1523 carnem
740 1478 1002 1523 valetudinis
1032 1494 1176 1534 causa,
1210 1478 1332 1524 nulla
1353 1479 1594 1539 cupiditate

198 1549 434 1607 gustaverit
454 1568 463 1593 :
489 1550 522 1592 si
545 1557 693 1593 autem
714 1549 910 1609 piperata
932 1549 1089 1594 tubera
1109 1550 1322 1595 voraciter
1344 1550 1472 1594 edere
1489 1566 1595 1598 con-

196 1619 395 1679 cupierit,
419 1618 706 1664 immodestiae
727 1628 901 1664 tantum
923 1619 1036 1664 forte
1060 1621 1228 1680 possitis
1251 1620 1587 1681 reprehendere,

199 1705 288 1734 non
311 1698 458 1734 autem
482 1699 531 1734 ut
554 1699 854 1750 corruptorem
876 1690 1084 1735 damnare
1113 1691 1360 1750 signaculi?
1384 1695 1449 1737 Ita
1470 1693 1522 1736 fit
1543 1701 1592 1737 ut

196 1761 243 1804 in
264 1760 410 1807 electis
431 1760 582 1805 vestris
605 1775 694 1805 esse
717 1776 807 1805 non
828 1761 978 1819 possit,
1001 1761 1077 1820 qui
1099 1761 1298 1821 proditus
1318 1761 1451 1806 fuerit
1466 1797 1476 1817 ,
1503 1778 1592 1806 non

196 1830 563 1889 concupiscendo,
604 1829 680 1873 sed
715 1831 933 1874 medendo
968 1839 1137 1889 partem
1169 1830 1360 1890 aliquam
1397 1846 1590 1877 coenasse

197 1899 368 1959 gallinae
389 1918 398 1944 ε
419 1914 507 1943 esse
525 1909 671 1944 autem
690 1899 799 1957 iniis
812 1900 943 1959 possit
956 1901 1033 1959 qui
1046 1901 1327 1945 vehementer
1342 1903 1587 1961 cumiphas,

195 1979 239 2015 et
262 1969 345 2015 alia
367 1969 565 2030 placenta
591 1984 721 2014 carne
743 1970 934 2014 carentia
958 1969 1221 2015 desiderasse
1249 1987 1292 2015 se
1321 1972 1411 2031 ipse
1438 1974 1589 2032 prodi-

196 2042 323 2086 derit.
349 2042 520 2086 Tenetis
542 2056 645 2101 ergo
668 2056 769 2085 eum
792 2056 924 2102 quem
947 2041 1162 2101 cupiditas
1179 2042 1380 2087 sordibus
1403 2045 1586 2104 mergit,

194 2129 327 2173 quem
350 2128 451 2158 vero
474 2114 564 2172 ipse
596 2113 736 2168 cibus,
763 2121 813 2157 ut
835 2113 1129 2167 arbitramini,
1162 2114 1377 2170 maculat,
1409 2131 1499 2160 non
1524 2126 1589 2160 te-

194 2185 320 2240 netis,
342 2200 443 2230 cum
462 2185 814 2245 inquinationem
836 2183 890 2229 de
913 2184 1264 2244 concupiscentia
1283 2201 1416 2246 quam
1435 2186 1489 2231 de
1512 2187 1590 2232 ob-

195 2256 317 2301 sonio
329 2255 460 2315 longe
483 2257 691 2316 majorem
706 2255 799 2299 fieri
814 2255 1034 2300 fateamini
1049 2290 1058 2306 ,
1085 2255 1424 2316 complectentes
1443 2267 1589 2303 tamen

200 2341 300 2369 eum
320 2361 330 2381 ‚
365 2327 442 2387 qui
464 2326 650 2372 conditis
673 2327 923 2370 suavissime
948 2326 1145 2384 frugibus
1168 2327 1367 2372 imminet
1389 2328 1559 2373 inhians
1574 2364 1586 2385 ,

197 2411 374 2457 seseque
391 2414 481 2443 non
503 2407 623 2442 tenet
645 2417 653 2442 ε
680 2397 959 2441 excludentes
983 2413 1083 2441 eum
1106 2399 1182 2458 qui
1209 2398 1423 2458 quaslibet
1441 2399 1588 2459 epulas

197 2467 426 2513 hominum
447 2469 786 2529 comprimendae
809 2468 933 2512 famis
957 2469 1096 2513 causa*
1112 2470 1203 2513 sine
1237 2469 1326 2514 ulla
1349 2471 1586 2530 cupiditate

202 2549 374 2597 paratus
398 2556 583 2596 sumere,
615 2550 658 2586 et
679 2550 853 2600 paratus
877 2540 1097 2596 amittere,
1135 2540 1433 2588 indifferenter
1454 2541 1582 2601 capit.
