1729 3143
461 274 517 302 nn
547 272 758 310 masor-o,
791 270 929 299 sumo
960 271 1021 298 ιν.
1371 259 1422 298 91

51 342 244 388 mulieris
276 355 375 401 quae
396 339 588 400 paritura
609 344 702 380 erat
717 337 731 361 1
751 370 762 391 ,
792 344 842 379 ut
868 350 970 380 cum
989 334 1249 395 peperisset,
1274 341 1428 377 natum

48 414 142 474 ejus
183 410 445 457 comederet.
485 411 726 453 Draconem
755 405 979 450 diabolum
1011 421 1100 451 esse
1119 440 1131 458 ‚
1164 405 1312 450 nullus
1335 422 1430 452 ves-

46 492 165 528 trum
198 483 383 540 ignorat.
416 476 644 523 Mulierem
672 474 791 520 illam
819 476 1033 534 virginem
1059 476 1242 522 Mariam
1262 478 1429 536 signifi-

45 569 185 609 casse,
205 567 305 611 quae
327 557 460 608 caput
481 556 679 592 nostrum
698 546 867 605 integra
887 546 1106 605 integrum
1121 548 1311 608 peperit,
1330 565 1430 609 quae

44 626 176 670 etiam
205 623 295 681 ipsa
323 621 507 678 figuram
531 619 577 662 in
604 633 648 662 se
670 627 830 663 sanctae
861 617 1065 663 Ecclesiae
1087 619 1427 667 demonstravit:

44 704 95 739 ut
123 690 346 753 quomodo
380 689 520 733 filium
555 689 726 747 pariens
758 688 879 748 virgo
902 689 1138 748 permansit
1156 724 1167 745 ‚
1193 690 1252 733 ita
1272 700 1316 734 et
1336 691 1431 735 haec

42 764 164 810 omni
198 771 395 820 tempore
435 759 633 803 membra
669 760 762 818 ejus
803 760 942 818 pariat
966 794 977 815 ‚
1011 760 1306 819 virginitatem
1342 775 1431 806 non

43 835 229 880 amittat.
267 834 384 891 Ipsas
416 831 650 875 sententias
677 830 950 876 sacratissimi
974 831 1173 889 Symboli
1197 831 1432 891 adjuvante

41 904 230 951 Domino
251 901 529 961 exponendas
558 901 824 960 suscepimus
844 936 855 957 ,
887 911 938 947 ut
958 901 1066 961 quid
1086 901 1269 961 singulae
1291 902 1432 947 conti-

41 983 175 1020 neant
191 1009 203 1029 ‚
227 973 380 1018 vestris
400 971 597 1017 sensibus
614 972 881 1016 intimemus.
904 975 1056 1018 Parata
1073 982 1176 1017 sunt
1194 972 1326 1017 corda
1342 987 1433 1018 ves-

42 1054 107 1089 tra
125 1079 137 1100 ‚
162 1045 265 1104 quia
287 1042 489 1088 exclusus
510 1051 575 1087 est
594 1042 797 1086 inimicus
814 1042 869 1086 de
890 1042 1098 1088 cordibus
1118 1044 1283 1089 vestris.
1305 1045 1432 1088 Mun-

41 1112 144 1156 data
180 1119 242 1154 est
276 1108 459 1163 domus,
486 1122 577 1151 non
606 1115 829 1150 remaneat
857 1107 1027 1166 inani33
1049 1122 1105 1152 ne
1126 1122 1227 1152 cum
1249 1124 1431 1155 vacuam

41 1181 236 1226 desertor
256 1178 473 1223 invenerit
486 1212 498 1231 ‚
519 1176 710 1221 adducat
730 1191 876 1221 secum
895 1176 1001 1222 alios
1018 1187 1183 1238 septem
1200 1181 1430 1240 nequiores

40 1267 85 1297 se
101 1285 113 1306 ‚
138 1259 182 1295 et
196 1249 444 1294 efficiantur
459 1248 647 1292 hominis
662 1247 778 1292 illius
791 1248 1026 1308 posteriora
1043 1284 1054 1304 ,
1078 1259 1128 1294 ut
1145 1251 1429 1308 Evangelium

40 1321 261 1381 loquitur,
297 1320 446 1379 pejora
465 1318 684 1378 prioribus
701 1322 733 1363 ².
758 1321 863 1364 Mox
885 1329 934 1364 ut
957 1318 1153 1365 exclusus
1174 1318 1305 1367 fuerit
1327 1337 1428 1381 pes-

40 1391 173 1436 simus
204 1389 378 1434 invasor
394 1424 406 1443 ‚
431 1389 737 1434 introducatur
763 1390 954 1449 optimus
983 1405 1211 1449 possessor.
1243 1393 1345 1445 Quis
1366 1402 1429 1437 est

39 1463 213 1506 invasor
230 1461 248 1501 ‘2
270 1458 490 1504 Diabolus.
531 1460 646 1511 Quid
679 1460 867 1504 invasit?
901 1461 1131 1504 Hominem
1174 1477 1304 1521 quem
1338 1479 1428 1508 non

40 1530 144 1576 fecit
165 1567 176 1586 ,
214 1532 391 1589 insuper
424 1539 468 1573 et
496 1528 681 1588 decepit.
717 1529 920 1573 Promisit
952 1532 991 1573 ei
1022 1531 1393 1577 immortalitatem
1414 1568 1426 1588 ‚

41 1612 85 1647 et
117 1602 367 1662 propinavit
399 1598 690 1660 iniquitatem.
726 1601 840 1644 Huic
871 1615 946 1645 vos
976 1601 1226 1645 renuntiare
1248 1602 1428 1661 professi

41 1673 140 1718 estis
163 1692 172 1717 :
195 1673 241 1715 in
258 1687 344 1731 qua
359 1669 625 1730 professione
641 1705 652 1725 ,
677 1686 768 1715 non
784 1671 1035 1715 hominibus
1050 1705 1061 1725 ‚
1082 1670 1158 1715 sed
1176 1674 1264 1716 Deo
1282 1682 1325 1717 et
1339 1678 1429 1718 Αηυ

42 1743 148 1802 gelis
185 1743 276 1802 ejus
309 1741 684 1786 conscribentibus
703 1777 715 1797 ,
751 1740 915 1786 dixistis
947 1762 954 1787 z
991 1743 1214 1787 Renuntio
1243 1746 1428 1789 Renun-

41 1813 145 1858 tiate
166 1827 257 1856 non
273 1811 414 1855 solum
431 1812 613 1856 vocibus
630 1847 640 1867 ‚
661 1811 736 1856 sed
753 1813 882 1857 etiam
901 1814 1095 1858 moribus
1114 1834 1125 1872 3
1150 1828 1241 1859 non
1255 1823 1428 1860 tantum

42 1897 148 1927 sono
170 1881 330 1940 linguae
346 1915 357 1936 ‚
382 1881 457 1925 sed
478 1890 521 1924 et
542 1890 642 1925 actu
667 1883 769 1926 vitae
790 1902 801 1939 ς
825 1898 906 1927 nec
927 1893 1100 1928 tantum
1122 1883 1248 1929 labiis
1270 1900 1429 1931 sonan-

43 1952 160 1995 tibus
176 1986 187 2006 ,
209 1951 287 1995 sed
305 1951 510 2010 operibus
526 1952 928 2010 pronuntiantibus.
951 1954 1112 1999 Scitote
1128 1969 1205 1999 vos
1222 1970 1324 1999 cum
1337 1957 1428 2001 cal-

0 2051 1 2070 }
41 2021 158 2076 lido,
184 2022 365 2081 antiquo
393 2031 436 2065 et
456 2031 686 2066 veternoso
715 2022 892 2068 inimico
914 2025 1148 2083 suscepisse
1170 2034 1387 2070 certamen
1416 2045 1425 2072 :

0 2089 1 2111 t
42 2108 133 2136 non
154 2093 200 2136 in
220 2091 340 2135 vobis
362 2101 460 2150 post
481 2093 851 2138 renuntiationem
872 2093 1068 2139 inveniat
1090 2111 1220 2155 opera
1243 2111 1320 2141 sua
1337 2131 1348 2152 ,
1373 2112 1428 2141 ne

38 2163 137 2223 jure
167 2177 244 2206 vos
278 2162 466 2205 attrahat
497 2162 546 2205 in
577 2163 845 2208 servitutem.
878 2166 1222 2225 Deprehenderis
1244 2168 1361 2211 enim
1385 2176 1428 2211 et

42 2232 272 2291 detegeris,
297 2232 539 2277 Christiane
554 2267 566 2288 ,
590 2233 768 2292 quando
791 2235 909 2279 aliud
932 2238 1021 2295 agis
1042 2246 1086 2282 et
1107 2238 1224 2282 aliud
1246 2239 1426 2297 profite-

41 2304 97 2347 ris
121 2321 131 2346 :
155 2302 294 2347 fidelis
313 2303 359 2346 in
382 2304 559 2347 nomine
576 2338 587 2357 ,
613 2302 732 2348 aliud
753 2304 1054 2352 demonstrans
1076 2310 1122 2352 in
1144 2323 1274 2367 opere
1296 2344 1306 2360 ‚
1337 2324 1427 2354 non

40 2382 192 2417 tenens
213 2373 506 2431 promissionis
530 2382 616 2417 tuae
644 2373 776 2418 fidem
802 2394 811 2420 :
836 2377 968 2421 modo
997 2379 1244 2436 ingrediens
1271 2379 1425 2423 Eccle-

42 2442 148 2486 siam
183 2443 396 2487 orationes
437 2442 623 2487 fundere
642 2478 653 2499 ,
694 2454 792 2504 post
829 2447 1050 2491 modicum
1089 2449 1134 2492 in
1171 2450 1425 2508 spectaculis

40 2513 324 2557 histrionibus
357 2514 578 2573 impudice
614 2514 813 2561 clamare.
854 2519 970 2571 Quid
1007 2519 1087 2564 tibi
1117 2534 1217 2565 cum
1254 2522 1423 2581 pompis

92 2603 100 2619 ¹
121 2597 219 2637 Apoc.
236 2606 294 2638 ιιι,
312 2595 345 2638 4.
358 2613 400 2621 -
413 2603 426 2620 ²
444 2598 522 2630 Luc.
545 2609 590 2639 ιι,
609 2599 663 2632 26.
