1729 3143
470 250 525 277 DE
556 249 773 287 εῩΜΒοιο,
807 248 944 276 5ΕῆΜο
978 249 1025 275 11.
1383 235 1436 272 53

63 316 405 374 omnipotentem
427 348 438 368 ,
474 312 761 358 immortalem
805 322 934 373 atque
969 311 1226 357 invisibilem
1264 310 1438 355 credere

64 386 272 446 Spiritum
285 393 480 428 sanctum
499 382 740 427 secundum
757 383 970 442 aequalem
981 383 1281 439 Divinitatem3
1299 382 1438 425 visum

62 453 207 499 autem
242 455 288 498 in
317 455 456 513 specie
487 452 703 497 columbae
736 461 914 510 propter
942 452 1040 496 Filii
1067 451 1383 496 attestationem
1406 452 1437 493 ¹.

62 527 119 568 Et
141 525 236 568 haec
259 532 322 568 est
342 523 525 566 Trinitas
541 520 721 581 simplex
736 522 879 565 unitas
896 555 906 575 ‚
926 521 1223 580 inseparabilis
1240 556 1251 577 ,
1275 522 1443 565 inenar-

62 594 225 647 rabilis,
251 607 418 651 semper
435 607 629 648 manens,
650 606 818 651 semper
831 606 1036 651 praesens,
1056 592 1222 652 ubique
1238 607 1440 651 regnans,

63 678 177 706 unus
199 665 313 705 Deus
334 695 345 716 ,
384 661 438 704 de
464 677 552 720 quo
579 662 792 720 propheta
813 660 954 706 David
975 661 1103 705 dicit:
1135 679 1154 702 «
1181 664 1247 704 Tu
1269 677 1312 705 es
1330 661 1446 706 solus

64 750 84 773 »
111 735 223 775 Deus
244 744 428 787 magnus
445 735 478 774 ⁰⁴.
505 749 528 773 n

119 804 199 846 XI.
225 800 452 846 Credimus
474 802 521 845 in
544 801 705 845 Filium
727 803 818 860 ejus
842 804 992 846 Jesum
1013 801 1233 846 Christum
1257 835 1268 855 ,
1293 809 1445 844 natum

61 872 116 916 de
134 872 296 930 Spiritu
315 881 464 916 sancto
486 887 537 916 ex
556 873 723 930 virgine
745 873 894 917 Maria.
922 874 1045 917 Hanc
1066 872 1353 925 nativitatem,
1379 871 1445 914 in-

60 940 257 997 credule,
278 942 385 1002 quid
407 942 684 1001 expavescis?
716 943 815 988 Noli
836 942 1014 987 credere
1032 977 1044 997 ,
1069 942 1104 986 si
1125 950 1297 986 tantum
1314 941 1447 984 homo

61 1021 152 1056 erat
169 1013 243 1071 qui
262 1021 389 1056 natus
411 1021 475 1056 est
501 1031 508 1056 :
535 1013 569 1055 si
592 1021 738 1056 autem
760 1016 874 1056 Deus
896 1013 1030 1056 homo
1050 1021 1142 1056 erat
1157 1047 1168 1066 ,
1193 1011 1248 1054 de
1266 1026 1353 1071 qua
1369 1025 1451 1054 vo-

60 1080 143 1124 luit
174 1091 301 1125 natus
332 1091 420 1135 cst,
457 1081 559 1140 quia
594 1082 706 1125 sicut
736 1080 876 1125 voluit
898 1090 1024 1125 natus
1047 1090 1124 1125 est.
1160 1079 1278 1124 Illud
1307 1079 1452 1139 potius

59 1150 215 1193 mirare
235 1184 245 1203 ,
274 1150 376 1209 quia
398 1150 595 1193 Verbum
618 1151 807 1208 suscepit
824 1164 998 1193 carnem
1023 1169 1031 1194 :
1054 1165 1135 1193 nec
1153 1159 1216 1194 est
1233 1159 1452 1194 mutatum

59 1219 105 1262 in
127 1234 298 1263 carnem
321 1253 332 1273 ,
358 1219 460 1278 quia
482 1233 661 1262 manens
689 1222 804 1262 Deus
834 1219 1023 1277 suscepit
1044 1219 1284 1261 hominem.
1310 1221 1453 1262 Caete-

59 1302 157 1330 rum
179 1287 286 1346 quid
308 1287 474 1330 miraris
492 1320 502 1341 ,
531 1287 633 1344 quia
652 1287 837 1344 genitrix
857 1301 985 1330 suum
1010 1287 1161 1344 genuit
1179 1288 1417 1343 genitorem
1438 1321 1448 1341 ,

59 1358 136 1417 qui
151 1358 310 1401 creavit
327 1365 523 1400 creatura
539 1354 749 1399 factorem
767 1357 774 1397 Ξ
805 1357 848 1399 Si
865 1356 1006 1399 voluit
1024 1357 1143 1400 nasci
1165 1356 1356 1400 excelsus
1374 1357 1452 1399 hu-

60 1426 188 1480 milis,
204 1435 255 1469 ut
267 1425 313 1468 in
327 1426 418 1483 ipsa
426 1424 671 1468 humilitate
685 1423 932 1467 ostenderet
942 1425 1229 1482 majestatem.
1245 1427 1454 1469 Portabat

61 1496 202 1540 filium
224 1504 360 1539 mater
381 1495 545 1538 intacta
565 1529 575 1548 ,
611 1494 851 1537 mirabatur
881 1502 924 1536 et
950 1494 1042 1551 ipsa
1072 1493 1118 1536 in
1149 1503 1326 1552 aspectu
1361 1510 1450 1538 suae

60 1565 196 1625 prolis
214 1600 225 1621 ,
256 1579 387 1624 quam
406 1563 629 1622 amplexus
650 1577 740 1606 non
762 1562 992 1606 strinxerat
1009 1562 1236 1606 maritalis.
1262 1563 1362 1618 Sed,
1389 1566 1457 1607 in-

62 1635 258 1690 credule,
282 1634 384 1678 audi
401 1633 658 1693 praedictum
673 1653 684 1690 3
699 1647 910 1690 cognosce
922 1632 1171 1691 impletum.
1192 1633 1331 1677 David
1347 1649 1453 1693 pro-

60 1707 195 1764 pheta
216 1703 322 1748 dicit
347 1722 356 1747 :
392 1721 410 1743 «
436 1705 576 1747 Mater
600 1702 704 1746 Sion
738 1701 853 1745 dicet
883 1704 1029 1747 Homo
1049 1737 1060 1757 ,
1087 1711 1130 1746 et
1156 1703 1289 1746 homo
1311 1701 1451 1748 factus

64 1792 85 1816 »
112 1784 175 1819 est
194 1775 239 1818 in
260 1788 309 1817 ea
329 1807 340 1827 ,
365 1781 409 1816 et
435 1773 525 1831 ipse
550 1771 750 1816 fundavit
770 1786 866 1815 eam
886 1772 1132 1816 Altissimus
1152 1773 1182 1816 3.
1210 1791 1230 1814 »
1257 1775 1352 1832 Ipse
1375 1776 1451 1834 qui

62 1843 264 1887 fundavit
284 1857 381 1886 eam
397 1841 642 1886 Altissimus
658 1875 669 1896 ,
693 1841 784 1900 ipse
804 1841 852 1884 in
871 1856 918 1885 ea
941 1841 1083 1886 factus
1105 1851 1168 1887 est
1184 1842 1318 1887 homo
1341 1864 1349 1887 ;
1371 1843 1450 1887 Al-

62 1914 275 1969 tissimus,
307 1913 410 1973 quia
442 1911 574 1956 talem
603 1920 784 1956 matrem
823 1913 984 1957 creavit
1012 1931 1021 1956 2
1048 1912 1292 1958 Altissimus
1312 1949 1322 1969 ,
1348 1914 1451 1974 quia

62 1986 122 2029 sic
143 2000 187 2028 se
208 1985 254 2028 in
275 1999 324 2027 ea
344 1983 554 2027 formavit
569 2017 580 2038 ,
605 1992 656 2027 ut
674 1982 915 2042 procedens
939 1999 990 2027 ex
1012 1985 1103 2044 ejus
1128 1994 1253 2029 utero
1272 2019 1283 2040 ,
1322 1994 1365 2029 et
1399 1986 1452 2028 fi-

63 2054 171 2098 lium
206 2055 297 2112 ejus
332 2053 535 2097 redderet
550 2087 561 2108 ,
595 2061 638 2096 et
674 2053 966 2111 integritatem
1002 2070 1092 2098 non
1133 2064 1444 2114 corrumperet.

64 2126 173 2176 Quae
195 2131 258 2165 est
291 2123 426 2179 gratia
449 2122 595 2166 matris
615 2123 747 2182 hujus
775 2132 818 2167 et
847 2123 1053 2181 virginis?
1076 2126 1184 2177 Quae
1219 2133 1282 2168 est
1313 2125 1448 2183 gratia

64 2194 194 2252 hujus
216 2191 409 2235 foeminae
427 2225 437 2246 ‚
475 2207 574 2250 quae
595 2193 738 2236 virum
759 2193 953 2238 nesciens
975 2193 1115 2239 filium
1144 2196 1318 2254 portat?
1341 2197 1449 2247 Quae

65 2271 129 2306 est
151 2261 316 2320 gratia?
343 2260 502 2304 Audite
525 2261 772 2304 Gabrielem
793 2262 996 2319 angelum
1024 2279 1117 2308 eam
1152 2264 1413 2308 salutantem
1438 2283 1447 2308 ε

69 2351 88 2373 «
114 2336 227 2384 Ave,
247 2331 390 2390 inquit
406 2365 417 2385 ,
441 2331 575 2389 gratia
594 2330 743 2389 plena,
768 2331 979 2376 Dominus
1001 2342 1147 2378 tecum
1166 2336 1196 2376 4.
1221 2350 1242 2373 »
1264 2333 1450 2386 Quando

68 2401 262 2460 Angelus
281 2401 405 2444 istam
423 2402 636 2460 virginem
654 2402 713 2446 sic
732 2401 935 2446 salutavit
950 2437 961 2458 ,
999 2412 1105 2448 tunc
1143 2418 1237 2447 eam
1267 2404 1449 2463 Spiritus

0 2475 1 2526 ἦ
65 2480 238 2515 sanctus
271 2469 548 2516 foecundavit
576 2490 585 2516 :
622 2480 726 2516 tunc
757 2471 830 2515 illa
863 2471 1043 2516 foemina
1065 2473 1206 2517 virum
1238 2473 1329 2518 sine
1357 2474 1450 2517 viro

112 2561 122 2576 ¹
143 2553 263 2586 Matth.
293 2565 342 2595 ul,
365 2554 414 2587 16.
438 2572 479 2578 —-
496 2561 508 2577 ²
539 2554 620 2587 Psal.
642 2565 757 2596 Lxxxv,
779 2565 829 2587 10.
847 2571 887 2578 —
912 2554 924 2578 3
943 2563 1072 2597 Lxxxvl,
1093 2557 1121 2588 5.
1144 2573 1185 2579 —-
1205 2556 1220 2585 4
1240 2557 1314 2590 Luc,
1336 2568 1346 2588 l
1361 2581 1370 2596 ‚
1394 2560 1442 2588 18.
