1729 3143
458 220 511 248 DE
544 221 697 248 LusERo
729 219 944 257 ARmeo,
980 221 1061 247 Lm.
1098 221 1128 245 1.
1401 211 1481 248 291

98 283 188 342 jici.
213 285 266 326 Α.
297 284 367 326 En
393 283 526 341 igitur
554 283 689 327 habes
716 281 1029 326 documentum
1061 281 1374 336 certissimum,
1399 297 1489 340 quo

104 352 382 395 manifestum
414 353 490 396 fiat
515 353 653 396 inesse
683 360 876 394 mentem
916 352 1083 395 homini
1116 352 1208 395 sine
1240 350 1484 396 dominatu.

104 421 180 465 His
204 422 367 481 quippe
389 421 527 478 inest3
552 429 688 479 agunt
709 420 826 464 enim
850 420 952 464 talia
969 455 980 475 ‚
1006 436 1105 480 quae
1134 420 1202 478 agi
1231 420 1322 464 sine
1342 430 1489 464 mente

103 506 192 534 non
216 500 389 549 possent
411 509 418 536 :
445 506 535 535 non
556 500 701 534 tamen
725 498 905 547 regnat3
930 505 1032 534 nam
1054 490 1177 534 stulti
1197 500 1323 545 sunt,
1348 505 1491 550 neque

104 575 288 618 regnum
323 560 480 604 mentis
515 559 597 603 nisi
629 559 892 617 sapientium
924 574 1040 613 esse,
1076 560 1376 618 percognitum
1409 568 1487 604 est.

103 632 156 673 E.
181 630 343 674 Mirum
364 638 427 673 est
448 630 531 673 hoc
547 629 637 688 jam
660 627 792 672 fuisse
812 644 836 672 a
857 628 984 672 nobis
1006 629 1052 671 in
1069 629 1363 687 superioribus
1383 645 1492 674 con-

103 699 267 743 fectum
283 733 294 754 ‚
323 708 368 743 et
387 699 495 743 mihi
511 698 620 759 quid
636 699 943 757 responderem
960 733 972 754 ,
999 714 1089 744 non
1108 699 1296 757 potuisse
1312 700 1359 743 in
1370 714 1493 744 men-

102 776 191 812 tem
212 769 377 812 venire.

160 840 260 881 XX.
289 838 375 882 Sed
395 838 477 882 alia
495 847 794 882 contexamus.
817 841 914 881 Jam
936 838 1053 882 enim
1069 846 1113 881 et
1129 853 1315 896 regnum
1336 838 1494 881 mentis

101 908 305 951 humanae
337 909 575 949 humanam
599 921 688 949 esse
719 908 974 964 sapientiam
991 940 1002 961 ‚
1028 916 1072 950 et
1097 921 1193 950 eam
1214 922 1337 965 posse
1365 908 1497 950 etiam

103 991 193 1020 non
210 991 407 1034 regnare,
432 984 704 1033 compertum
725 984 802 1019 est.
829 979 882 1019 A.
909 979 1120 1020 Putas-ne
1139 977 1218 1021 ista
1235 985 1396 1031 mente,
1422 977 1496 1021 cui

103 1060 286 1103 regnum
315 1046 361 1088 in
388 1045 590 1088 libidines
618 1054 779 1088 aeterna
801 1045 894 1103 lege
917 1061 1168 1090 concessum
1197 1063 1286 1090 esse
1308 1062 1494 1105 cognos-

104 1116 242 1159 cimus
258 1149 268 1169 ,
295 1115 584 1173 potentiorem
603 1130 693 1158 esse
714 1114 973 1159 libidinem?
993 1131 1073 1173 ego
1090 1116 1205 1160 enim
1222 1117 1347 1160 nullo
1365 1126 1495 1175 pacto

104 1194 228 1244 puto.
253 1187 405 1244 Neque
423 1184 540 1228 enim
562 1193 673 1227 esset
694 1185 1063 1229 ordinatissimum
1078 1220 1089 1240 ‚
1117 1196 1168 1230 ut
1187 1187 1493 1245 impotentiora

104 1255 421 1313 potentioribus
442 1255 720 1312 imperarent.
749 1259 888 1306 Quare
911 1270 1084 1298 necesse
1101 1256 1285 1299 arbitror
1306 1271 1394 1300 esse
1410 1290 1421 1311 ,
1447 1266 1498 1300 ut

104 1325 202 1385 plus
223 1326 357 1384 possit
387 1340 507 1367 mens
530 1339 662 1383 quam
685 1324 900 1382 cupiditas
918 1359 929 1378 ‚
961 1341 1012 1369 eo
1041 1326 1134 1383 ipso
1157 1342 1245 1385 quo
1268 1327 1497 1385 cupiditati

105 1405 222 1441 recte
253 1398 459 1461 justeque
494 1394 761 1438 dominatur.
804 1397 851 1438 E.
894 1397 986 1451 Ego
1026 1411 1204 1454 quoque
1236 1397 1294 1440 ita
1335 1398 1490 1441 sentio.

106 1468 159 1510 A.
185 1465 301 1518 Quid
320 1465 526 1509 virtutem
553 1479 728 1507 omnem
756 1478 864 1507 num
886 1463 1142 1507 dubitamus
1165 1466 1284 1507 omni
1305 1466 1411 1510 vitio
1434 1467 1494 1510 sic

107 1545 206 1580 ante
229 1550 414 1594 ponere,
440 1543 490 1577 ut
521 1534 658 1577 virtus
689 1542 854 1592 quanto
885 1533 1040 1577 melior
1071 1543 1201 1593 atque
1235 1534 1493 1591 sublimior,

106 1606 402 1650 tantofirmior
416 1605 705 1663 invictiorque
723 1605 803 1648 sit?
825 1606 874 1648 F..
896 1604 992 1663 quis
1010 1604 1299 1649 dubitaverit?
1316 1609 1368 1650 A.
1387 1606 1496 1651 Nu]-

104 1675 173 1720 lus
195 1676 326 1732 igitur
347 1675 528 1718 vitiosus
561 1674 730 1717 animus
765 1673 927 1717 virtute
959 1683 1172 1718 armatum
1202 1676 1396 1719 animum
1418 1692 1495 1720 su-

106 1753 242 1803 perat.
269 1747 321 1787 E.
349 1744 630 1786 Verissimum
654 1752 732 1786 est.
765 1745 817 1786 A.
843 1745 938 1786 Jam
960 1758 1141 1802 corpore
1159 1746 1281 1789 omni
1301 1745 1495 1806 qualem-

105 1813 215 1858 hbet
254 1813 448 1857 animum
493 1813 716 1856 meliorem
757 1813 1138 1874 potentioremque
1174 1831 1262 1859 esse
1278 1850 1290 1870 ‚
1330 1832 1420 1860 non
1452 1826 1496 1861 te

106 1883 294 1928 arbitror
312 1892 588 1941 negaturum.
614 1884 667 1925 E.
695 1883 834 1926 Nemo
856 1881 900 1925 id
922 1893 1050 1940 negat
1065 1918 1076 1938 ,
1101 1885 1177 1943 qui
1199 1887 1343 1945 (quod
1364 1886 1491 1930 facile

107 1955 195 2009 est)
223 1952 344 1996 videt
379 1960 455 1995 aut
490 1950 775 1994 substantiam
805 1952 1025 1995 viventem
1059 1968 1149 1997 non
1177 1955 1374 2010 viventi,
1414 1965 1491 1999 aut

109 2037 204 2066 eam
229 2037 329 2080 quae
351 2021 487 2065 vitam
519 2020 595 2063 dat
627 2021 666 2063 ei
698 2035 798 2079 quae
826 2021 1008 2079 accipit,
1046 2037 1133 2066 esse
1156 2024 1488 2082 praeferendam.

108 2095 159 2136 Α.
185 2090 328 2137 Multo
350 2090 493 2133 minus
519 2089 652 2147 igitur
672 2104 855 2148 corpus,
881 2090 1202 2151 qualecumque
1228 2094 1274 2137 id
1294 2095 1372 2148 sit,
1397 2096 1493 2138 ani-

108 2176 231 2206 mum
266 2161 428 2205 virtute
462 2159 695 2218 praeditum
726 2159 877 2203 vincit.
915 2162 966 2204 E.
998 2162 1381 2207 Evidentissimum
1409 2174 1487 2209 est.

110 2234 163 2275 Α.
183 2230 298 2283 Quid
321 2231 489 2274 animus
502 2230 645 2288 justus
660 2263 671 2283 ,
695 2243 906 2286 mensque
919 2231 990 2287 jus
1003 2232 1226 2290 proprium
1244 2234 1492 2292 imperium-

110 2315 197 2360 que
218 2299 465 2344 custodiens
481 2333 491 2353 ,
518 2313 626 2341 num
648 2306 790 2356 potest
811 2296 939 2341 aliam
962 2309 1151 2346 mentem
1176 2303 1267 2361 pari
1289 2305 1494 2364 aequitate

110 2387 159 2416 ac
194 2372 357 2416 virtute
391 2379 673 2428 regnantem,
702 2384 753 2412 ex
788 2383 884 2413 arce
911 2369 1121 2429 dejicere,
1161 2382 1291 2433 atque
1323 2375 1496 2421 libidini

109 2442 369 2502 subjugare?
392 2444 443 2485 E.
470 2440 601 2485 Nullo
624 2438 760 2483 modo
776 2473 787 2493 ,
813 2455 903 2483 non
924 2439 1064 2484 solum
1092 2453 1268 2502 propter
1295 2446 1491 2492 eamdem

107 2511 153 2556 in
172 2521 360 2572 utraque
383 2509 685 2556 excellentiam
701 2543 714 2564 2
744 2509 820 2553 sed
841 2509 970 2555 etiam
996 2511 1116 2570 quod
1144 2529 1167 2558 a
1186 2515 1352 2574 Justitia
1376 2520 1492 2577 prior

1243 2588 1304 2626 19.
