1729 3143
231 172 247 205 1
261 167 313 205 46
654 177 686 202 s.
723 176 953 202 Avcvsmm
988 176 1169 202 EPISCOPI

217 245 300 288 Ubi
322 253 386 288 est
407 263 416 287 ε
446 263 465 284 «
481 246 532 286 In
549 252 746 298 tempore
766 240 1055 284 tribulationis
1075 240 1189 284 illius
1211 256 1413 298 permane
1427 242 1490 286 illi
1508 243 1612 287 fide-

218 333 237 355 »
262 313 328 367 lis,
344 323 390 356 ut
402 323 444 356 et
457 314 502 355 in
519 309 900 354 l1aereditatcillius
915 312 1106 355 cohaeres
1119 312 1191 354 sis¹
1205 313 1222 354 Ρ
1235 330 1253 353 »
1274 311 1357 355 Ubi
1372 321 1450 367 est,
1464 316 1610 357 Petre:

217 402 237 424 «
262 383 464 426 Animam
486 394 629 422 meam
651 394 731 437 pro
756 389 800 423 te
823 384 1026 438 ponam2,
1059 400 1078 422 «
1098 390 1162 435 et,
1181 403 1198 422 »
1223 384 1385 425 Tecum
1404 396 1542 441 usque
1559 383 1614 426 ad

213 469 236 493 »
261 450 469 495 mortem³
485 450 503 492 Ρ
522 466 540 490 »
563 450 708 501 Quam
724 449 923 505 celeriter
942 451 1108 508 negasti
1122 452 1244 509 quasi
1255 451 1480 495 hominem
1491 464 1620 495 mor-'

210 529 360 573 tuum,
386 533 521 579 quem
542 528 670 564 antea
691 518 917 564 confessus
933 520 1080 565 fueras
1094 521 1181 566 vivi
1204 521 1280 565 Dei
1293 521 1457 565 Filium
1475 522 1486 565 l
1508 524 1613 566 Haec
1663 546 1667 550 ·

207 590 314 633 dum
334 588 408 634 ille
430 598 577 634 tecum
597 590 645 633 in
665 589 802 634 corde
820 591 1204 646 sermocinaretur,
1230 592 1421 650 respexit
1442 591 1614 636 Divini-

208 668 298 714 tas,
338 668 383 703 et
419 659 542 705 flevit
571 659 831 704 humanitas
857 679 865 705 :
892 661 1038 718 agnita
1072 670 1136 705 est
1171 661 1384 717 dulcedo,
1421 670 1464 706 et
1486 662 1616 721 periit

210 730 457 775 amaritudo
478 750 488 776 z
515 739 716 791 suscepta
738 740 802 775 est
823 731 1032 786 charitas,
1057 740 1102 775 et
1123 731 1268 776 deleta
1290 741 1354 775 est
1373 732 1584 792 iniquitas
1601 750 1611 777 ε

209 800 339 845 rediit
358 816 480 845 amor
500 811 544 846 et
565 801 742 861 fugatus
763 810 827 846 est
844 801 990 846 timor.
1015 804 1130 846 Ecce
1148 801 1296 846 subito
1316 816 1449 862 quem
1473 817 1613 861 nega-

206 880 342 926 verat,
360 872 465 932 quia
487 887 579 916 non
593 871 787 916 habebat
801 872 989 930 speciem
1007 886 1152 931 neque
1167 871 1392 927 decorem,
1417 872 1616 931 agnoscit

206 951 506 999 resurgentem
527 944 774 1002 speciosum
797 940 939 987 forma
966 958 1057 1001 prae
1089 941 1190 986 filiis
1219 942 1477 996 hominum,
1503 957 1616 987 con-

199 1012 490 1072 junctamque
506 1013 571 1056 illi
592 1013 715 1057 videt
735 1028 940 1065 sponsam
954 1047 967 1061 ‚
991 1012 1188 1056 tunicam
1210 1011 1332 1053 illam
1351 1012 1616 1056 immortali-

206 1082 328 1134 tatis,
358 1092 494 1138 quam
530 1086 657 1121 antea
693 1079 849 1120 Petrus
882 1077 1095 1120 timuerat
1126 1078 1389 1135 perituram,
1414 1078 1618 1125 indutam

205 1150 353 1195 videt:
378 1148 604 1208 cognoscit
625 1147 748 1207 quod
773 1146 850 1191 tali
868 1147 1260 1192 sitcircumamicta
1278 1157 1420 1204 veste,
1442 1158 1486 1193 et
1503 1150 1616 1196 allo-

207 1221 358 1281 quitur
371 1219 495 1263 illam
508 1219 649 1278 ipsam
667 1233 873 1277 sponsam
892 1221 1064 1273 Petrus,
1086 1228 1136 1263 ut
1147 1228 1287 1263 servet
1305 1220 1436 1279 hujus
1455 1221 1618 1266 tunicae

207 1289 484 1349 dignitatem,
512 1298 556 1334 et
575 1288 682 1333 dicit
701 1288 859 1332 auimae
877 1288 1086 1332 humanae
1108 1307 1117 1332 :
1147 1289 1383 1334 «Christus
1398 1305 1478 1350 pro
1493 1292 1618 1337 vobis

211 1379 232 1403 »
259 1374 407 1420 passus
442 1368 527 1414 est,
556 1359 808 1418 relinquens
838 1359 962 1403 vobis
990 1358 1256 1418 exemplum,
1290 1369 1341 1404 ut
1368 1362 1615 1421 sequamini

214 1451 235 1474 »
260 1430 440 1489 vestigia
452 1431 584 1490 ejus4.
605 1447 626 1471 >1
655 1432 862 1490 Sequere,
879 1445 1051 1489 sponsa,
1072 1445 1252 1490 sequere
1268 1431 1452 1491 vestigia
1469 1433 1616 1492 sponsi

211 1503 278 1547 tui
299 1521 308 1547 :
333 1500 482 1546 nullus
505 1510 547 1545 te
569 1510 711 1545 metus
734 1510 910 1545 revocet
933 1516 958 1544 a
979 1501 1198 1546 consortio
1220 1501 1370 1547 dilecti
1397 1503 1477 1546 tui.
1503 1506 1616 1548 Ama

215 1582 458 1633 amantem,
491 1572 595 1632 quia
623 1572 742 1631 prius
763 1571 839 1615 ille
862 1572 1021 1616 amavit
1042 1588 1132 1617 non
1162 1583 1382 1617 amantem
1408 1593 1418 1619 ;
1443 1575 1616 1635 require

214 1644 538 1704 requirentem,
578 1643 681 1703 quia
717 1643 837 1702 prius
870 1642 946 1686 ille
975 1643 1174 1702 quaesivit
1198 1659 1289 1688 non
1310 1654 1582 1703 quaerentem
1603 1664 1612 1690 :

216 1715 424 1774 Require,
446 1723 490 1758 et
510 1712 581 1757 dic
604 1728 764 1773 sponso
778 1722 871 1758 tuo.
902 1731 922 1755 «
941 1713 1024 1756 Ubi
1039 1714 1190 1772 pascis,
1209 1714 1286 1757 ubi
1305 1714 1440 1759 cubas
1460 1716 1505 1759 in
1523 1722 1616 1759 me-
1679 1762 1683 1770 ,

216 1803 237 1826 ι)
265 1786 374 1829 ridie
391 1787 409 1827 ⁶?
430 1787 494 1831 Ne
511 1785 625 1830 forte
644 1786 746 1829 fiam
765 1785 877 1828 sicut
900 1793 1054 1843 operta
1074 1799 1204 1843 super
1225 1800 1374 1844 greges
1396 1785 1615 1831 sodalium

213 1875 234 1898 »
260 1858 482 1901 tuorum5.
507 1874 528 1898 »
553 1858 697 1910 Quam
718 1856 778 1900 sic
800 1852 1010 1910 dilexisti,
1037 1870 1118 1914 pro
1147 1870 1233 1913 qua
1257 1857 1515 1914 sanguinem
1538 1856 1613 1901 fu-

212 1925 328 1982 disti,
354 1928 478 1987 cujus
494 1925 828 1970 tabernaculum
846 1926 892 1969 in
907 1925 1001 1970 sole¹
1013 1926 1220 1985 posuistiG
1248 1945 1256 1969 ε
1285 1928 1420 1972 «Non
1437 1928 1541 1971 fiam
1560 1928 1613 1972 si-

219 2013 241 2037 »
266 2005 343 2040 cut
363 2005 515 2055 operta
536 2011 666 2056 super
688 2010 840 2055 greges
861 1995 1077 2040 sodalium
1101 2005 1299 2039 tuorum.
1320 2014 1342 2037 »

275 2069 400 2112 VIII.
431 2070 544 2112 Ecce
580 2066 688 2111 dum
718 2076 762 2111 te
797 2083 948 2127 quaero
975 2067 1053 2110 ubi
1086 2082 1257 2126 pascas,
1293 2066 1371 2110 ubi
1404 2066 1538 2112 cubes
1566 2068 1614 2112 in

218 2137 420 2192 meridie,
445 2136 646 2182 meridies
668 2135 814 2182 Africa
837 2146 921 2192 est,
947 2152 1048 2197 quae
1077 2137 1124 2181 in
1151 2135 1253 2182 solis
1281 2151 1437 2181 occasu
1459 2146 1545 2193 est,
1570 2146 1614 2182 et

221 2217 370 2252 tamen
387 2208 489 2268 quia
511 2208 567 2252 ab
590 2216 689 2252 ortu
709 2207 809 2252 solis
832 2222 970 2267 usque
995 2206 1051 2252 ad
1075 2221 1274 2252 occasum
1303 2205 1511 2251 laudatur
1532 2223 1614 2252 no-

224 2293 326 2322 men
339 2288 466 2323 tuum
476 2280 509 2334 ⁷,
533 2287 577 2323 et
591 2287 692 2323 sunt
708 2278 785 2338 qui
801 2287 844 2322 te
861 2278 1101 2337 praedicant
1117 2293 1206 2322 non
1219 2285 1350 2332 caste,
1368 2286 1614 2336 quaerentes

223 2363 323 2406 quae
345 2363 421 2393 sua
442 2357 561 2404 sunt,
582 2364 672 2394 non
689 2364 790 2407 quae
811 2357 888 2392 tua
907 2357 1024 2403 sunt,
1046 2347 1152 2392 dum
1173 2355 1218 2390 te
1241 2362 1392 2407 quaero
1412 2347 1459 2391 in
1484 2348 1614 2392 meri-

272 2446 280 2462 ¹
304 2440 400 2472 Eccli.
423 2452 499 2481 xxix,
520 2450 629 2484 29.—-
643 2448 655 2463 ²
673 2443 767 2473 Joan.
788 2450 856 2481 xm,
872 2439 1018 2472 37et38.
1031 2437 1186 2470 —3Luc.
1207 2448 1286 2478 xm,
1302 2436 1542 2471 33.-41Petr.
1564 2448 1610 2479 111,

235 2504 285 2526 11.
305 2511 346 2517 -
362 2492 377 2516 5
396 2497 487 2527 Cant.
508 2506 533 2536 1,
552 2495 586 2526 6.
607 2511 645 2518 --
664 2493 680 2517 6
698 2494 781 2527 Psal.
801 2505 893 2536 xvm,
911 2494 944 2526 6.
959 2511 999 2520 ι-
1015 2501 1027 2527 7
1046 2492 1125 2526 Psal.
1146 2503 1220 2534 exn,
1241 2493 1271 2526 3.
