1729 3143
215 180 299 217 326
648 188 682 216 s.
717 189 947 216 Aucusmm
978 190 1159 217 Erlscom

216 269 287 298 eos
317 253 429 297 solos
459 252 562 295 velit
590 267 679 295 esse
701 253 928 311 sapientes.
956 253 1252 305 Quamobrem
1280 268 1380 298 cum
1410 255 1456 300 id
1477 270 1595 299 nunc

213 332 365 381 agatur
385 323 497 364 inter
524 336 602 364 nos
619 356 629 375 ,
665 331 716 365 ut
737 338 825 366 non
853 323 961 381 quid
984 323 1211 366 credamus
1241 324 1596 382 respondendum

213 394 267 437 sit
279 427 290 446 ‚
315 391 389 434 sed
407 389 515 450 quid
532 389 722 435 dilucida
739 391 1027 451 intelligentia
1045 401 1270 437 teneamus
1284 427 1295 447 ,
1320 392 1445 438 nullo
1465 394 1597 439 modo

212 460 267 505 ad
286 461 333 503 id
354 459 434 503 tibi
455 460 577 519 quod
593 461 866 521 interrogasti
889 462 1153 522 respondere
1170 472 1323 522 potero
1340 497 1351 518 ,
1375 464 1458 506 nisi
1477 464 1598 523 quod

209 528 427 574 credendo
445 539 573 575 teneo
589 565 600 585 ,
627 530 968 591 contemplando
986 533 1116 577 etiam
1135 542 1179 577 et
1196 532 1364 577 ratione
1380 533 1598 578 cernendo

207 600 403 657 noverim
418 635 430 656 ‚
455 616 556 660 quae
577 601 631 645 sit
646 602 736 661 ipsa
756 603 982 662 sapientia.

264 672 428 714 XXVI„
454 674 506 715 A.
527 673 642 716 Num
665 671 792 716 aliam
816 681 943 731 putas
965 687 1055 717 esse
1072 673 1328 730 sapientiam
1345 672 1426 716 nisi
1442 673 1598 717 verita-

205 749 295 783 tem
312 774 323 795 ,
347 740 395 783 in
421 755 507 799 qua
534 741 725 785 cernitur
752 750 796 785 et
822 751 998 786 tenetur
1020 756 1243 786 summum
1265 741 1466 786 bonum?
1489 744 1599 787 Nam

205 808 269 852 ilh'
291 824 441 854 omnes
463 826 572 870 quos
601 812 950 855 commemorasti
977 810 1146 855 diversa
1168 820 1381 855 sectantes
1397 845 1410 867 ,
1433 811 1601 856 bonum

205 889 419 939 appetunt
437 916 447 935 ‚
473 890 516 925 et
538 881 702 925 malum
722 881 898 938 fugiunt
924 900 932 924 :
959 880 1035 925 sed
1062 890 1291 940 propterea
1319 882 1487 925 diversa
1509 896 1601 925 sec-
1647 896 1650 899 “

204 959 355 993 tantur
371 983 383 1003 ,
408 950 530 1007 quod
550 950 668 990 aliud
693 950 765 989 alii
782 951 955 991 videtur
975 951 1158 996 bonum.
1182 952 1387 1008 Quisquis
1403 967 1506 1005 ergo
1523 966 1601 1007 ap-

204 1019 315 1078 petit
337 1017 458 1077 quod
475 1015 773 1075 appetendum
795 1032 886 1061 non
908 1026 1000 1061 erat
1020 1053 1031 1072 ,
1057 1020 1227 1062 tametsi
1245 1019 1291 1062 id
1313 1033 1405 1062 non
1429 1027 1602 1076 appete-

201 1098 269 1132 ret
294 1088 373 1131 nisi
406 1087 445 1130 ei
476 1086 700 1131 videretur
729 1087 924 1143 bonum,
952 1096 1043 1131 erat
1072 1096 1235 1131 tamen.
1268 1090 1425 1131 Errare
1455 1096 1601 1132 autem

206 1173 350 1217 neque
383 1155 456 1200 ifle
487 1166 630 1216 potest
646 1193 657 1212 ‚
689 1157 766 1217 qui
796 1157 907 1201 nihil
937 1158 1128 1217 appetit,
1154 1173 1299 1216 neque
1326 1157 1401 1202 ille
1422 1158 1498 1217 qui
1519 1158 1601 1202 hoc

196 1228 371 1286 ‘appetit
397 1227 518 1286 quod
546 1226 678 1272 debet
714 1237 932 1287 appetere.
972 1231 1026 1271 In
1053 1235 1268 1286 quantum
1296 1228 1430 1284 igitur
1451 1242 1600 1272 omnes

203 1297 403 1341 homines
422 1306 635 1356 appetunt
652 1298 785 1341 vitam
802 1299 991 1351 beatam,
1016 1311 1106 1340 non
1123 1305 1284 1340 errant.
1307 1298 1361 1339 In
1382 1306 1599 1356 quantum

208 1376 355 1411 autem
384 1368 568 1427 quisque
598 1383 689 1411 non
717 1381 811 1410 eam
845 1375 966 1410 tenet
1000 1366 1101 1411 vitae
1135 1366 1250 1410 viam
1273 1381 1372 1426 quae
1394 1366 1516 1410 ducit
1543 1367 1601 1411 ad

207 1436 525 1481 beatitudinem
538 1469 548 1488 ‚
570 1451 671 1478 cum
692 1450 735 1478 se
757 1434 946 1479 fateatur
967 1445 1010 1480 et
1031 1436 1287 1495 profiteatur
1309 1435 1427 1481 nolle
1445 1437 1526 1480 nisi
1544 1435 1601 1481 ad

208 1505 525 1550 beatitudinem
548 1505 776 1564 pervenire
792 1541 803 1561 ‚
829 1506 875 1550 in
902 1515 1075 1551 tantum
1098 1516 1226 1551 errat.
1254 1509 1386 1551 Error
1403 1515 1468 1551 est
1483 1507 1600 1550 enim

208 1591 309 1620 cum
326 1574 549 1634 sequimur
571 1575 734 1634 aliquid
751 1611 762 1631 ‚
787 1576 907 1636 quod
937 1593 1027 1622 non
1049 1576 1105 1621 ad
1126 1576 1172 1621 id
1193 1577 1339 1632 ducit,
1365 1592 1454 1637 quo
1475 1575 1602 1622 volu-

209 1660 307 1690 mus
336 1645 576 1703 pervenire.
609 1647 666 1688 Et
697 1656 863 1705 quanto
885 1637 1020 1705 magis
1051 1649 1096 1691 in
1125 1648 1193 1691 via
1214 1648 1317 1691 vitae
1338 1647 1436 1707 quis
1456 1655 1597 1700 errat,

208 1724 332 1760 tanto
349 1715 492 1758 minus
514 1714 639 1772 sapit.
668 1717 806 1760 Tanto
824 1717 939 1759 enim
961 1717 1097 1775 magis
1119 1716 1249 1775 longe
1266 1726 1330 1761 est
1351 1734 1375 1762 a
1396 1717 1597 1770 veritate,

210 1786 257 1830 in
278 1801 364 1845 qua
388 1784 582 1828 cernitur
603 1793 647 1828 et
669 1792 842 1828 tenetur
865 1801 1085 1831 summum
1107 1787 1291 1830 bonum.
1321 1788 1501 1830 Summo
1523 1801 1601 1829 au-

213 1865 303 1900 tem
337 1855 454 1899 bono
483 1863 677 1898 assecuto
708 1863 751 1896 et
778 1852 964 1911 adepte,
990 1855 1142 1898 beatus
1170 1856 1355 1914 quisque
1376 1856 1456 1912 fit3
1480 1855 1601 1915 quod

214 1940 363 1971 omnes
377 1925 468 1968 sine
483 1923 775 1968 controversia
788 1921 1002 1966 volumus.
1025 1925 1082 1966 Ut
1099 1939 1200 1980 ergo
1217 1934 1387 1969 constat
1403 1940 1482 1969 nos
1499 1926 1602 1970 hea-

213 2005 281 2040 tos
304 2009 393 2039 esse
415 1993 550 2047 velle,
574 1994 634 2036 ita
661 2007 738 2036 nos
766 2000 939 2035 constat
962 1990 1074 2034 velle
1095 2006 1184 2034 esse
1219 1994 1462 2052 sapientes3
1500 1995 1603 2054 quia

214 2079 346 2109 nemo
367 2064 457 2107 sine
489 2062 697 2121 sapientia
731 2062 883 2104 beatus
915 2070 992 2104 est.
1025 2063 1162 2105 Nemo
1197 2060 1313 2103 enim
1335 2061 1488 2108 beatus
1509 2073 1598 2119 est,

216 2136 298 2179 nisi
327 2148 498 2178 summo
519 2133 662 2186 bono,
688 2130 808 2190 quod
826 2131 870 2173 in
892 2145 941 2173 ea
965 2130 1143 2174 veritate
1158 2164 1170 2185 ,
1194 2145 1327 2189 quam
1351 2130 1605 2189 sapientiam

216 2219 447 2259 vocamus,
474 2203 666 2247 cernitur
690 2210 733 2244 et
751 2209 941 2244 tenetur.
969 2201 1089 2244 Sicut
1110 2213 1213 2258 ergo
1242 2200 1475 2259 antequam
1491 2200 1607 2244 beati

217 2276 348 2320 simus
368 2310 379 2331 ‚
415 2271 637 2318 mentibus
659 2281 806 2315 tamen
827 2270 983 2315 nostris
1004 2270 1214 2329 impressa
1235 2278 1300 2313 est
1320 2271 1442 2314 notio
1469 2270 1607 2314 beati-

219 2345 315 2389 tatis
333 2366 344 2403 3
364 2359 442 2404 per
463 2344 576 2387 hanc
599 2343 713 2386 enim
736 2341 917 2396 scimus,
943 2339 1218 2399 fidenterque
1239 2348 1282 2383 et
1304 2339 1396 2383 sine
1416 2338 1506 2384 ulla
1527 2338 1606 2383 du-

216 2413 423 2459 bitatione
454 2414 636 2459 dicimus
667 2413 816 2457 beatos
849 2426 927 2456 nos
964 2425 1053 2455 esse
1083 2409 1192 2455 velle
1213 2429 1223 2454 ε
1248 2410 1309 2454 ita
1336 2410 1466 2454 etiam
1487 2409 1606 2468 prius

220 2497 352 2542 quam
374 2486 582 2543 sapientes
604 2483 735 2528 simus
757 2518 769 2540 ‚
798 2481 1022 2541 sapientiae
1050 2480 1274 2526 notionem
1295 2480 1340 2524 in
1361 2486 1506 2524 mente
1527 2479 1605 2524 ha-
