1729 3143
560 235 610 259 niz
643 234 811 269 GENESI,
850 233 929 259 me.
968 233 996 257 r.
1389 213 1471 252 4537

89 296 290 342 tellectus
316 318 324 342 :
356 297 474 342 unde
503 299 630 342 etiam
668 299 795 343 habet
825 305 1083 356 potestatem
1113 294 1295 354 piscium
1322 292 1474 345 maris,

87 377 129 411 et
150 367 392 412 volatilium
415 368 538 424 coeli,
573 379 615 412 et
639 368 832 412 omnium
853 382 1076 426 pecorum,
1110 374 1152 408 et
1183 363 1397 417 ferarum,
1434 369 1477 404 et

86 438 227 482 omnis
264 449 410 493 terrae,
448 450 490 483 et
523 440 718 483 omnium
753 438 997 496 repentium
1031 452 1129 496 quae
1158 443 1318 494 repunt
1349 446 1478 492 super

85 518 257 553 terram.
282 511 391 554 Cum
412 510 525 553 enim
545 510 746 563 dixisset,
777 527 794 548 «
814 508 1041 551 Faciamus
1053 507 1276 551 hominem
1295 503 1350 549 ad
1366 504 1476 547 ima-

90 598 107 620 »
134 579 275 637 ginem
313 589 356 623 et
389 581 716 625 similitudinem
750 588 968 633 nostram,
999 597 1017 618 >s
1047 577 1216 622 addidit
1239 576 1474 621 continuo:

89 668 106 690 «
130 651 187 693 Et
203 650 361 695 habeat
379 661 636 710 potestatem
658 652 839 711 piscium
859 649 988 694 maris
1007 658 1050 694 et
1065 648 1306 693 volatilium
1325 646 1473 702 coeli‚»

84 728 128 763 et
148 730 301 765 caetera
326 741 333 766 :
360 731 408 765 ut
432 722 770 780 intelligeremus
793 737 881 764 non
903 729 1082 780 propter
1105 734 1260 778 corpus
1283 718 1367 763 dici
1393 717 1475 761 ho-

84 793 244 835 minem
268 792 429 837 factum
455 793 508 837 ad
531 794 762 853 imaginem
783 794 858 836 Dei
877 829 887 847 ‚
914 792 988 836 sed
1010 800 1189 851 propter
1213 805 1306 834 eam
1328 797 1476 849 potes-

84 870 215 906 tatem
240 879 325 922 qua
355 865 498 908 omnia
522 880 678 923 pecora
708 873 896 924 superat.
931 863 1087 906 Omnia
1123 862 1238 906 enim
1273 859 1474 905 animalia

83 942 235 977 caetera
266 936 457 994 subjecta
488 945 588 978 sunt
618 935 812 984 homini,
849 945 938 973 non
972 942 1149 987 propter
1181 947 1364 991 corpus,
1399 930 1475 974 sed

84 1012 260 1061 propter
282 1002 550 1046 intellectum
569 1036 578 1055 ,
605 1016 736 1061 quem
760 1016 838 1045 nos
860 999 1071 1044 habemus
1087 1034 1097 1053 ,
1125 1008 1168 1042 et
1190 999 1263 1043 illa
1287 1016 1376 1045 non
1394 1002 1473 1045 ha-

82 1073 189 1115 bent
214 1091 222 1116 :
249 1073 444 1131 quamvis
468 1072 596 1115 etiam
620 1087 776 1131 corpus
799 1081 996 1115 nostrum
1021 1071 1078 1114 sic
1103 1069 1365 1115 fabricatum
1387 1072 1441 1116 sit
1458 1106 1469 1127 ‚

82 1150 131 1186 ut
156 1142 316 1186 indicet
341 1159 418 1186 nos
450 1142 646 1187 meliores
669 1158 758 1186 esse
781 1157 913 1202 quam
946 1142 1102 1186 bestias
1120 1177 1130 1196 ‚
1168 1151 1211 1185 et
1240 1151 1469 1200 propterea

83 1219 172 1260 Deo
194 1217 366 1260 similes.
392 1218 597 1261 Omnium
623 1218 737 1260 enim
757 1216 1007 1260 animalium
1028 1231 1230 1274 corpora,
1259 1215 1347 1259 sive
1371 1230 1472 1274 quae

82 1287 126 1330 in
149 1287 269 1346 aquis
288 1323 297 1341 ‚
324 1288 411 1331 sive
434 1304 534 1348 quae
557 1289 600 1331 in
624 1297 737 1332 terra
758 1287 927 1341 vivunt,
954 1286 1041 1331 sive
1063 1301 1162 1346 quae
1183 1286 1228 1329 in
1251 1288 1348 1328 aere
1365 1285 1471 1329 voli-

84 1365 200 1411 tant,
231 1357 436 1402 inclinata
459 1367 560 1402 sunt
583 1359 637 1402 ad
667 1367 849 1411 terram,
877 1366 919 1401 et
942 1372 1030 1401 non
1060 1365 1162 1400 sunt
1196 1364 1337 1399 erecta
1360 1354 1472 1400 sicut

35 1463 44 1466 ,
85 1427 274 1471 hominis
297 1443 468 1486 corpus.
504 1432 597 1481 Quo
619 1428 883 1486 significatur
916 1428 1044 1471 etiam
1064 1427 1256 1470 animum
1272 1434 1471 1469 nostrum

81 1497 125 1541 in
151 1513 336 1557 superna
360 1514 435 1543 sua
454 1534 463 1552 ‚
488 1499 529 1542 id
564 1509 652 1554 cst,
678 1499 723 1542 in
746 1508 906 1542 aeterna
930 1497 1136 1558 spiritalia
1160 1505 1352 1541 erectum
1378 1511 1469 1540 esse

81 1567 257 1611 debere.
295 1572 359 1612 Ita
388 1568 648 1628 intelligitur
681 1585 758 1629 per
789 1569 982 1612 animum
1004 1568 1214 1621 maxime,
1241 1575 1472 1611 attestante

80 1639 207 1682 etiam
232 1649 372 1684 erecta
396 1640 588 1700 corporis
613 1639 772 1694 forma,
799 1640 932 1683 homo
949 1638 1089 1682 factus
1107 1637 1159 1681 ad
1179 1637 1413 1696 imaginem
1427 1645 1470 1681 et

81 1709 408 1754 similitudinem
432 1712 523 1755 Dei.

138 1782 305 1824 XXIX.
340 1781 589 1842 Aliquando
609 1783 737 1827 etiam
756 1782 896 1826 solent
916 1781 1058 1825 dicere
1081 1799 1088 1824 :
1107 1780 1338 1833 Quomodo
1353 1794 1469 1823 accc-

80 1851 142 1909 pit
162 1852 294 1895 homo
315 1861 571 1910 potestatem
600 1854 779 1912 piscium
799 1853 943 1906 maris,
970 1862 1011 1895 et
1033 1850 1271 1895 volatilium
1290 1848 1406 1904 coeli,
1425 1858 1467 1892 et

80 1922 274 1964 omnium
295 1937 517 1980 pecorum,
540 1933 581 1965 et
605 1922 812 1974 ferarum,
834 1939 933 1966 cum
959 1922 1218 1966 videamusa
1238 1921 1384 1964 multis
1402 1921 1465 1963 fe‹

80 1994 134 2035 ris
157 1993 353 2036 homines
376 1994 539 2047 occidi,
572 2004 614 2036 ct
646 2011 666 2036 a
701 1993 847 2037 multis
874 1992 1123 2036 volatilibus
1148 1993 1269 2035 110i3=3s
1292 1991 1461 2043 noceri,

80 2079 177 2123 quae
190 2063 391 2107 volumus
410 2062 478 2106 vel
492 2063 639 2117 vitare,
657 2062 724 2106 vel
743 2078 910 2122 capere,
934 2074 974 2106 et
991 2062 1247 2122 plerumque
1266 2077 1352 2106 non
1372 2077 1467 2120 pos-

79 2134 267 2177 sumus?
298 2133 519 2192 quomodo
555 2149 657 2192 ergo
690 2134 735 2176 in
771 2134 863 2177 haec
898 2133 1144 2192 accepimus
1180 2135 1466 2191 potestatem?

80 2204 159 2248 Hic
192 2202 276 2247 illis
306 2204 446 2262 primo
475 2202 709 2246 dicendum
733 2212 821 2256 est,
849 2203 967 2262 quod
1002 2202 1189 2246 multum
1224 2212 1367 2246 errent
1391 2203 1465 2262 qui

78 2283 174 2332 post
196 2282 424 2333 peccatum
448 2272 728 2317 considerant
752 2273 971 2316 'nominem
991 2308 1001 2325 ,
1026 2287 1125 2316 cum
1150 2273 1194 2314 in
1216 2273 1345 2331 hujus
1367 2273 1466 2316 vitae
1492 2292 1519 2320 ,ι’

77 2343 388 2387 mortalitatem
409 2342 641 2387 damnatus
665 2352 728 2386 est
747 2379 757 2396 ⁷
784 2352 825 2386 et
849 2343 990 2386 amisit
1015 2341 1325 2401 perfectionem
1348 2342 1464 2387 illam

77 2431 163 2475 qua
188 2414 327 2458 factus
348 2424 412 2459 est
428 2414 481 2458 ad
500 2415 730 2473 imaginem
754 2414 842 2457 Dei.
869 2413 951 2457 Sed
973 2414 1004 2457 si
1023 2413 1246 2458 damnatio
1262 2416 1353 2473 ejus
1372 2424 1467 2458 tan-

80 2494 173 2529 tum
207 2483 348 2539 valet,
388 2493 438 2528 ut
470 2492 559 2528 tam
587 2484 734 2528 multis
767 2484 996 2543 pecoribus
1023 2483 1207 2542 imperet
1237 2503 1244 2528 :
1271 2483 1466 2543 quamvis

80 2556 195 2600 enim
230 2571 253 2600 a
282 2555 432 2600 multis
468 2554 569 2599 feris
600 2564 778 2614 propter
814 2553 1087 2613 fragilitatem
1118 2555 1309 2613 corporis
1336 2554 1468 2614 possit
