1729 3143
415 240 497 268 Lm.
534 242 580 268 11.
616 241 670 268 nn
701 241 886 269 inomaus
917 238 1258 270 MANICHAEORUM.
1443 236 1525 273 583

151 304 231 349 bus
252 302 428 358 faceret,
453 305 485 348 si
510 304 659 348 eadem
682 320 759 349 nos
782 320 882 349 cum
903 303 987 349 illis
1000 306 1218 362 societate,
1238 310 1324 366 qua
1341 322 1416 353 vos
1430 311 1528 368 opi-

151 375 315 420 namini
327 409 338 429 ,
363 376 618 434 conjunctos
637 391 726 420 esse
740 374 970 435 judicaret.

210 448 300 491 LV.
336 449 429 499 Quo
451 447 547 491 loco
582 448 687 491 mihi
720 447 949 491 auctoritas
984 447 1300 507 interponenda
1329 447 1419 494 visa
1439 459 1502 496 est
1516 485 1529 508 ,

150 525 379 578 propterea
401 518 502 577 quia
525 517 580 561 de
596 532 802 577 pecorum
824 517 982 572 anima,
1003 526 1047 562 et
1062 516 1118 562 de
1135 517 1324 579 quadam
1342 519 1428 565 vita
1445 536 1533 582 qua

152 587 360 633 dicuntur
389 588 561 632 arbores
594 588 736 632 vivere
753 621 764 641 ,
790 602 878 631 non
902 596 1043 646 potest
1063 588 1290 633 vobiscum
1317 590 1535 637 subtiliter

151 658 378 718 disputari.
403 657 487 703 Sed
506 658 713 718 quoniam
732 657 957 717 privilegio
973 658 1163 717 quodam
1176 674 1252 705 vos
1266 662 1465 718 tuemini,
1485 672 1534 708 ut

152 729 209 773 de
231 729 463 788 Scripturis
480 728 667 788 opprimi
683 728 922 788 nequeatis,
942 727 1128 774 dicendo
1146 743 1216 774 eas
1232 745 1323 776 esse
1336 729 1532 779 falsatas:

152 814 407 860 quanquam
424 814 474 843 ea
496 815 595 858 quae
613 798 948 844 commemoravi
971 797 1026 842 de
1047 799 1202 844 arbore
1218 833 1230 855 ‚
1262 809 1306 845 et
1334 800 1390 845 de
1414 817 1542 862 grege

150 884 404 930 porcorum,
428 882 657 927 nunquam
680 883 703 911 a
725 867 1054 927 corruptoribus
1079 868 1266 914 immissa
1287 885 1377 916 esse
1404 870 1537 918 dixis-

151 941 205 985 tis
231 959 239 985 :
261 949 410 985 tamen
432 954 487 983 ne
505 938 828 983 considerantes
845 947 1062 998 quantum
1082 939 1207 985 vobis
1229 940 1533 1000 adversentur,

152 1012 236 1057 hoc
258 1011 381 1068 idem
410 1010 539 1054 etiam
567 1009 622 1053 de
652 1010 717 1053 his
745 1009 980 1069 aliquando
1003 1008 1146 1055 dicere
1166 1010 1334 1068 velitis,
1365 1021 1537 1058 teneam

148 1081 423 1142 propositum
447 1096 612 1136 meum,
638 1089 687 1124 ut
712 1096 734 1124 a
756 1080 900 1136 vobis,
925 1081 1091 1140 magnis
1123 1082 1302 1126 omnino
1320 1082 1537 1142 pollicita-

151 1153 317 1199 toribus
335 1152 513 1197 rationis
531 1161 662 1212 atque
683 1151 893 1207 veritatis,
919 1166 1110 1212 quaeram
1127 1151 1319 1211 primum
1335 1153 1445 1213 quid
1461 1154 1533 1199 ob-

19 1262 28 1269 .
80 1269 90 1280 x
148 1225 203 1269 sit
219 1224 385 1279 arbori,
417 1238 507 1267 non
530 1222 627 1267 dico
649 1223 682 1266 si
709 1237 887 1282 pomum
924 1221 1026 1266 inde
1053 1220 1263 1267 foliumve
1297 1222 1502 1283 decerpas
1521 1259 1534 1281 ,

71 1307 75 1311 ⁴
119 1320 123 1324 ·
148 1295 270 1355 quod
299 1294 477 1355 quidem
511 1293 628 1353 apud
659 1308 760 1349 vos,
797 1294 831 1337 si
856 1294 952 1354 quis
981 1308 1072 1338 non
1104 1293 1397 1353 imprudentia
1415 1329 1427 1351 ,
1463 1297 1538 1341 sed

148 1366 286 1411 sciens
313 1365 485 1420 fecerit,
518 1362 728 1424 signaculi
759 1372 987 1423 corruptor
1015 1364 1106 1408 sine
1137 1363 1227 1409 ulla
1261 1363 1535 1411 dubitatione

149 1435 454 1490 damnabitur,
487 1434 561 1478 sed
595 1435 775 1479 omnino
797 1435 831 1478 si
853 1449 947 1478 eam
969 1434 1178 1480 radicitus
1206 1449 1345 1481 eruas.
1381 1436 1540 1481 Anima

151 1521 342 1566 namque
356 1505 429 1549 illa
445 1519 577 1565 quam
588 1503 841 1548 rationalem
853 1504 991 1548 inesse
1009 1504 1238 1549 arboribus
1251 1505 1540 1563 arbitramini,

151 1578 307 1624 arbore
330 1577 469 1621 excisa
492 1574 670 1621 vinculo
692 1574 889 1630 solvitur,
913 1590 991 1620 vos
1010 1576 1124 1619 enim
1143 1576 1228 1621 hoc
1253 1576 1409 1632 dicitis,
1432 1586 1476 1621 et
1496 1592 1548 1623 eo

149 1649 330 1711 quidem
350 1647 527 1694 vinculo
545 1649 590 1691 in
616 1662 704 1707 quo
727 1661 884 1705 magna
905 1646 1100 1702 miseria,
1130 1645 1251 1690 nulla
1273 1647 1461 1692 utilitate
1480 1656 1547 1693 te—

152 1721 357 1765 nebatur.
369 1721 478 1766 Nam
497 1727 541 1762 et
557 1716 876 1762 revolutionem
890 1717 1077 1761 hominis
1089 1716 1135 1760 in
1156 1717 1374 1773 arborem,
1391 1726 1547 1763 notum

150 1799 215 1835 est
234 1806 328 1845 vos,
344 1790 392 1833 id
405 1798 486 1844 est,
512 1797 732 1833 auctorem
752 1788 894 1846 ipsum
910 1796 1101 1831 vestrum
1117 1802 1194 1846 pro
1207 1787 1373 1845 ingenti
1390 1803 1538 1847 poena,

151 1877 242 1907 non
262 1869 409 1906 tamen
427 1874 506 1919 pro
527 1873 713 1913 summa,
739 1856 876 1902 solere
893 1857 1084 1901 minitari
1112 1875 1120 1902 :
1149 1865 1192 1902 et
1208 1872 1315 1902 num
1336 1866 1478 1917 potest
1494 1860 1539 1904 in

151 1933 307 1978 arbore
328 1931 472 1976 anima
492 1930 607 1984 fieri,
632 1938 680 1973 ut
700 1929 747 1972 in
763 1928 940 1972 homine
957 1927 1191 1987 sapientior
1204 1929 1223 1971 Ρ
1236 1930 1333 1973 Non
1349 1929 1536 1974 necandi

149 2002 336 2049 hominis
353 2000 517 2061 quippe
534 1998 769 2044 certissima
792 1997 900 2042 ratio
921 2006 1000 2052 est,
1024 2013 1080 2041 ne
1097 2006 1172 2042 aut
1188 2012 1289 2042 eum
1312 2013 1440 2044 neces
1457 2015 1534 2045 cu-

145 2076 217 2136 jus
231 2073 438 2133 sapientia
455 2080 497 2116 et
513 2071 648 2116 virtus
667 2069 757 2114 aliis
774 2068 1012 2129 plurimum
1029 2068 1228 2129 prodest,
1248 2077 1325 2114 aut
1341 2084 1442 2115 eum
1459 2073 1536 2132 qui

151 2148 264 2192 forte
283 2153 454 2206 poterat
474 2144 528 2189 ad
548 2142 799 2203 sapientiam
818 2141 1059 2201 pervenire,
1083 2141 1170 2187 sive
1192 2142 1454 2188 extrinsecus
1477 2143 1533 2188 ab

153 2217 299 2278 aliquo
313 2216 576 2271 admonitus,
590 2214 676 2259 sive
689 2212 966 2258 interioribus
980 2212 1310 2272 cogitationibus
1327 2212 1535 2260 divinitus

155 2288 411 2333 illustratus,
430 2288 630 2332 Animam
652 2293 797 2329 autem
813 2283 1000 2329 hominis
1022 2293 1188 2344 quanto
1200 2284 1435 2344 sapientior
1447 2299 1543 2330 cor-

153 2375 259 2420 pore
281 2356 533 2412 excesserit,
569 2365 691 2401 tanto
724 2354 872 2400 utilius
900 2355 1105 2400 excedere
1139 2356 1294 2401 veritas
1321 2355 1474 2412 docet,
1501 2364 1544 2400 et

155 2431 322 2475 ratione
349 2428 653 2483 subtilissima,
692 2436 735 2471 et
766 2427 1022 2471 auctoritate
1060 2425 1264 2470 latissime
1294 2435 1540 2486 pervagata.

157 2500 452 2555 Quamobrem
467 2500 542 2559 qui
557 2498 755 2542 arborem
781 2496 941 2557 dejicit,
968 2496 1155 2540 animam
1175 2494 1284 2540 nihil
1305 2496 1351 2540 in
1370 2496 1542 2556 sapien-

157 2573 216 2619 tia
237 2571 536 2632 proficientem
557 2569 611 2614 de
629 2568 705 2614 illo
727 2583 908 2627 corpore
930 2566 1100 2612 liberat.
1129 2569 1281 2626 Itaque
1300 2581 1376 2613 vos
1395 2567 1542 2613 homi·-²
