1729 3143
231 228 312 264 212
665 232 699 260 s.
735 232 965 258 AUGUSTlru
998 232 1179 259 Erlscopl

225 302 334 361 pisse
351 301 561 345 confiteor
578 317 588 354 3
607 304 652 338 et
672 304 822 338 utrum
841 294 949 338 dum
967 295 1051 339 1100
1071 311 1151 354 ago
1167 330 1178 351 ,
1205 304 1255 339 ut
1269 298 1452 341 efficiam
1468 332 1478 352 ‚
1501 297 1608 340 dum

223 381 326 431 peto
340 406 350 425 ‚
392 369 497 413 dum
530 380 706 426 quaero,
729 364 835 408 dum
856 363 983 423 pulso
999 399 1010 420 ‚
1048 366 1128 409 sim
1148 365 1330 410 fortasse
1352 376 1606 426 accepturus

221 442 375 500 ignoro
397 457 404 482 :
426 438 514 481 scio
531 451 600 479 me
616 444 763 479 tamen
775 449 855 479 nec
870 435 1111 494 petiturum
1126 469 1138 490 ‚
1158 450 1238 479 nec
1255 436 1541 495 quaesiturum
1557 452 1606 480 30

219 510 492 569 pulsaturum
522 514 738 566 quantum
763 513 828 549 sat
850 512 940 559 est,
965 504 1046 548 nisi
1068 513 1111 549 et
1131 505 1252 549 hunc
1274 505 1482 549 affectum
1502 520 1604 549 mu-

217 595 320 623 nere
341 578 501 622 divinae
522 577 814 636 inspirationis
843 590 1066 635 accepero.
1093 578 1145 619 In
1173 576 1257 620 hoc
1279 576 1410 634 igitur
1430 578 1571 635 Opere
1587 611 1600 631 ‚

215 648 338 709 quod
369 658 412 693 te
445 648 724 692 vehementer
756 656 943 706 urgente
973 646 1019 689 in
1051 646 1128 689 Dei
1156 645 1381 690 voluntate
1403 647 1601 704 suscepi,

213 720 352 764 cernis
374 734 443 763 me
465 728 515 764 ut
544 718 591 763 id
612 726 815 778 peragam
838 733 928 762 non
948 726 1038 761 tam
1056 716 1436 761 'crebrescentibus
1457 717 1512 760 ad
1533 731 1604 760 me

212 789 297 833 tuis
320 788 604 848 petitionibus
627 803 717 832 esse
733 787 1009 846 cogendum,
1033 801 1167 846 quam
1184 786 1265 845 piis
1284 785 1339 830 ad
1357 789 1496 829 Deum
1514 801 1604 830 non

209 860 352 904 solum
372 860 458 904 tuis
472 894 484 915 ,
507 874 662 904 verum
681 868 726 903 et
745 858 931 903 aliorum
947 857 1133 902 fratrum
1152 892 1162 912 ‚
1189 871 1300 916 quos
1322 855 1404 901 tibi
1424 856 1470 899 in
1490 856 1603 900 hanc

209 944 301 973 rem
323 929 472 973 fideles
491 929 628 974 socios
649 929 842 988 potueris
859 928 1054 972 invenire
1072 962 1083 981 ‚
1108 926 1376 971 orationibus
1394 925 1462 985 adj
1471 941 1603 970 uvan-

206 998 329 1044 dum.
360 999 490 1052 Quod
511 1008 561 1043 ut
582 1000 685 1053 fiat,
716 999 792 1042 has
823 999 936 1057 ipsas
968 997 1128 1057 primas
1157 997 1287 1056 hujus
1321 994 1480 1039 laboris
1518 995 1603 1038 mei

208 1079 351 1128 partes
368 1104 379 1125 ‚
417 1069 495 1113 ubi
517 1078 581 1113 est
600 1070 681 1112 ista
703 1067 958 1128 praelocutio
976 1103 988 1123 ‚
1023 1067 1172 1112 curavi
1191 1070 1295 1111 Tuae
1317 1066 1528 1110 Charitati
1556 1065 1603 1108 in

204 1138 365 1183 auxilio
388 1139 564 1182 Domini
582 1138 826 1181 aooolerme
849 1137 1084 1182 mittendas
1110 1156 1119 1181 :
1145 1146 1195 1180 ut
1213 1145 1389 1195 propter
1409 1135 1482 1178 illa
1504 1150 1602 1194 quae

202 1217 367 1250 restant
386 1242 396 1257 7
422 1200 629 1248 noveritis
659 1208 879 1258 quantum
910 1218 989 1261 pro
1010 1224 1080 1252 me
1105 1222 1229 1252 orare
1251 1206 1444 1250 debeatis
1458 1240 1468 1260 5
1501 1205 1603 1265 qui-

201 1287 394 1332 cumque
416 1285 541 1315 nosse
559 1269 789 1328 potueritis
808 1304 818 1324 ,
846 1286 869 1313 a
890 1286 960 1315 me
978 1276 1069 1328 jam
1092 1277 1223 1320 fuisso
1244 1284 1493 1330 susceptum
1518 1274 1601 1317 hoc

200 1355 292 1390 tam
317 1339 479 1401 grande
500 1339 729 1398 negotium
748 1374 758 1393 ‚
785 1338 907 1399 quod
929 1354 952 1382 a
974 1354 1044 1382 me
1066 1339 1318 1385 desideratis
1340 1341 1527 1400 impleri.

262 1413 376 1457 Petis
398 1425 527 1468 ergo,
561 1408 707 1468 (quod
737 1418 826 1452 tuae
852 1407 1047 1453 indicant
1079 1409 1234 1454 litterae
1252 1445 1262 1465 ,
1300 1426 1407 1470 quas
1442 1410 1497 1455 ad
1529 1427 1599 1456 me

201 1482 389 1536 dedisti,
422 1495 524 1524 cum
555 1478 747 1538 primum
778 1495 802 1522 a
827 1494 896 1522 me
922 1488 1070 1538 petere
1098 1479 1179 1524 ista
1203 1480 1374 1539 coepisti
1390 1486 1430 1537 ‚)
1454 1490 1503 1525 ut
1526 1497 1600 1526 ex·-

199 1567 360 1615 ponam
398 1571 419 1593 «
444 1551 639 1594 Breviter
657 1585 668 1605 ‚
695 1550 921 1609 perstricte
955 1559 1086 1610 atque
1117 1552 1393 1607 summatim,
1426 1568 1476 1596 ex
1507 1569 1596 1613 quo

204 1644 224 1667 »
248 1623 483 1667 christiana
505 1621 655 1679 religio
677 1621 941 1665 haereditatis
964 1622 1184 1679 promissae
1207 1637 1367 1666 nomen
1397 1624 1562 1683 accepit
1579 1658 1591 1679 ‚

202 1714 222 1736 »
250 1709 349 1754 quae
372 1694 555 1737 haereses
573 1691 737 1735 fuerint
757 1726 767 1745 ‚
794 1692 879 1735 sint
901 1712 912 1748 3
937 1707 1047 1750 quos
1066 1708 1231 1737 errores
1249 1693 1477 1738 intulerint
1497 1729 1508 1748 ‚
1531 1695 1597 1738 in-

202 1784 222 1807 »
250 1765 421 1821 1013013
446 1762 553 1823 quid
577 1761 781 1806 adversus
811 1761 1071 1807 catholicam
1094 1764 1334 1808 Ecclesiam
1353 1766 1563 1810 senserint
1579 1801 1591 1822 ‚

201 1854 222 1877 »
248 1835 435 1879 sentiant
452 1869 463 1889 ‚
489 1832 544 1877 de
562 1833 649 1876 fide
664 1868 675 1888 ‚
702 1832 756 1876 de
777 1832 985 1877 Trinitate
1001 1868 1012 1888 ‚
1034 1834 1088 1876 de
1106 1833 1322 1892 baptismo
1342 1869 1353 1889 ‚
1379 1835 1434 1878 de
1451 1836 1595 1893 poeni-

202 1926 222 1949 »
249 1907 386 1951 tentia
401 1941 412 1960 ,
438 1904 492 1948 (10
522 1905 699 1949 homine
723 1905 895 1948 Christo
911 1939 922 1958 ,
948 1903 1002 1947 de
1034 1907 1124 1948 Deo
1147 1905 1319 1949 Christo
1335 1940 1345 1959 ,
1372 1905 1426 1949 de
1449 1921 1592 1950 resur-

199 1997 220 2019 »
250 1977 440 2022 rectione
454 2012 469 2031 ,
493 1974 546 2019 (10
566 1978 689 2021 Novo
708 1984 751 2019 et
768 1978 924 2018 Vetere
945 1977 1236 2020 Testamento.
1269 1996 1286 2017 »
1315 1979 1421 2019 Istas
1443 1985 1592 2020 autem

197 2048 501 2109 inquisitiones
526 2055 620 2091 tuas
650 2046 696 2089 in
724 2046 986 2090 immensum
1008 2046 1244 2105 procedere
1266 2061 1367 2090 cum
1389 2046 1557 2092 videres
1577 2083 1588 2103 ‚

197 2119 358 2179 putasti
383 2118 611 2177 cujusdam
636 2116 928 2174 generalitatis
946 2116 1249 2161 adhibendum
1271 2133 1361 2162 esse
1382 2133 1591 2176 compen·

198 2190 320 2235 dium
345 2199 477 2249 atque
506 2188 649 2232 dixisti
676 2207 684 2231 :
714 2206 734 2228 «
758 2190 816 2230 Et
836 2188 982 2230 omnia
1005 2187 1184 2231 omnino
1205 2222 1216 2241 ‚
1248 2188 1410 2245 quibus
1433 2204 1455 2231 3
1478 2189 1590 2232 veri-

199 2280 219 2303 »
246 2270 334 2306 tate
352 2259 628 2305 dissentiunt.
662 2278 679 2299 »
707 2255 873 2301 Deinde
896 2254 1099 2300 addidisti
1120 2275 1128 2300 :
1160 2275 1179 2298 «
1205 2260 1309 2309 Quae
1332 2257 1462 2301 etiam
1480 2258 1590 2318 bap-

201 2349 222 2372 »
247 2333 424 2376 tisinum
452 2330 675 2382 habeant,
713 2342 865 2387 quaeve
903 2341 993 2371 non
1030 2327 1249 2383 habeant3
1282 2336 1325 2370 et
1351 2337 1449 2386 post
1481 2344 1588 2388 quas

202 2419 221 2441 »
246 2401 434 2460 baptizet
454 2436 464 2456 ,
497 2415 577 2446 nec
599 2408 745 2443 tamen
773 2398 1013 2457 rebaptizet
1034 2397 1224 2441 Ecclesia
1247 2416 1255 2441 :
1282 2397 1469 2456 qualiter
1490 2413 1587 2442 sus-

201 2490 221 2513 »
249 2471 377 2529 cipiat
407 2471 661 2526 venientes3
698 2477 742 2513 et
777 2467 884 2528 qnid
921 2467 1099 2525 singulis
1132 2466 1228 2525 lege
1249 2502 1260 2522 ,
1297 2469 1579 2524 auctoritate,

200 2560 222 2584 >2
250 2550 378 2602 atque
412 2542 577 2585 ratione
615 2539 890 2597 respondeat.
919 2556 939 2579 »
967 2540 1070 2582 Haec
1106 2538 1252 2583 omnia
1287 2554 1388 2583 cum
1427 2540 1584 2599 quaeris
