1729 3143
235 181 318 219 242
657 192 690 218 s.
727 191 959 218 Aucus'nm
991 191 1173 220 nmscori

223 272 314 301 non
335 255 474 301 facere
497 255 637 311 mala3
662 263 814 299 contra
835 253 947 299 illud
972 255 1093 315 quod
1115 257 1330 315 scriptum
1346 267 1416 303 est
1441 277 1449 303 ε
1477 277 1498 302 κ
1522 262 1616 317 Ego

223 344 244 368 »
270 329 385 371 Deus
407 339 555 369 creans
577 322 691 367 mala
717 325 748 369 ¹.
775 341 797 365 »

278 397 433 439 LXVI.
460 393 698 438 Floriniani
719 410 743 439 a
766 392 948 440 Florino
972 431 982 450 ‚
1018 397 1094 455 qui
1129 411 1153 440 e
1191 398 1410 442 contrario
1441 397 1618 444 dicebat

217 467 357 509 Deum
377 477 543 508 creasse
563 462 678 509 mala
700 483 709 509 2
734 473 886 510 contra
906 464 954 509 id
975 465 1096 525 quod
1116 465 1328 525 scriptum
1349 475 1415 511 est
1441 485 1450 511 ε
1480 485 1502 509 «
1524 469 1615 511 Fe·-

217 551 238 574 »
262 534 322 577 cit
344 536 458 578 Deus
492 531 637 579 omnia
654 569 666 591 ,
695 543 738 579 et
773 549 872 580 ecce
905 535 1020 580 bona
1049 535 1176 581 valde
1204 538 1248 595 2²·
1278 553 1298 578 »
1334 539 1398 581 Ac
1423 551 1502 596 per
1533 536 1619 582 hoc

211 604 410 664 quamvis
431 606 648 650 contraria
668 605 784 650 inter
805 621 850 650 se
871 605 1068 651 dicentes
1086 641 1097 662 ,
1129 615 1282 652 tamen
1304 607 1435 652 ambo
1457 607 1618 652 divinis

212 674 408 735 Eloquiis
429 675 702 720 resistebant.
721 677 852 722 Creat
865 677 985 721 enim
999 680 1116 721 Deus
1137 676 1250 721 mala
1262 712 1274 733 ‚
1305 692 1460 736 poenas
1473 677 1619 737 justis-

212 746 340 791 simas
362 746 595 805 irrogando
610 781 621 803 ‚
647 746 770 808 quod
785 747 1004 793 Coluthus
1022 763 1113 793 non
1126 748 1308 793 videbat
1328 767 1338 793 ε
1361 764 1454 794 non
1467 757 1618 794 autem

211 817 344 862 malas
375 817 565 863 creando
604 826 781 863 naturas
816 827 949 878 atque
982 818 1277 875 substantias,
1312 819 1359 863 in
1397 827 1615 879 quantum

214 897 319 934 sunt
334 897 503 933 naturae
516 898 649 949 atque
669 889 925 933 substantiae
945 923 958 944 ‚
982 889 1060 933 ubi
1084 888 1287 934 Florinus
1305 890 1491 934 errabat.

271 961 453 1004 LXVII.
477 959 690 1003 Haeresim
706 958 946 1019 quamdam
967 960 1061 1003 sine
1079 968 1257 1004 auctore
1274 968 1318 1003 et
1330 960 1423 1004 sine
1440 960 1618 1004 nomine

214 1029 426 1074 Philaster
447 1038 790 1085 commemorat,
816 1046 917 1089 quae
945 1029 1053 1074 dicit
1085 1031 1205 1075 hunc
1241 1029 1459 1074 mundum
1485 1031 1617 1075 etiam

214 1109 311 1157 post
339 1100 704 1144 resurrectionem
737 1109 1017 1144 mortuorum
1044 1100 1091 1144 in
1115 1100 1272 1145 eodem
1302 1109 1419 1144 statu
1444 1100 1491 1144 in
1524 1115 1618 1160 quo

212 1185 332 1213 nunc
354 1179 419 1213 est
447 1183 536 1211 esse
566 1181 824 1210 mansurum
839 1201 850 1221 ‚
877 1183 1021 1227 neque
1042 1172 1102 1215 ita
1124 1185 1214 1215 esse
1235 1170 1500 1214 mutandum
1519 1204 1531 1225 ,
1562 1180 1614 1215 ut

214 1240 269 1283 sit
289 1238 456 1282 coelum
484 1251 650 1281 novum
680 1245 724 1280 et
756 1244 872 1280 terra
891 1253 1035 1295 nova,
1063 1241 1174 1286 sicut
1208 1249 1356 1286 sancta
1395 1240 1617 1298 Scriptura

221 1308 442 1369 promittit
461 1308 496 1352 ³.

275 1379 481 1422 LXVIII.
507 1378 584 1421 Est
606 1376 690 1420 alia
710 1376 887 1420 haeresis
908 1375 1039 1420 nudis
1061 1376 1246 1434 pedibus
1267 1392 1438 1436 semper
1457 1378 1617 1423 ambu-

218 1448 407 1492 lantium
424 1481 435 1499 ‚
472 1461 523 1490 eo
546 1444 666 1505 quod
700 1446 910 1489 Dominus
939 1444 1094 1489 dixerit
1122 1448 1177 1490 ad
1210 1450 1396 1504 Moysen
1416 1482 1427 1502 ,
1463 1448 1533 1492 vel
1561 1448 1618 1492 ad

217 1521 350 1563 Josue
374 1538 386 1569 ς
414 1535 432 1557 «
452 1517 580 1562 Solve
592 1515 938 1561 calceamentum
957 1515 1012 1560 de
1029 1516 1216 1575 pedibus
1233 1518 1354 1561 tuis4.
1379 1536 1398 1559 »
1421 1521 1478 1562 Et
1495 1518 1618 1578 quod

220 1588 433 1647 propheta
461 1589 594 1631 Isa'l'as
622 1587 753 1631 nudis
780 1585 970 1645 pedibus
992 1586 1136 1645 jussus
1166 1586 1299 1630 fuerit
1332 1587 1558 1632 ambulare
1580 1590 1612 1631 ⁵.

224 1657 329 1702 Ideo
351 1672 455 1716 ergo
482 1656 656 1700 haeresis
679 1665 742 1700 est
767 1691 778 1711 ,
815 1657 918 1716 quia
940 1671 1031 1700 non
1061 1666 1239 1715 propter
1261 1658 1453 1716 corporis
1475 1659 1614 1702 afflic-

220 1729 384 1772 tionem
411 1728 473 1771 sic
495 1726 750 1782 ambulant,
775 1727 851 1770 sed
872 1726 976 1785 quia
1008 1727 1254 1772 testimonia
1288 1728 1436 1773 divina
1472 1728 1617 1774 taliter

224 1798 496 1856 intelligunt.

278 1870 437 1912 LXIX.
478 1868 710 1912 Donatiani
744 1866 816 1911 vel
852 1867 1088 1911 Donatistae
1122 1877 1225 1911 sunt
1244 1902 1255 1921 ‚
1310 1869 1387 1927 qui
1427 1870 1616 1926 primum

218 1948 395 1998 propter
416 1938 669 1984 ordinatum
691 1946 846 1982 contra
875 1952 998 1981 suam
1030 1936 1303 1981 voluntatem
1331 1938 1616 1983 Caecilianum

217 2008 424 2055 Ecclesiae
461 2009 815 2068 Carthaginensis
853 2009 1106 2067 episcopum
1146 2007 1332 2051 schisma
1375 2006 1577 2053 fecerunt
1603 2029 1614 2054 ι

219 2080 472 2139 objicientes
501 2080 540 2123 ei
575 2079 754 2123 crimina
785 2094 875 2122 non
913 2078 1096 2136 probata
1116 2111 1127 2131 ,
1166 2086 1210 2121 et
1232 2078 1416 2121 maxime
1442 2079 1563 2138 quod
1592 2095 1617 2124 a

220 2150 503 2195 traditoribus
515 2150 767 2194 divinarum
787 2149 1108 2207 Scripturarum
1122 2147 1256 2192 fuerit
1272 2147 1512 2192 ordinatus.
1531 2149 1616 2194 Sed

221 2231 317 2280 post
333 2236 508 2266 causam
526 2235 627 2265 cum
644 2235 696 2264 eo
715 2219 877 2263 dictam
896 2228 1027 2277 atque
1044 2218 1214 2262 finitam
1232 2217 1430 2262 falsitatis
1450 2219 1511 2262 rei
1532 2219 1612 2262 de-

225 2293 425 2349 prehensi
449 2327 460 2347 ,
502 2290 712 2350 pertinaci
756 2289 1021 2333 dissensione
1072 2290 1240 2331 firmata
1267 2322 1278 2340 ,
1330 2288 1373 2330 in
1416 2289 1616 2332 haeresim

230 2363 410 2406 schisma
431 2370 659 2407 verterunt
684 2379 692 2403 :
718 2369 928 2419 tanquam
948 2359 1140 2403 Ecclesia
1161 2357 1320 2402 Christi
1341 2367 1519 2417 propter
1539 2359 1616 2402 cri-

278 2468 284 2483 ¹
306 2463 376 2493 lsai,
397 2473 469 2500 xiv,
492 2473 521 2503 7.
544 2479 584 2484 —-
605 2469 616 2484 ²
643 2464 723 2494 Gen.
744 2472 768 2498 1,
799 2457 1105 2500 31.-31sai.v1‚
1128 2469 1188 2499 17,
1212 2470 1224 2490 1
1251 2462 1338 2492 Petr.
1357 2470 1408 2501 m,
1435 2459 1493 2502 13,
1512 2463 1612 2502 Apoc.

227 2527 291 2556 xxi,
316 2527 343 2548 1.
363 2533 405 2539 —
419 2515 435 2545 4
458 2518 555 2548 Exod.
579 2528 625 2557 ιιι,
651 2516 682 2556 5,
704 2519 737 2547 et
753 2516 863 2556 Josu&‚
880 2526 913 2555 v,
941 2515 991 2548 15.
1007 2531 1048 2538 —
1062 2511 1167 2547 ⁵1sai.
1186 2524 1238 2555 πως,
1259 2524 1290 2547 2.
