1729 3143
281 191 364 231 166
709 198 744 227 S.
779 197 1011 229 Auevsnm
1041 200 1224 230 Emscom

274 268 368 313 lent
395 267 454 311 ob
481 264 731 324 iniquitates
762 279 862 323 quae
889 266 1038 310 fiunt
1027 281 1073 310 m
1094 266 1238 311 medio
1260 280 1436 324 eorum,
1464 266 1689 313 volentes:

273 337 493 389 resistere,
529 333 606 378 sed
637 333 791 379 timore
821 335 1094 381 saecularium
1122 352 1268 382 rerum
1299 353 1391 382 non
1412 339 1623 383 audentes
1642 373 1654 394 ‚
1686 330 1690 344 ⁶

272 423 378 469 quas
400 406 543 449 adhuc
564 404 636 449 vel
655 405 834 465 adipisci
855 405 1072 452 desiderat
1092 409 1286 453 humana
1317 408 1527 467 fragilitas
1544 444 1555 464 ,
1589 409 1660 455 vel
1687 401 1691 458 ἶ

273 477 468 521 amittere
489 474 697 520 formidat
718 475 962 521 infirmitas.
993 478 1245 523 Secundum
1267 477 1314 522 id
1335 478 1456 537 quod
1483 478 1658 534 dolent,
1688 477 1691 518 ἱ

270 561 361 590 non
382 559 531 590 omnes
558 565 567 590 ε
593 545 835 591 secundum
852 547 974 608 quod
995 564 1086 593 rem
1103 564 1194 593 non
1215 549 1456 594 timendam
1477 549 1656 593 timent:
1690 577 1693 626 i

271 635 293 658 «
324 616 484 660 Omnes
505 615 836 663 declinaverunt
852 652 864 673 ,
888 619 1018 662 simul
1036 620 1212 664 inutiles
1240 619 1345 664 facti
1367 628 1491 677 sunt3
1513 637 1534 660 »
1560 619 1662 680 quia
1690 630 1693 661 i

267 685 366 746 plus
394 687 633 732 aestimatur
655 689 785 732 timor
814 688 1024 744 hominis,
1049 705 1183 749 quam
1206 690 1335 734 timor
1356 691 1456 740 Dei,
1481 699 1525 734 et
1547 705 1662 748 prae-
1690 718 1694 743 ι

268 755 418 801 ferunt
436 757 633 802 homines
655 773 721 802 res
740 773 848 818 quas
866 768 1130 817 acceperunt
1147 775 1170 802 a
1187 759 1307 803 Deo
1296 759 1377 817 ipsi
1392 762 1497 803 Deo.
1518 761 1581 804 Ne
1593 774 1664 803 eas
1691 752 1694 811 1

267 826 394 871 tollat
415 827 554 872 malus
575 828 724 885 homo,
749 829 1046 875 contemnitur
1068 832 1183 874 Deus
1197 844 1275 889 per
1289 844 1422 889 quem
1442 828 1583 874 factus
1600 838 1664 873 est
1692 850 1694 854 ·

268 896 419 941 homo.
440 897 608 941 Vellem
629 913 704 943 vos
727 898 905 958 quidem
923 899 1000 959 qui
1017 899 1162 943 adhuc
1184 898 1291 942 tales
1308 898 1432 953 estis,
1458 907 1503 942 et
1516 913 1663 943 amore

266 981 414 1009 rerum
435 967 710 1011 saecularium
731 967 910 1025 obligati
933 968 1215 1026 peccantibus
1243 975 1322 1010 aut
1351 967 1525 1025 parcitis
1541 1001 1552 1021 ‚
1587 976 1666 1011 aut

267 1035 442 1086 favetis,
467 1035 625 1074 vellem
649 1043 722 1073 vos
744 1031 924 1089 quidem
948 1029 1168 1089 aliquibus
1191 1032 1566 1079 exhortationibus
1585 1035 1666 1080 ad—

266 1115 445 1147 monere
459 1135 471 1154 ‚
496 1100 607 1158 quid
620 1100 691 1143 cui
704 1099 765 1142 rei
787 1114 1043 1158 praeponere
1058 1099 1254 1145 debeatis
1275 1120 1283 1145 :
1309 1102 1392 1145 nisi
1405 1118 1484 1147 nos
1505 1105 1665 1149 fluvius

268 1173 560 1229 lacrymarum
583 1168 865 1228 compelleret
882 1168 1090 1228 plangere
1108 1185 1180 1214 eos
1198 1172 1274 1231 qui
1292 1182 1496 1231 peccant,
1524 1183 1568 1218 et
1584 1190 1665 1220 no-

268 1243 368 1286 lunt
386 1255 514 1299 agere
535 1239 856 1298 poenitentiam.
884 1240 927 1284 Si
948 1249 1059 1284 esset
1080 1241 1125 1283 in
1144 1241 1270 1285 nobis
1293 1243 1511 1287 humanus
1533 1244 1668 1289 affec-

269 1320 362 1366 tus,
392 1311 426 1354 si
448 1319 559 1354 esset
582 1309 891 1369 compassionis
913 1324 1062 1354 sensus
1079 1345 1090 1365 ‚
1116 1311 1247 1355 unius
1269 1313 1459 1357 hominis
1480 1323 1666 1359 mortem

270 1381 401 1435 flere,
433 1379 581 1425 dolere
614 1394 663 1424 ac
695 1379 901 1439 plangere
924 1378 1185 1426 deberemus
1209 1401 1219 1428 ;
1246 1383 1406 1443 quibus
1433 1384 1636 1443 lacrymis
1652 1421 1663 1441 ‚

269 1467 360 1512 quo
390 1451 577 1510 gemitu,
604 1450 766 1510 quibus
788 1450 1038 1511 planctibus
1061 1454 1333 1512 exagitamur
1349 1489 1362 1509 ‚
1391 1455 1568 1515 quando
1590 1466 1667 1501 aut

271 1522 504 1567 maximam
530 1530 699 1581 partem
716 1555 727 1577 ‚
754 1530 830 1565 aut
851 1537 964 1580 pene
991 1531 1128 1567 totam
1151 1523 1398 1583 plangimus
1418 1526 1667 1570 civitatem?

272 1595 404 1650 AEger
427 1601 489 1635 est
517 1592 674 1636 charus
689 1626 700 1647 ‚
734 1600 777 1636 et
799 1607 910 1636 vena
938 1593 1031 1652 ejus
1052 1592 1216 1638 malum
1238 1596 1461 1639 renuntiat
1480 1617 1492 1654 3
1517 1611 1667 1641 omnes

273 1663 351 1724 qui
372 1677 473 1706 eum
492 1660 698 1721 diligunt,
717 1670 933 1720 aegrotant
950 1663 1082 1706 simul
1098 1666 1259 1710 animo.
1282 1666 1324 1710 Si
1344 1681 1443 1710 eum
1458 1676 1502 1711 et
1518 1667 1564 1710 in
1575 1667 1667 1726 ipsa

272 1734 416 1779 vicina
438 1741 579 1776 morte
603 1731 743 1778 ridere
769 1731 984 1787 viderint,
1021 1733 1394 1793 quemadmodum
1422 1736 1477 1780 ab
1499 1752 1551 1780 eo
1573 1751 1668 1781 om-

274 1821 375 1849 nem
399 1819 519 1864 spem
540 1803 691 1848 salutis
712 1803 901 1848 ablatam
923 1805 1132 1860 sentiunt,
1150 1821 1340 1865 eumque
1356 1805 1500 1851 adhuc
1516 1808 1666 1851 vivum

277 1885 485 1935 tanquam
511 1882 735 1918 mortuum
758 1873 915 1918 merito
934 1873 1182 1933 plangunt?
1204 1878 1324 1920 Inter
1342 1885 1482 1920 tantas
1504 1892 1667 1935 angus-

274 1946 354 1992 tias
376 1954 419 1989 et
440 1945 486 1989 in
508 1945 602 2005 ipso
624 1945 712 1989 fine
737 1960 881 1989 rerum
906 1946 1046 2004 posita
1066 1955 1130 1991 est
1152 1947 1354 1991 universa
1370 1948 1608 2007 provincia,
1624 1957 1668 1993 et

277 2015 474 2078 quotidie
485 2014 821 2077 frequentantur
835 2016 1079 2076 spectacula
1100 2038 1107 2062 :
1127 2019 1297 2076 sanguis
1310 2019 1540 2064 hominum
1557 2034 1667 2079 quo-

276 2087 383 2132 tidie
403 2085 606 2130 funditur
627 2087 674 2129 in
694 2085 883 2141 mundo,
910 2095 953 2130 et
974 2088 1285 2132 insanientium
1306 2103 1435 2133 voces
1452 2090 1667 2148 crepitant

277 2159 324 2202 in
345 2158 461 2202 circo
483 2176 491 2202 ε
515 2158 552 2200 Ο
579 2155 779 2216 planctus
802 2157 921 2200 omni
943 2157 1113 2202 tristitia
1145 2159 1388 2218 acceptior!
1416 2174 1441 2203 o
1464 2158 1666 2217 planctus

278 2228 397 2273 omni
415 2227 621 2272 moestitia
643 2227 835 2284 affligens
849 2243 922 2272 cor
943 2228 952 2271 1
974 2227 1100 2272 Libet
1117 2228 1235 2272 flere.
1259 2227 1510 2287 Plangimus
1529 2228 1663 2283 enim,

281 2297 565 2352 dsseetissimi,
602 2306 645 2341 et
665 2296 761 2341 illos
784 2306 826 2340 et
847 2313 945 2352 nos,
971 2299 1073 2358 quia
1100 2307 1143 2342 ct
1169 2313 1247 2342 nos
1268 2297 1389 2355 digni
1416 2313 1566 2342 sumus
1590 2298 1666 2358 qui

279 2383 379 2411 cum
395 2368 555 2412 talibus
574 2367 728 2412 merito
744 2366 1027 2424 flagellemur.
1051 2371 1136 2413 Nos
1151 2369 1282 2422 enirn,
1303 2383 1402 2412 cum
1421 2366 1524 2412 alios
1543 2383 1668 2412 accu-

281 2440 473 2481 samusl:
500 2453 650 2481 omnes
672 2437 783 2480 decli
777 2438 962 2480 navimi
969 2453 1008 2491 s,
1035 2436 1162 2481 simul
1182 2438 1355 2481 inutiles
1375 2436 1476 2517 facti
1498 2453 1662 2490 sumus,

332 2529 471 2558 1Γιιψιι
492 2526 703 2565 ιιιιΙΙιγιι,Ιιι)ι
726 2537 778 2557 ιι(
798 2538 893 2557 emus
918 2538 983 2557 mus

1702 27 1705 46 1
