1729 3143
262 232 314 268 5-2
669 237 702 264 5.
738 236 970 263 Aucusnm
1002 237 1184 265 EPISCOPI

260 325 280 347 »
306 305 544 364 disciplinae
566 301 743 358 effugiet
763 301 914 344 fictum
931 335 942 356 ‚
979 310 1022 344 et
1052 301 1220 345 auferet
1241 316 1284 345 se
1315 318 1338 345 a
1366 302 1641 361 cogitationi-

258 395 278 417 »
302 376 384 419 bus
417 390 515 433 quae
552 379 652 415 sunt
681 370 773 413 sine
794 370 1021 415 intellectu
1038 374 1070 416 1.
1098 390 1118 413 »
1145 371 1260 416 Audi
1297 372 1387 416 sine
1417 373 1642 417 intellectu

251 444 447 488 deserere
469 440 691 484 hominem
716 439 924 497 Spiritum
954 450 1167 485 sanctum.
1194 441 1382 494 Quando
1415 442 1494 485 ista
1525 443 1641 485 idem

250 516 340 573 ipse
365 511 545 570 Spiritus
575 518 749 553 sanctus
771 524 848 568 per
869 511 1133 569 Prophetam
1153 511 1326 555 dicebat
1348 546 1359 566 ‚
1387 527 1460 555 vos
1481 512 1641 570 praevi—

250 583 396 626 debat.
420 583 532 624 Ecce
548 580 637 640 jam
660 579 734 623 illa
754 579 1052 639 inseparabilis
1076 582 1260 626 Trinitas
1295 582 1553 626 testimoniis
1575 581 1644 625 di·-

251 652 450 696 vinarum
473 650 794 709 Scripturarum
815 650 1140 695 demonstratur
1161 651 1282 712 quod
1297 651 1426 696 simul
1443 651 1614 696 habitet
1627 686 1639 706 ,

250 720 380 765 simul
407 729 558 779 regnet
573 755 583 775 ‚
609 719 739 764 simul
765 719 983 778 possideat
998 754 1010 776 ‚
1035 720 1165 764 simul
1185 721 1356 765 deserat
1376 740 1385 765 ε
1410 736 1545 780 quam
1565 735 1642 765 vos

249 791 397 835 Ariani
427 789 669 850 separando
691 799 734 834 et
755 805 832 850 per
856 789 1045 835 diversos
1067 791 1226 850 gradus
1254 792 1367 836 Filio
1390 800 1434 835 et
1465 791 1642 850 Spiritui

247 869 396 904 sancto
417 860 595 919 injurias
616 859 875 919 irrogando,
900 875 991 904 non
1025 861 1072 903 in
1093 861 1216 904 vobis
1244 860 1443 904 habitare
1471 860 1638 904 sinitis:

245 930 453 989 quoniam
468 939 511 974 et
529 933 643 974 Deus
661 933 788 974 Pater
810 928 952 974 aufert
972 945 1015 973 se
1035 945 1059 973 a
1078 929 1416 988 cogitationibus
1430 929 1642 988 perversis

246 1014 346 1058 quae
367 1008 469 1044 sunt
488 999 535 1043 in
555 999 681 1043 vobis
705 1015 715 1041 ι
747 1008 792 1042 et
812 999 859 1042 in
880 999 1140 1043 malevolam
1166 999 1355 1042 animam
1377 1014 1466 1043 non
1488 999 1644 1043 introi-

246 1069 311 1112 bit
332 1069 565 1127 sapientia,
591 1069 694 1127 quia
722 1083 800 1127 per
826 1077 981 1112 vestrae
1007 1069 1164 1111 animae
1191 1067 1402 1111 malitiam
1432 1069 1542 1112 sicut
1565 1068 1642 1112 Fi·
1710 1116 1711 1123 χ

245 1138 353 1182 lium
374 1154 398 1181 a
420 1142 573 1192 Patre,
597 1138 657 1181 ita
681 1152 855 1195 gregem
885 1138 1091 1196 separatis
1114 1153 1137 1180 a
1166 1152 1337 1181 summo
1361 1146 1533 1196 pastore
1563 1157 1572 1182 2
1599 1147 1643 1182 et
1710 1160 1711 1186 ÷

247 1207 432 1266 Spiritus
454 1215 628 1250 sanctus
646 1206 830 1264 effugiet
847 1207 999 1249 fictum
1016 1241 1026 1261 ‚
1051 1205 1097 1250 id
1114 1215 1178 1250 est
1193 1241 1203 1260 ‚
1229 1207 1453 1250 fictionem
1469 1222 1643 1266 perver-
1708 1195 1711 1203 ¹

247 1292 304 1321 sae
329 1285 481 1320 vestrae
503 1276 714 1320 doctrinae
729 1309 740 1330 ,
765 1275 812 1318 in
834 1291 921 1335 qua
951 1275 1300 1320 demonstratum
1330 1286 1419 1331 est,
1451 1292 1533 1321 nec
1556 1280 1641 1321 Pa·
1706 1332 1709 1339 Ι

247 1355 359 1390 trem
374 1380 386 1401 ,
411 1361 493 1390 nec
517 1345 679 1389 Filium
695 1380 706 1399 ,
731 1360 876 1403 neque
899 1359 1073 1388 manere
1097 1346 1305 1403 Spiritum
1322 1356 1538 1391 sanctum.

306 1420 363 1461 X.
390 1415 607 1468 Quoniam
625 1415 758 1472 igitur
774 1414 829 1458 de
848 1415 1016 1458 unitate
1034 1417 1175 1472 agitur
1199 1417 1417 1460 Trinitatis
1440 1419 1576 1461 Patris
1598 1427 1642 1462 et

249 1487 347 1531 Filii
367 1494 410 1528 et
439 1484 623 1544 Spiritus
644 1484 783 1528 sancti
800 1518 811 1538 ,
834 1499 968 1542 quam
989 1485 1204 1528 unitatem
1226 1501 1316 1529 non
1342 1485 1552 1530 audemus
1569 1488 1639 1531 di·
1704 1473 1706 1483 ,

250 1571 346 1602 cere
363 1564 449 1599 tres
466 1553 569 1598 deos
585 1589 595 1609 ‚
616 1569 697 1598 nee
710 1562 795 1598 tres
810 1554 1132 1613 omnipotentes
1149 1589 1160 1610 ,
1181 1570 1261 1598 nec
1277 1564 1363 1598 tres
1382 1556 1634 1601 invisibiles:

250 1641 330 1671 nec
347 1635 432 1670 tres
447 1624 711 1668 immortales
729 1658 740 1677 ‚
769 1623 844 1667 sed
860 1638 998 1666 unum
1017 1627 1156 1667 Deum
1172 1658 1182 1678 ‚
1208 1623 1262 1667 de
1277 1640 1366 1683 quo
1385 1626 1488 1670 dicit
1505 1629 1640 1685 Apos-

251 1696 365 1741 tolus
386 1715 394 1739 ;
424 1713 444 1736 «
467 1693 732 1748 Immortali,
756 1693 978 1747 invisibili,
1000 1694 1323 1752 incorruptibili
1344 1695 1423 1739 soli
1446 1699 1536 1741 Deo
1557 1697 1638 1741 ho-

254 1787 275 1810 »
301 1782 381 1811 nor
403 1776 446 1809 et
468 1765 603 1824 gloria
620 1768 633 1791 1
662 1785 670 1809 :
699 1782 719 1806 »
744 1779 834 1809 non
857 1779 961 1823 ergo
987 1765 1113 1808 nobis
1134 1765 1233 1823 ipsis
1264 1766 1478 1824 fingamus
1501 1768 1639 1812 Patris

252 1847 295 1882 et
319 1836 418 1881 Filii
446 1844 489 1880 et
522 1835 704 1894 Spiritus
725 1834 861 1878 sancti
883 1833 1070 1878 diversas
1089 1833 1320 1892 dignitates
1336 1870 1346 1890 ,
1377 1836 1637 1895 separabiles

253 1916 295 1952 et
317 1905 554 1965 inaequales
572 1913 720 1949 aetates
738 1939 748 1959 ,
774 1903 1001 1962 ampliores
1023 1912 1066 1947 et
1084 1904 1274 1948 infirmas
1292 1914 1526 1963 potestates
1549 1926 1558 1951 :
1582 1922 1636 1950 ne

252 1977 373 2037 quod
403 1978 492 2036 ipse
526 1976 736 2020 Dominus
759 1973 954 2019 Salvator
985 1983 1130 2019 noster
1161 1975 1321 2019 virtute
1341 1990 1389 2018 ac
1413 1977 1636 2034 majestate

252 2064 328 2092 sua
350 2047 466 2092 idola
488 2046 721 2090 eradicavit
742 2054 785 2088 et
808 2045 971 2104 templa
990 2080 1001 2100 ,
1026 2060 1172 2088 rursus
1194 2045 1240 2088 in
1263 2045 1468 2089 cordibus
1486 2046 1637 2090 Chris·-
1692 2104 1694 2107 .

252 2120 470 2163 tianorum
503 2116 702 2161 diabolus
731 2115 915 2160 fabricet
939 2114 1069 2159 idola.
1102 2115 1229 2159 Fides
1255 2115 1403 2175 itaque
1425 2115 1637 2159 catholica

252 2190 347 2233 haec
368 2198 456 2243 θεῖ,
493 2187 848 2245 Omnipotentem
869 2220 880 2240 ‚
912 2185 1200 2229 immortalem
1221 2219 1232 2240 ,
1274 2194 1404 2244 atque
1437 2185 1636 2229 invisibi-

251 2259 337 2302 lem
360 2257 536 2302 credere
557 2260 696 2300 Deum
719 2259 891 2300 Patrem
912 2274 922 2300 :
946 2255 1316 2314 omnipotentem,
1345 2254 1635 2298 immortalem

255 2338 384 2387 atque
412 2326 669 2372 invisibilem
702 2325 876 2370 credere
899 2328 1038 2369 Deum
1058 2325 1243 2375 Filium,
1268 2323 1507 2367 secundum
1530 2322 1638 2367 divi-

255 2414 355 2442 nam
374 2399 639 2443 nativitatem
659 2419 669 2454 3
693 2395 905 2441 visibilem
929 2406 1072 2440 autem
1091 2431 1102 2450 ,
1126 2393 1374 2449 mortalem,
1408 2395 1635 2437 minorem·
1686 2429 1688 2437 .

255 2483 339 2527 que
363 2468 536 2524 Angelis
557 2468 722 2512 factum
752 2465 990 2510 secundum
1020 2474 1259 2522 susceptam
1291 2464 1630 2527 humanitatem:
1686 2502 1687 2506 ,

304 2559 310 2573 ¹
335 2554 407 2592 ἓῖηη
424 2563 444 2592 i,
468 2552 497 2583 Β,
