1729 3143
386 160 439 187 DE
471 159 624 188 ummo
654 156 868 196 Alm‘rmo,
903 158 986 185 Lm.
1022 158 1086 183 111.
1344 145 1428 185 355

52 227 243 287 pabilem
276 240 364 270 esse
404 226 649 282 fateamur3
673 225 900 284 omnisque
931 224 986 267 de
1017 223 1100 266 hac
1129 235 1175 265 re
1207 220 1432 280 disciplina

54 297 171 343 utilis
189 297 243 341 ad
264 297 306 341 id
330 296 469 342 valeat
486 332 497 353 ,
522 306 572 341 ut
593 312 645 341 eo
661 303 784 339 motu
800 294 1046 354 improbato
1068 303 1198 354 atque
1219 292 1430 349 cohibito,

53 367 324 414 voluntatem
360 376 550 412 nostram
581 367 637 410 ad
670 364 908 410 fruendum
939 365 1204 425 sempiterno
1232 364 1349 410 bono
1367 399 1380 420 ‚
1411 379 1437 408 a

53 439 178 499 lapsu
196 437 500 499 temporalium
521 444 841 482 convertamus.

115 513 194 554 ΙΙΙ.
218 513 269 554 Ε.
291 509 454 564 Video,
488 517 532 552 et
547 506 738 567 quodam
761 505 893 549 modo
914 513 1046 563 tango
1061 539 1073 560 ‚
1109 515 1152 550 et
1183 514 1311 550 teneo
1336 519 1437 550 vera

55 595 145 625 esse
163 597 263 640 quae
284 581 389 624 dicis
415 599 424 625 :
449 595 538 624 non
558 579 672 622 enim
696 572 938 636 quid'quam
961 585 1050 620 tam
1075 577 1199 621 firme
1215 587 1346 637 atque
1364 577 1436 621 in-

57 652 160 695 time
183 651 319 696 sentio
337 684 348 704 ‚
374 665 505 710 quam
526 664 595 692 me
612 648 771 692 habere
787 646 1056 692 voluntatem
1071 682 1082 702 ‚
1107 663 1244 708 eaque
1262 663 1331 692 me
1345 663 1441 692 mo-

57 722 147 766 veri
185 721 238 765 ad
278 720 443 780 aliquid
478 718 716 763 fruendum
746 738 756 764 :
781 718 888 779 quid
925 728 1070 763 autem
1111 734 1257 762 meum
1300 718 1443 762 dicam

56 807 230 851 prorsus
251 807 341 835 non
361 790 537 835 invenio
554 825 565 845 ‚
590 791 623 834 si
645 790 845 835 voluntas
867 806 953 849 qua
975 790 1076 835 volo
1095 799 1137 834 et
1154 789 1256 834 nolo
1274 805 1362 832 non
1381 797 1446 832 est

59 877 152 907 mea
178 882 187 907 ε
213 870 480 921 quapropter
502 861 573 906 cui
595 861 882 905 tribuendum
904 870 997 916 est,
1034 861 1068 904 si
1096 860 1204 920 quid
1227 875 1303 918 per
1324 859 1443 902 illam

57 932 169 976 male
191 931 304 974 facio
321 965 331 984 ,
355 932 437 974 nisi
458 931 601 974 mihi?
624 934 736 976 Cum
759 933 875 973 enim
894 932 1035 973 bonus
1054 935 1168 973 Deus
1182 945 1252 973 me
1268 929 1444 983 fecerit,

57 1017 137 1045 nec
154 1001 267 1044 bene
290 1000 456 1060 aliquid
478 999 634 1044 faciam
659 1000 739 1043 nisi
757 1015 834 1058 per
855 999 1125 1043 voluntatem
1144 1034 1155 1053 ‚
1181 999 1238 1043 ad
1258 1000 1341 1044 hoc
1362 1013 1445 1057 po-

57 1072 143 1116 tius
164 1072 309 1115 datam
334 1086 423 1114 esse
451 1086 474 1113 a
497 1071 614 1114 bono
639 1073 728 1114 Deo
746 1105 757 1124 ,
783 1070 881 1114 satis
905 1079 1097 1129 apparet.
1124 1073 1270 1114 Motus
1301 1078 1446 1113 autem

57 1157 145 1201 quo
169 1142 257 1185 huc
279 1150 355 1184 aut
380 1140 485 1184 illuc
509 1140 710 1183 voluntas
733 1140 1023 1194 convertitur,
1050 1140 1130 1182 nisi
1157 1149 1266 1183 esset
1291 1139 1449 1184 volun-

58 1213 189 1257 tarius
205 1221 336 1270 atque
353 1211 399 1253 in
415 1219 562 1253 nostra
584 1211 747 1268 positus
764 1218 978 1269 potestate
996 1245 1006 1263 ,
1033 1225 1177 1269 neque
1199 1210 1447 1254 laudandus

58 1298 159 1327 cum
182 1281 237 1326 ad
267 1281 514 1339 superiora,
541 1295 684 1338 neque
706 1279 952 1338 culpandus
975 1280 1107 1324 homo
1128 1289 1238 1323 esset
1264 1295 1365 1324 cum
1393 1279 1449 1324 ad

58 1352 264 1397 inferiora
301 1351 535 1411 detorquet
576 1350 699 1410 quasi
747 1349 984 1409 quemdam
1022 1350 1245 1395 cardinem
1289 1350 1451 1395 volun-

60 1424 158 1468 tatis
189 1442 199 1468 :
233 1437 377 1483 neque
407 1422 587 1466 omnino
616 1420 860 1464 monendus
891 1429 1027 1471 esset,
1070 1430 1117 1464 ut
1151 1421 1241 1465 istis
1275 1421 1451 1479 neglec-

62 1493 114 1538 tis
149 1502 310 1537 aeterna
338 1491 469 1537 vellet
490 1490 694 1549 adipisci,
732 1498 862 1549 atque
884 1499 933 1534 ut
960 1489 1073 1533 male
1107 1489 1246 1534 nollet
1274 1491 1419 1535 vivere
1437 1526 1448 1546 ‚

61 1564 192 1609 vellet
221 1572 367 1608 autem
389 1564 516 1607 bene.
549 1565 643 1606 Hoc
665 1570 810 1606 autem
838 1560 1109 1606 monendum
1130 1577 1220 1606 non
1247 1577 1336 1606 esse
1368 1563 1450 1608 ho-

61 1635 224 1679 minem
249 1633 444 1694 quisquis
467 1633 713 1688 existimat,
747 1631 802 1676 de
830 1632 1061 1676 hominum
1092 1647 1277 1677 numero
1305 1641 1449 1677 exter-

61 1705 295 1750 minandus
317 1713 396 1749 est.

100 1778 177 1820 IV.
203 1780 308 1829 Quae
324 1789 426 1819 cum
439 1773 500 1818 ita
517 1773 625 1828 sint,
650 1770 931 1816 ineffabiliter
949 1787 1018 1816 me
1032 1781 1201 1827 movet,
1227 1773 1451 1833 quomodo

59 1846 153 1890 fieri
178 1845 311 1904 possit
325 1880 336 1899 ,
360 1853 411 1888 ut
431 1853 474 1889 et
496 1847 609 1888 Deus
639 1843 843 1902 praescius
863 1842 925 1899 :sit
947 1843 1145 1887 omnium
1167 1842 1418 1888 futurorum
1436 1879 1447 1899 ‚

61 1926 105 1961 et
125 1931 204 1960 nos
231 1915 352 1959 nulla
375 1914 627 1959 necessitate
656 1928 902 1972 peccemus.
927 1913 1133 1973 Quisquis
1154 1913 1451 1971 enim-‚dixerit

62 1986 186 2031 aliter
217 1984 389 2030 evenire
418 1998 543 2043 posse
574 1982 739 2043 aliquid
766 1998 898 2042 quam
931 1985 1044 2026 Deus
1072 1992 1173 2027 ante
1200 1984 1416 2042 praescivit
1436 2019 1447 2039 ‚

60 2054 375 2115 praescientiam
399 2053 476 2097 Dei
494 2053 716 2097 destruere
732 2052 1001 2097 insanissima
1015 2052 1240 2112 impietate
1254 2053 1446 2098 molitur.

62 2129 337 2185 Quapropter
373 2123 407 2167 si
442 2123 656 2182 praescivit
689 2125 803 2166 Deus
827 2131 1111 2181 peccaturum
1139 2138 1229 2167 esse
1262 2123 1452 2182 primum

61 2196 285 2240 hominem
300 2230 314 2249 ,
344 2192 464 2254 quod
482 2208 653 2237 necesse
674 2201 738 2236 est
760 2193 971 2236 concedat
991 2193 1124 2248 mihi,
1147 2194 1342 2254 quisquis
1362 2209 1450 2238 me-

63 2281 165 2311 cum
187 2266 385 2310 omnium
407 2263 657 2308 futurorum
680 2264 910 2322 praescium
931 2263 1094 2307 fatetur
1112 2267 1250 2308 Deum
1265 2286 1277 2322 3
1295 2266 1330 2309 si
1347 2279 1450 2324 ergo

63 2337 121 2381 ita
143 2345 207 2381 est
223 2371 233 2390 ,
260 2351 349 2380 non
372 2335 469 2379 dico
504 2350 593 2377 non
630 2348 730 2377 eum
762 2332 924 2378 faceret
940 2367 951 2387 ,
987 2334 1153 2378 bonum
1177 2335 1292 2378 enim
1315 2335 1446 2389 fecit,

61 2423 140 2452 nec
169 2408 318 2451 obesse
354 2406 601 2465 quidquam
627 2408 715 2448 Deo
739 2413 879 2462 posset
904 2414 1134 2463 peccatum
1158 2407 1248 2465 ejus
1264 2441 1275 2460 ‚
1316 2421 1445 2464 quem

67 2478 234 2522 bonum
265 2477 354 2535 ipse
390 2474 490 2519 fecit
516 2494 525 2520 ι
549 2476 637 2518 imo
661 2475 704 2517 in
727 2490 815 2533 quo
845 2474 1044 2518 faciendo
1068 2475 1303 2519 bonitatem
1327 2490 1449 2519 suam
