1729 3143
617 256 669 282 DE
702 253 925 283 PAT1ENT1A
934 271 943 282 .
1447 244 1473 279 9

99 322 178 365 alia
196 329 296 364 sunt
312 335 410 380 quae
427 333 762 365 commemorare
778 320 959 377 longum
973 327 1052 374 est,
1070 318 1125 363 ad
1141 332 1241 362 eum
1255 317 1475 377 patientiae

97 389 278 435 modum
302 392 535 449 pertinent,
557 405 645 448 quo
661 389 829 432 animus
846 404 935 433 non
951 405 1028 434 sua
1049 398 1239 449 peccata,
1260 388 1335 433 sed
1349 402 1476 447 quae-

97 476 287 520 cumque
304 461 568 504 extrinsecus
585 459 697 503 mala
714 460 928 518 patienter
949 461 1133 504 sustinet
1145 460 1191 504 in
1208 475 1252 504 se
1269 460 1379 518 ipso,
1400 473 1478 502 suo

97 545 271 588 prorsus
291 544 470 588 corpore
490 528 641 572 illaeso.
668 528 790 573 Alius
811 537 875 572 est
896 537 1042 572 autem
1063 529 1282 587 patientiae
1303 528 1476 582 modus,

99 615 187 658 quo
221 598 334 642 idem
365 599 457 657 ipse
483 598 650 642 animus
680 613 970 658 quaecumque
999 597 1179 641 molesta
1201 608 1244 641 et
1267 599 1410 656 gravia
1436 597 1482 641 in

99 670 164 710 sui
187 669 377 726 corporis
399 667 669 726 passionibus
691 666 881 727 perfert3
917 683 1006 712 non
1024 667 1134 711 sicut
1156 667 1275 711 stulti
1296 667 1366 710 vel
1386 681 1482 711 ma-

99 737 206 795 ligui
231 738 444 791 homines,
475 747 653 796 propter
671 737 945 798 adipiscenda
962 753 1088 792 vana,
1113 736 1183 781 vel
1202 736 1362 781 scelera
1384 751 1486 795 pero

99 806 337 865 petranda3
371 807 446 849 sed
477 807 590 850 sicut
613 823 636 850 a
668 807 855 852 Domino
887 806 1118 851 definitum
1152 815 1239 851 est:
1263 809 1487 864 «Propter

101 893 122 915 »
151 876 362 933 justitiam
373 877 404 919 1.
421 894 439 916 »
458 878 652 936 Utroque
664 875 795 921 modo
810 877 947 921 sancti
960 879 1174 932 Martyres
1189 883 1481 919 certaverunt.

100 946 205 989 Nam
229 953 272 988 et
292 945 524 1003 impiorum
560 946 802 1005 opprobriis
836 947 1014 990 saturati
1045 954 1173 1000 sunt,
1208 945 1286 988 ubi
1317 945 1485 988 animus

100 1028 279 1072 corpore
302 1015 465 1058 intacto
495 1015 707 1073 quasdam
728 1014 863 1059 veluti
881 1014 1028 1073 plagas
1050 1029 1145 1058 suas
1166 1015 1334 1072 integer
1355 1014 1488 1058 susti-

99 1091 195 1139 net,
227 1092 270 1126 et
297 1084 343 1126 in
370 1085 627 1142 corporibus
662 1085 795 1128 vincti
818 1094 935 1138 sunt,
961 1083 1116 1128 inclusi
1138 1093 1256 1138 sunt,
1290 1083 1406 1128 fame
1439 1098 1489 1127 ac

100 1152 168 1195 siti
189 1153 332 1196 affecti
362 1163 479 1203 sunt,
514 1155 616 1194 torti
650 1163 768 1207 sunt,
792 1155 897 1197 secti
920 1164 1037 1208 sunt,
1063 1153 1258 1198 dilaniati
1276 1163 1393 1208 sunt,
1419 1154 1490 1196 in·-

100 1221 216 1263 censi
229 1228 345 1272 sunt,
365 1217 570 1262 trucidati
586 1229 687 1262 sunt
705 1239 712 1262 :
736 1231 778 1263 et
798 1223 957 1277 pictate
970 1224 1185 1263 immobili
1199 1223 1491 1265 subdiderunt

103 1291 191 1331 Deo
204 1296 412 1341 mentem,
428 1302 527 1330 cum
545 1296 796 1346 paterentur
814 1290 859 1330 in
872 1302 1001 1331 carne
1015 1286 1232 1347 quidquid
1247 1289 1491 1347 exquirenti

103 1356 347 1401 crudelitati
366 1358 484 1401 venit
504 1357 548 1400 in
567 1366 773 1400 mentem.

163 1429 241 1470 IX.
282 1428 422 1485 Majus
443 1441 545 1470 sane
568 1426 786 1484 patientiae
823 1435 1039 1470 certamen
1075 1436 1160 1480 est,
1201 1426 1378 1486 quando
1401 1442 1490 1471 non

104 1495 283 1540 visibilis
320 1497 520 1540 inimicus
545 1496 848 1554 persequendo
882 1505 1013 1555 atque
1037 1495 1254 1540 saeviendo
1284 1506 1409 1554 urget
1445 1499 1492 1541 in

106 1566 241 1620 nefas,
254 1567 330 1626 qui
342 1567 484 1624 palam
496 1575 538 1609 et
551 1575 699 1625 aperte
717 1581 738 1608 a
753 1581 842 1609 non
860 1566 1156 1609 consentiente
1176 1566 1399 1623 vincatur,
1416 1568 1492 1610 sed

106 1637 197 1694 ipse
226 1635 424 1679 diabolus
446 1670 455 1688 ,
496 1636 571 1693 qui
593 1636 724 1678 etiam
751 1650 828 1694 per
859 1635 967 1679 filios
991 1635 1256 1680 infidelitatis
1281 1644 1491 1694 tanquam

107 1720 184 1764 per
205 1721 279 1748 sua
296 1720 392 1749 vasa
410 1704 523 1748 filios
547 1705 654 1748 lucis
688 1705 948 1765 insequitur,
969 1720 1046 1764 per
1067 1720 1111 1749 se
1130 1706 1272 1764 ipsum
1294 1706 1492 1751 occultus

107 1776 335 1834 impugnat
353 1810 363 1829 ,
390 1773 608 1819 saeviendo
630 1775 794 1818 instans
817 1784 866 1818 ut
892 1785 1042 1819 contra
1064 1778 1202 1819 Deum
1223 1777 1298 1820 fiat
1329 1777 1493 1836 aliquid

107 1843 177 1888 vel
199 1843 383 1888 dicatur.
412 1844 557 1887 Talem
582 1843 692 1887 illud
711 1845 794 1888 Job
824 1854 996 1888 sanctus
1023 1854 1222 1904 expertus
1251 1854 1340 1900 est,
1372 1855 1493 1890 utra-

108 1929 194 1973 que
215 1915 455 1957 tentatione
476 1923 654 1957 vexatus
671 1949 685 1967 ,
710 1913 785 1958 sed
807 1916 852 1958 in
888 1925 1074 1974 utraque
1097 1915 1240 1959 stabili
1272 1917 1492 1975 patientiae

109 1984 265 2028 robore
287 1993 330 2028 et
347 1984 474 2027 armis
497 1984 666 2042 pietatis
685 1984 1005 2030 invictus.Nam
1028 1986 1144 2043 prius
1161 1985 1295 2030 illaeso
1312 2001 1492 2045 corpore

110 2063 265 2097 cuncta
288 2069 387 2111 quae
410 2053 602 2097 habebat
625 2053 808 2108 amisit2,
840 2063 888 2097 ut
910 2054 1080 2098 animus
1107 2063 1206 2098 ante
1230 2071 1318 2098 suae
1353 2056 1492 2100 carnis

112 2123 352 2166 cruciatum
374 2123 603 2166 subtractis
624 2123 770 2177 rebus,
796 2139 903 2182 quas
919 2124 1063 2181 magni
1085 2125 1274 2183 pendere
1296 2126 1493 2170 homines

112 2190 266 2244 solent,
292 2189 579 2247 frangeretur,
599 2201 642 2234 et
667 2192 871 2236 adversus
887 2196 1023 2236 Deum
1038 2193 1290 2253 loqueretur
1308 2195 1490 2254 aliquid,

112 2261 178 2303 his
202 2261 362 2303 amissis
376 2269 554 2318 propter
576 2275 674 2319 quae
693 2260 816 2304 illum
836 2262 977 2305 colere
996 2264 1248 2321 putabatur.
1264 2268 1493 2308 Percussus

113 2339 176 2373 est
198 2329 328 2372 etiam
350 2329 544 2372 omnium
569 2330 708 2373 subita
728 2330 913 2374 orbitate
928 2331 1114 2376 filiorum
1129 2368 1139 2387 ,
1163 2342 1212 2377 ut
1230 2349 1338 2392 quos
1353 2333 1494 2390 singil-

113 2399 236 2442 latim
253 2408 514 2457 susceperat,
535 2398 662 2441 simul
686 2399 900 2457 perderet,
923 2410 1129 2461 tanquam
1159 2418 1309 2446 eorum
1331 2418 1488 2446 nume-

114 2468 266 2513 rositas
281 2503 291 2523 ,
309 2483 398 2513 non
432 2467 549 2512 unde
566 2468 747 2514 felicitas
767 2479 994 2515 ornaretur
1021 2472 1236 2527 extiterit,
1266 2472 1341 2516 sed
1368 2472 1487 2517 unde

164 2559 173 2571 ¹
195 2552 313 2584 Matth.
334 2564 367 2589 v,
392 2563 439 2583 10.
455 2569 492 2574 -
513 2559 524 2574 ²
543 2552 618 2592 Job,
634 2563 656 2592 1,
678 2561 726 2584 12.
