1729 3143
239 205 321 245 522
668 221 701 246 s·
736 218 967 248 Aucus'rrm
1000 222 1182 251 ssmscom

237 283 395 327 talibus
412 284 472 327 ibi
487 283 614 342 plena
628 284 714 330 sint
729 284 907 330 omnia?
930 288 1052 332 Hanc
1071 302 1170 346 ergo
1182 288 1351 349 justitia
1369 291 1470 335 vitae
1487 307 1615 351 regu-

234 354 321 398 lam
346 353 468 397 dabit
489 354 591 398 huic
613 357 811 412 amatori,
840 356 895 400 de
916 372 1005 416 quo
1027 373 1167 403 sermo
1193 368 1272 415 est,
1296 369 1346 404 ut
1366 363 1456 405 Deo
1485 377 1617 421 quem

235 425 398 486 diligit,
426 425 471 471 id
493 435 572 482 est,
598 440 767 472 summo
795 428 912 473 bono
928 462 940 482 ,
971 443 1152 472 summae
1173 431 1413 489 sapientiae,
1435 447 1617 477 summae

234 498 329 558 paci
359 497 641 543 libentissime
669 499 848 558 serviat,
879 508 1124 560 caeteraque
1152 501 1297 545 omnia
1325 502 1481 561 partim
1509 503 1617 548 sub-

227 570 342 630 J'ecta
365 569 444 613 sibi
462 579 594 627 regat,
611 570 767 630 partim
787 569 1053 630 subjicienda
1065 581 1314 630 praesumat.
1336 574 1445 625 Quae
1466 588 1618 618 norma

233 639 431 696 vivendi,
465 649 516 685 ut
542 640 770 686 docuimus
785 675 797 697 ,
822 641 1049 700 utriusque
1074 642 1338 686 Testamenti
1365 644 1619 689 auctoritate

233 711 481 755 roboratur.

291 779 427 823 XLV.
451 776 540 822 Nec
566 780 622 820 de
651 781 885 835 prudentia
920 780 1085 825 diutius
1113 780 1416 829 disserendum.
1444 791 1544 839 est,
1565 784 1621 828 ad

234 863 365 908 quam
382 846 680 906 dignoscentia
697 845 887 905 pertinet
901 852 1247 904 appetendorum
1265 862 1308 892 et
1321 853 1617 899 vitandorum

234 923 339 972 Quae
361 918 395 962 si
417 917 542 973 desit,
569 916 676 960 nihil
693 930 845 960 eorum
860 914 914 960 de
932 916 1093 975 quibus
1108 917 1198 976 jam
1217 916 1384 963 dictum
1408 929 1486 976 est,
1507 922 1622 967 effici

233 997 390 1049 potest.
410 988 548 1047 Hujus
566 995 729 1042 autem,
743 995 845 1031 sunt
861 986 1057 1031 excubiae
1073 996 1205 1046 atque
1220 987 1546 1048 diligentissima
1561 993 1622 1037 vi-

233 1061 424 1120 gilantia,
449 1073 504 1102 ne
526 1058 791 1118 subrepente
811 1058 1022 1118 paulatim
1040 1058 1153 1103 mala
1170 1060 1367 1105 suasione
1388 1060 1616 1109 fallamur:

233 1131 483 1191 unde'saepe
502 1130 739 1175 Dominus:
773 1130 1020 1189 «Vigilate,
1045 1129 1220 1187 clamat,
1248 1140 1292 1176 et
1317 1151 1326 1176 :
1353 1133 1589 1178 Ambulate
1605 1169 1617 1190 ,

235 1220 256 1244 n
282 1201 442 1261 inquit,
465 1200 572 1245 dum
587 1200 739 1244 lumen
755 1200 940 1256 habetis,
961 1216 1016 1245 ne
1032 1215 1108 1246 vos
1123 1201 1315 1246 tenebrae
1329 1204 1620 1262 comprehen-

235 1292 255 1315 »
281 1273 429 1318 dant¹.
449 1291 469 1314 »
496 1275 696 1333 Itemque
718 1271 880 1317 dicitur
899 1291 908 1316 :
939 1272 1153 1318 «Nescitis
1169 1272 1271 1332 quia
1286 1272 1508 1318 modicum
1526 1274 1617 1320 fer·
1658 1269 1663 1271 ’

237 1366 254 1387 »
279 1353 479 1389 mentum
502 1353 638 1388 totam
660 1358 842 1389 massam
864 1344 1130 1403 corrumpit²
1145 1345 1162 1386 ‘3
1179 1364 1197 1385 »
1220 1343 1335 1397 Quid
1355 1354 1502 1389 autem
1515 1361 1619 1405 pro-

231 1416 335 1460 ferri
352 1414 623 1460 manifestius
636 1414 690 1459 de
700 1414 847 1459 Veteri
864 1417 1140 1459 Testamento
1151 1423 1302 1459 contra
1315 1415 1439 1460 istam
1456 1415 1619 1461 dormi-

231 1487 442 1531 tationem
456 1485 590 1530 animi
604 1493 762 1545 potest,
777 1500 854 1545 per
871 1500 1002 1546 quam
1015 1485 1065 1529 fit
1082 1494 1132 1529 ut
1143 1501 1232 1531 non
1244 1486 1479 1530 sentiamus
1496 1488 1619 1547 quasi

231 1558 481 1602 minutatim
506 1566 751 1617 serpentem
780 1557 1014 1616 perniciem
1037 1572 1168 1617 quam
1193 1556 1304 1602 illud
1327 1557 1447 1618 quod
1471 1574 1494 1603 a
1512 1561 1619 1604 Pro-

231 1629 362 1689 pheta
371 1627 537 1673 dictum
554 1636 617 1673 est
637 1647 646 1673 :
668 1628 777 1681 «Qui
790 1628 955 1688 spernit
968 1626 1155 1682 modica,
1171 1627 1381 1688 paulatim
1395 1627 1615 1673 decideti'»

231 1704 293 1746 De
315 1716 402 1760 qua
423 1700 654 1755 sententia,
680 1700 714 1744 si
734 1708 1033 1759 opportunum
1056 1708 1166 1743 esset
1187 1698 1494 1744 festinantibus
1510 1734 1521 1754 ‚
1546 1715 1618 1744 co-

231 1772 465 1830 piosissime
486 1770 751 1830 disputarem
777 1790 785 1815 :
811 1779 942 1830 atque
960 1768 1005 1813 id
1017 1769 1224 1814 sianobis
1237 1784 1356 1813 nunc
1367 1779 1617 1829 susceptum

230 1858 390 1886 munus
427 1843 661 1900 flagitaret,
699 1840 878 1886 fortasse
911 1841 1334 1899 demonstraremu83
1367 1856 1499 1900 quam
1531 1843 1617 1886 sint

232 1914 318 1958 alta
339 1914 560 1971 mysteria,
585 1929 685 1973 quae
707 1912 1015 1973 imperitissimi
1038 1920 1081 1956 et
1102 1910 1296 1969 sacrilegi
1320 1911 1518 1956 homines
1535 1911 1616 1956 de-

232 1982 430 2040 ridendo,
471 1999 560 2028 non
592 1982 655 2027 illi
684 1984 861 2043 quidem
897 1982 1106 2043 paulatim
1137 1983 1229 2042 jam
1265 1980 1504 2038 decidunt,
1540 1981 1616 2027 sed
1646 2038 1657 2042 ἱ

231 2070 390 2113 magno
411 2055 536 2114 lapsu
556 2054 797 2114 praecipites
817 2062 939 2098 eunt.

290 2127 448 2170 XLVI.
484 2125 601 2179 Quid
636 2124 823 2184 amplius
851 2124 906 2168 de
940 2123 1135 2168 moribus
1157 2122 1408 2183 disputem?
1433 2122 1476 2167 Si
1501 2122 1616 2166 enim

232 2199 347 2241 Deus
369 2205 433 2241 est
451 2210 671 2240 summum
690 2195 879 2239 hominis
900 2194 1090 2249 bonum,
1114 2192 1236 2254 quod
1257 2207 1413 2251 negare
1430 2208 1519 2237 non
1536 2207 1617 2252 po-

234 2266 380 2323 testis,
411 2266 607 2326 sequitur
637 2264 850 2324 profecto,
875 2264 1083 2325 quoniam
1105 2278 1325 2308 summum
1348 2263 1515 2307 bonum
1537 2277 1616 2322 ap-

234 2345 381 2395 petere
398 2371 411 2391 ,
443 2345 507 2381 est
533 2337 646 2380 bene
673 2335 817 2380 vivere
835 2369 847 2391 ,
877 2344 928 2380 ut
955 2334 1065 2380 nihil
1095 2334 1150 2379 sit
1170 2333 1290 2378 aliud
1311 2333 1423 2377 bene
1443 2333 1614 2388 vivere,

234 2422 365 2466 quam
391 2414 483 2450 toto
504 2406 650 2462 corde,
680 2415 767 2452 tota
791 2405 950 2461 anima,
975 2414 1067 2450 tota
1082 2414 1230 2449 mente
1251 2407 1392 2449 Deum
1412 2403 1612 2462 diligere:

237 2491 261 2520 a
291 2491 380 2536 quo
413 2475 556 2520 existit
575 2510 586 2531 ,
618 2485 668 2519 ut
696 2477 973 2536 incorruptus
1003 2476 1050 2520 in
1077 2490 1128 2521 eo
1157 2489 1277 2520 amor
1299 2482 1429 2535 atque
1450 2473 1616 2531 integer

286 2565 294 2583 ¹
319 2559 433 2593 Matth.
453 2569 544 2606 mm,
562 2559 618 2601 42,
644 2563 679 2593 et
700 2561 791 2593 Joan.
813 2569 872 2601 xri,
895 2561 948 2594 35.
963 2578 1005 2584 —
1021 2567 1034 2584 ²
1056 2571 1069 2593 1
1087 2561 1161 2594 Cor.
1179 2571 1214 2600 v,
1232 2558 1266 2592 6.
1282 2575 1323 2582 -
1345 2556 1358 2581 3
1379 2557 1478 2592 Eccli.
1496 2566 1562 2597 xix,
1585 2567 1614 2589 ι.
