1729 3143
236 188 320 227 530
669 192 702 219 s.
738 189 969 220 Aucus-mm
1001 194 1182 221 Enscom

229 262 380 309 nacia?
400 261 497 305 Non
519 258 602 301 hoc
624 256 847 302 Christum
871 255 1057 302 dixisse?
1080 259 1135 302 At
1157 257 1204 301 in
1225 256 1463 315 Evangelio
1484 257 1624 302 verba

227 336 317 394 ejus
338 334 416 376 ista
433 328 678 388 conscripta
697 337 814 373 sunt.
835 328 1014 373 Falsum
1036 343 1125 373 esse
1142 328 1384 388 scriptum?
1402 327 1521 381 Quid
1536 329 1623 373 hoc

227 401 448 461 sacrilegio
475 400 612 459 magis
648 399 833 460 impium
869 400 1047 460 reperiri
1068 401 1243 460 potest?
1269 399 1379 460 quid
1410 398 1491 443 ista
1519 413 1626 443 voce

228 472 561 534 impudentius?
584 469 693 532 quid
724 470 967 517 audacius?
989 470 1098 532 quid
1124 470 1406 516 sceleratius?
1437 469 1628 515 Simula-

227 559 400 590 crorum
422 542 613 589 cultores
629 577 642 596 ,
667 543 744 602 qui
766 543 928 589 Christi
949 543 1081 587 etiam
1102 557 1266 587 nomen
1283 541 1490 597 oderunt,
1515 554 1628 584 nun-

226 630 359 676 quam
381 616 465 660 hoc
486 612 691 659 adversus
717 614 960 672 Scripturas
982 613 1077 658 illas
1099 614 1190 658 ausi
1208 622 1310 658 sunt
1331 611 1492 657 dicere.
1517 612 1630 656 Con-

227 695 433 747 sequetur
451 700 641 745 namque
663 684 860 729 omnium
877 683 1123 730 litterarum
1141 699 1311 729 summa
1331 683 1566 743 perversio,
1585 690 1630 726 et

229 756 426 802 omnium
447 756 525 815 qui
546 754 768 798 memoriae
791 752 986 800 mandati
1008 764 1109 799 sunt
1131 755 1346 799 librorum
1367 753 1572 806 abolitio,
1596 750 1630 795 si

228 825 348 886 quod
385 834 506 870 tanta
544 824 809 884 populorum
845 824 1055 881 religione
1085 825 1342 870 roboratum
1373 832 1437 868 est
1455 857 1466 878 ‚
1501 830 1624 881 tanta

228 897 459 941 hominum
492 902 535 938 et
566 901 815 951 temporum
851 892 1135 936 consensione
1167 896 1415 949 firmatum,
1444 893 1492 937 in
1512 892 1627 936 hanc

227 966 549 1011 dubitationem
571 961 806 1007 adducitur
820 997 831 1018 ,
863 971 912 1007 ut
934 978 990 1007 ne
1011 963 1205 1007 historiae
1228 964 1410 1023 quidem
1433 962 1626 1020 vulgaris

228 1038 363 1082 fidem
397 1036 532 1096 possit
563 1034 907 1096 gravitatemque
940 1034 1154 1080 obtinere.
1187 1037 1413 1079 Postremo
1441 1030 1550 1093 quid
1572 1031 1627 1075 de

237 1107 468 1167 Scripturis
491 1103 591 1151 ullis
619 1103 814 1164 proferre
835 1106 1024 1165 poteris,
1064 1106 1141 1150 ubi
1176 1105 1280 1149 mihi
1313 1104 1380 1149 uti
1410 1104 1493 1148 hac
1525 1117 1633 1148 voce

233 1194 324 1223 non
345 1178 501 1234 liceat,
529 1177 564 1222 si
581 1185 733 1222 contra
754 1192 896 1222 meam
919 1176 1298 1224 ratiocinationem
1320 1175 1633 1220 intentionem-

241 1265 327 1308 que
348 1249 626 1309 proferatur?

293 1321 410 1364 LXI.
437 1319 555 1364 Illud
578 1335 682 1365 vero
702 1319 799 1380 quis
828 1317 941 1363 ferre
964 1317 1123 1377 possit,
1157 1315 1280 1373 quod
1299 1327 1378 1357 nos
1401 1312 1634 1358 notissimis

236 1404 285 1433 ac
303 1390 394 1448 jam
420 1390 467 1433 in
491 1390 692 1434 manibus
715 1390 914 1434 omnium
936 1388 1058 1432 libris
1087 1383 1334 1428 constitutis
1362 1383 1538 1427 credere
1561 1397 1635 1427 ve-

239 1467 362 1512 tant,
388 1469 431 1500 ct
456 1461 506 1499 iis
539 1477 638 1516 quae
667 1461 746 1515 ipsi
781 1455 1036 1515 proferunt,
1066 1455 1282 1515 imperant
1302 1463 1351 1498 ut
1373 1454 1632 1499 credamus?

214 1529 217 1532 '
240 1528 282 1572 Si
304 1527 358 1571 de
379 1527 600 1586 Scriptura
617 1525 913 1571 dubitandum
931 1535 1021 1582 est,
1045 1525 1100 1570 de
1117 1541 1204 1587 qua
1226 1526 1359 1585 magis
1379 1541 1512 1586 quam
1528 1540 1630 1586 quae

239 1597 456 1642 diffamari
479 1613 568 1656 non
591 1597 774 1652 meruit,
800 1612 954 1657 quaeve
977 1597 1120 1656 potuit
1137 1597 1218 1641 sub
1240 1597 1420 1641 nomine
1439 1595 1525 1641 alio
1541 1604 1633 1640 tota

244 1668 450 1712 mentiri?
487 1668 528 1713 Si
558 1668 681 1712 istam
704 1667 827 1712 obdis
849 1667 987 1712 invito
1005 1703 1016 1723 ‚
1047 1676 1090 1711 et
1113 1667 1382 1712 auctoritatis
1405 1679 1635 1725 exaggera-

242 1741 360 1783 tione
382 1740 496 1795 cogis
518 1740 564 1781 in
586 1738 721 1781 fidem
743 1758 753 1795 3
778 1754 939 1797 ego-ne
957 1738 1012 1783 de
1029 1739 1102 1783 illa
1118 1775 1128 1794 ‚
1154 1754 1288 1800 quam
1306 1747 1553 1783 constanter
1569 1737 1637 1780 la-

244 1809 406 1852 tissime
436 1808 707 1867 divulgatam
729 1808 885 1863 video,
920 1820 963 1854 et
986 1809 1199 1854 Eccles1a1
1203 1825 1277 1854 um
1299 1825 1376 1870 per
1398 1818 1541 1854 totum
1564 1823 1637 1852 or-

246 1880 348 1923 bem
365 1878 656 1939 dispersarum
673 1880 989 1924 contestatione
1005 1878 1242 1932 munitam,
1260 1878 1474 1922 dubitabo
1486 1880 1636 1932 miser,

246 1959 288 1994 et
310 1949 431 2010 quod
452 1959 515 1994 est
535 1950 759 2004 miserius,
786 1958 826 1993 te
845 1957 1021 1993 auctore
1041 1948 1278 1993 dubitabo.
1270 1950 1287 1982 ῖ)
1297 1950 1422 1997 Eum
1443 1949 1477 1993 si
1494 1963 1641 1992 exem-

246 2020 381 2079 plaria
403 2018 617 2079 proferres
639 2018 802 2074 altera⁷
829 2028 976 2063 tenere
997 2034 1087 2063 non
1108 2018 1342 2074 deberem,
1369 2019 1450 2063 nisi
1467 2034 1516 2062 ea
1534 2033 1635 2078 quae

250 2090 441 2149 plurium
475 2090 757 2135 consensione
789 2082 1202 2134 commendarentur
1226 2125 1237 2144 ‚
1287 2105 1406 2134 nunc
1448 2088 1556 2134 nihil
1595 2084 1638 2133 te

251 2161 498 2220 proferente
520 2160 642 2222 quod
663 2159 858 2205 conferas
874 2196 885 2216 ‚
910 2170 1068 2221 praeter
1088 2161 1380 2206 inanissimam
1402 2175 1555 2207 vocem
1570 2169 1637 2205 te-

251 2233 547 2294 meritatisque
567 2232 859 2292 plenissimam
875 2267 885 2287 ,
911 2232 1084 2292 putabis
1106 2247 1244 2293 usque
1267 2232 1374 2277 adeo
1398 2247 1534 2291 genus
1551 2231 1639 2276 hu-

253 2319 431 2348 manum
461 2318 550 2348 esse
574 2317 823 2362 perversum
841 2337 852 2357 ,
878 2311 920 2347 et
948 2302 1110 2348 divinae
1131 2302 1419 2363 providentiae
1450 2317 1533 2362 ope
1562 2302 1641 2347 de-

258 2383 444 2429 sertum,
473 2382 522 2418 ut
543 2373 628 2417 illis
653 2373 883 2432 Scripturis
897 2407 908 2427 ‚
934 2387 1023 2417 non
1043 2388 1066 2417 a
1086 2382 1129 2416 te
1151 2372 1334 2432 prolatas
1357 2373 1458 2417 alias
1481 2373 1640 2434 quibus

262 2443 574 2501 redarguantur
591 2478 601 2498 ‚
628 2441 702 2486 sed
732 2451 806 2486 tua
834 2450 1007 2486 tantum
1039 2443 1171 2486 verba
1201 2445 1463 2502 praeponat?
1487 2443 1639 2487 Profe-

264 2511 422 2556 rendus
444 2524 507 2557 est
529 2527 718 2571 namque
741 2510 951 2556 tihi'alius
973 2510 1108 2556 codex
1124 2510 1275 2556 eadem
1291 2512 1515 2557 continens
1530 2545 1541 2567 ‚
1566 2510 1642 2556 sed
