1729 3143
232 217 319 261 266
670 225 704 254 s.
739 223 972 253 Amnsrmr
1003 225 1185 255 urscon

233 291 340 338 Sion
359 300 404 336 et
423 289 664 335 Jerusalem
679 322 692 343 ,
717 286 794 332 sed
814 287 870 332 de
889 297 1040 334 monte
1059 290 1174 335 Sina.
1192 291 1263 336 Ad
1277 299 1436 338 terram
1451 295 1615 354 quippe

229 358 541 421 promissionis,
566 357 646 402 ubi
667 365 731 401 est
755 357 875 414 Sion,
899 374 999 418 quae
1015 359 1262 419 appellatur
1285 361 1417 406 etiam
1443 365 1617 409 Jerusa-

229 431 343 485 lem,
368 436 465 487 post
490 427 779 487 quadraginta
805 442 943 473 annos
972 443 1074 473 cum
1099 429 1192 488 ipsa
1219 433 1336 489 Lege
1365 443 1580 478 venerunt
1605 453 1614 479 :

229 516 320 545 non
345 507 493 543 autem
507 498 571 542 ibi
591 513 688 543 eam
703 497 773 543 vel
794 498 898 543 inde
915 509 1193 559 acceperunt.
1212 501 1501 560 Evangelium
1516 518 1620 549 vero

230 568 420 623 Christi,
445 576 490 612 et
510 570 599 612 Lex
618 567 750 623 fidei,
781 567 902 628 quod
932 578 1102 614 certum
1133 578 1226 625 est,
1258 570 1363 614 inde
1393 573 1617 630 processit.

231 639 353 684 Sicut
383 637 516 682 etiam
546 639 637 698 ipse
669 639 907 694 Dominus,
940 648 1227 699 posteaquam
1267 642 1525 697 resurrexit,
1561 641 1624 687 lo-

230 724 370 769 quens
399 708 630 768 Discipulis
656 709 766 764 suis,
797 718 842 752 et
868 710 1101 754 ostendens
1131 709 1342 769 praedicta
1375 710 1625 756 divinorum

228 778 507 838 eloquiorum
527 779 576 823 'm
596 792 641 821 se
663 792 752 821 esse
774 778 993 836 completa
1013 798 1023 821 2
1053 797 1073 820 «
1094 780 1314 831 Quoniam
1334 781 1394 824 sic
1415 782 1625 840 scriptum

232 869 253 890 »
278 857 364 903 est,
390 848 563 907 inquit,
588 856 632 891 et
653 848 713 891 sic
741 847 938 906 oportuit
958 847 1184 892 Christum
1205 849 1316 906 pati,
1339 858 1384 892 et
1402 864 1626 907 resurgere

234 938 255 961 »
281 934 305 963 a
326 920 512 963 mortuis
533 917 604 961 die
627 918 757 961 tertio
770 951 782 971 ,
806 926 851 961 et
872 916 1101 975 praedicari
1123 918 1170 959 in
1187 918 1364 962 nomine
1377 920 1469 977 ejus
1483 920 1628 977 poeni·
1695 917 1700 926 '

234 1008 254 1030 »
279 988 464 1032 tentiam
486 995 530 1031 et
551 986 850 1030 remissionem
870 994 1155 1044 peccatorum
1183 1000 1260 1045 per
1288 1001 1440 1030 omnes
1461 997 1625 1045 gentes,

232 1076 257 1100 r»
280 1057 591 1116 incipientibus
614 1057 669 1100 ab
691 1059 716 1100 J
721 1054 975 1100 erusalem1.
1001 1073 1022 1097 1)
1058 1058 1173 1100 Ecce
1204 1055 1327 1116 quod
1350 1058 1629 1115 prophetavit

232 1130 365 1171 Isaias
383 1126 531 1169 dicens
553 1143 562 1169 :
589 1143 610 1166 «
628 1128 693 1167 Ex
718 1126 821 1168 Sion
836 1127 952 1169 enim
970 1125 1041 1170 lex
1057 1125 1230 1184 prodiet
1245 1160 1257 1181 ,
1281 1135 1326 1170 et
1345 1127 1532 1172 verbum
1546 1131 1631 1172 Doa

233 1216 256 1240 »
281 1197 388 1240 mini
412 1211 463 1239 ex
480 1192 721 1238 Jerusalem
735 1197 768 1237 ².
792 1211 812 1235 >›
838 1194 907 1237 Ibi
927 1197 1043 1239 enim
1064 1196 1241 1240 veniens
1265 1196 1452 1256 desuper
1475 1212 1630 1242 secun-

232 1266 342 1311 dum
375 1264 551 1309 Domini
587 1264 918 1322 promissionem
956 1265 1142 1323 Spiritus
1179 1275 1353 1310 sanctus
1371 1299 1383 1319 ,
1417 1282 1489 1310 eos
1520 1282 1630 1326 quos

232 1346 340 1381 tunc
368 1349 456 1378 una
485 1333 642 1378 domus
674 1332 956 1387 continebat,
991 1332 1217 1391 implevit,
1247 1342 1291 1376 et
1322 1334 1445 1392 loqui
1474 1335 1631 1394 linguis

234 1405 433 1452 omnium
451 1404 649 1461 gentium
662 1402 789 1446 fecit³
810 1421 819 1446 :
840 1412 884 1446 et
904 1401 1006 1446 inde
1021 1403 1218 1446 exierunt
1235 1402 1472 1462 praedicare
1485 1407 1632 1450 Evan-

236 1475 399 1535 gelium
421 1474 468 1518 in
489 1473 690 1518 notitiam
708 1472 905 1517 omnium
924 1473 1135 1531 gentium.
1165 1472 1286 1517 Sicut
1303 1473 1420 1517 enim
1437 1477 1524 1518 Lex
1539 1474 1628 1531 illa,

235 1561 335 1606 quae
363 1543 570 1604 processit
603 1543 658 1587 de
689 1551 838 1586 monte
873 1543 1001 1596 Sina,
1039 1543 1403 1602 quinquagesimo
1436 1543 1506 1588 die
1535 1556 1633 1604 post

236 1616 508 1662 celebratum
526 1614 687 1658 Pascha
710 1614 957 1671 conscripta
978 1622 1042 1657 est
1064 1613 1201 1670 digito
1223 1613 1324 1669 Dei,
1355 1629 1445 1672 quo
1466 1615 1632 1672 signifi-

237 1695 361 1731 catur
396 1684 580 1743 Spiritus
614 1692 788 1727 sanctus
819 1702 827 1727 :
863 1683 923 1726 ita
954 1685 1044 1726 Lex
1077 1683 1157 1726 ista
1176 1717 1188 1738 ,
1223 1698 1323 1743 quae
1343 1685 1553 1742 processit
1578 1685 1632 1729 de

240 1757 343 1801 Sion
365 1763 409 1798 et
432 1752 695 1807 Jerusalem,
720 1767 810 1796 non
832 1753 877 1796 in
900 1752 1060 1795 tabulis
1081 1752 1262 1810 lapideis
1279 1787 1290 1807 ,
1316 1753 1393 1796 sed
1413 1754 1459 1797 in
1474 1754 1633 1798 tabulis

239 1825 380 1871 cordis
401 1833 652 1869 sanctorum
674 1822 1052 1880 Evangelistarum
1074 1822 1231 1880 scripta
1249 1831 1312 1865 est
1328 1837 1406 1880 per
1424 1824 1633 1882 Spiritum

240 1904 459 1949 sanctum,
480 1892 845 1953 quinquagesimo
867 1890 939 1935 die
960 1900 1059 1949 post
1076 1906 1228 1935 verum
1246 1892 1410 1936 Pascha
1426 1893 1634 1951 passionis

240 1976 284 2011 et
305 1964 634 2010 resurrectionis
656 1963 830 2007 Domini
844 1962 1006 2007 Christi
1031 1981 1040 2006 :
1061 1977 1149 2020 quo
1167 1961 1238 2006 die
1260 1963 1444 2021 Spiritus
1461 1973 1633 2009 sanctus

242 2047 306 2082 est
326 2037 500 2091 missm,
526 2035 603 2095 qui
620 2033 763 2078 fuerat
779 2042 879 2077 ante
901 2033 1152 2092 promissus.

299 2109 357 2151 X.
393 2109 459 2151 Ite
477 2121 612 2159 nunc,
637 2120 663 2149 o
686 2103 908 2158 Israelitae,
933 2104 1179 2147 secundum
1214 2116 1406 2157 carnem,
1439 2117 1531 2149 non
1564 2118 1633 2148 se·
1700 2110 1704 2148 ξ

242 2176 438 2222 cundum
455 2176 673 2235 spiritum,
698 2175 758 2218 ite
775 2188 910 2230 nunc,
934 2182 978 2216 et
995 2172 1140 2217 adhuc
1159 2171 1442 2217 contradicite
1459 2174 1634 2231 apertis-

244 2248 365 2292 simae
394 2246 594 2303 veritati,
633 2253 677 2288 et
708 2259 809 2288 cum
843 2242 1025 2287 auditis:
1046 2242 1260 2295 «Venite,
1285 2240 1568 2286 ascendamus
1589 2243 1635 2286 in

249 2336 270 2360 »
305 2326 500 2362 montem
517 2315 707 2369 Domini,
726 2323 769 2358 et
786 2314 829 2357 in
847 2312 1029 2357 domum
1042 2311 1119 2355 Dei
1131 2310 1316 2355 Jacob4:
1337 2328 1357 2351 »
1376 2309 1529 2356 dicite:
1549 2314 1634 2357 Nos

248 2401 420 2444 sumus,
456 2395 506 2431 ut
540 2386 644 2431 caeci
674 2382 906 2429 offendatis
936 2383 982 2425 in
1012 2390 1223 2434 montem,
1258 2379 1337 2424 ubi
1357 2379 1505 2425 collisa
1524 2380 1634 2425 facie

250 2457 370 2515 pejus
394 2456 583 2514 perdatis
606 2454 811 2500 frontem.
840 2453 883 2498 Si
903 2466 1004 2497 vere
1019 2450 1150 2496 vultis
1171 2449 1340 2494 dicere:
1364 2452 1450 2496 Nos
1467 2465 1631 2505 sumus,

301 2545 309 2561 ¹
329 2540 410 2579 Luc,
430 2549 517 2580 xxiv,
540 2539 595 2580 46.
612 2555 653 2563 -
673 2546 693 2571 2
711 2538 781 2571 lsai.
801 2548 839 2578 11,
861 2535 893 2568 3.
913 2552 954 2559 —
971 2534 984 2559 3
1003 2537 1075 2570 Act·
1093 2545 1132 2577 1¹,
1151 2543 1185 2569 2.
1203 2550 1244 2559 —
1264 2533 1281 2564 4
1298 2534 1370 2569 lsai.
1388 2534 1424 2576 n‘,
1446 2535 1477 2567 3.
