1729 3143
261 209 343 246 436
696 218 727 243 s.
766 218 991 245 mensum
1028 220 1205 248 Emscom

259 304 276 324 »
305 284 418 326 cium
441 281 564 323 maris
585 314 595 334 ,
622 290 665 323 et
693 280 932 325 volatilium
953 283 1075 338 coeli,
1096 293 1138 328 et
1162 284 1356 329 omnium
1376 301 1579 345 pecorum
1597 297 1638 331 ct
1670 288 1672 303 ³

256 373 275 394 »
302 354 488 396 ferarum
505 385 516 405 ,
546 360 590 394 et
615 351 754 395 omnis
786 361 909 396 terrae
927 388 937 407 ,
967 363 1010 397 et
1032 355 1227 399 omnium
1251 356 1470 415 reptilium
1492 393 1502 413 ,
1539 375 1638 418 quae

255 443 274 465 >›
300 438 428 481 super
445 431 604 465 terram
624 427 826 482 repunt‘,
851 445 866 464 »
894 433 936 468 et
954 434 1109 470 caetera
1128 442 1266 486 usque
1284 428 1338 470 ad
1357 443 1576 487 vesperam
1596 440 1639 473 et

249 508 376 537 mane
394 509 483 553 quo
498 493 743 553 completur
763 495 852 539 dies
874 505 1031 540 sextus.
1060 499 1190 541 Istam
1218 497 1403 541 maxime
1429 500 1638 557 quaestio-
1672 494 1674 514 ἶ

249 579 349 608 nem
366 563 508 609 solent
524 565 754 610 Manichaei
774 565 1014 626 loquaciter
1032 568 1209 626 agitare,
1231 577 1273 612 et
1289 568 1497 612 insultare
1515 569 1640 613 nobis
1714 606 1717 613 ,

251 634 373 696 quod
394 635 619 681 hominem
644 636 871 682 credamus
897 637 1061 683 factum
1088 639 1143 683 ad
1165 639 1394 697 imaginem
1418 649 1460 683 et
1487 640 1638 684 simili-
1674 637 1675 642 ’

253 706 454 751 tudinem
481 708 572 752 Dei.
592 708 840 753 Attendunt
857 709 970 752 enim
989 710 1173 767 figuram
1197 711 1388 769 corporis
1406 711 1566 766 nostri,
1598 720 1640 755 et
1674 749 1676 755 ,

248 777 479 823 infeliciter
502 789 723 840 quaerunt,
756 789 905 823 utrum
920 780 1078 825 habeat
1098 784 1210 825 Deus
1228 797 1366 835 nares,
1399 790 1442 825 et
1468 782 1635 837 dentes,
1674 779 1677 821 ἶ

251 858 295 894 et
314 849 494 894 barbam
513 886 523 906 ,
549 860 591 895 et
609 852 803 895 membra
826 851 956 895 etiam
979 851 1183 897 interiora
1199 888 1209 906 ,
1238 864 1279 896 et
1306 862 1460 897 caetera
1480 853 1639 913 quaein

251 920 378 965 nobis
395 930 497 965 sunt
515 922 767 964 neeessaria-
797 924 847 958 Iu
869 924 960 959 Deo
991 935 1136 960 amem
1160 922 1262 966 talia
1291 923 1525 967 ridiculum
1545 933 1607 968 est
1625 959 1635 979 ,

240 991 331 1035 imo
346 989 529 1048 impium
549 987 750 1040 credere,
773 996 815 1031 et
832 985 931 1031 ideo
950 997 1108 1043 negant
1126 989 1347 1034 hominem
1371 994 1534 1038 factum
1551 1011 1640 1038 esse
1676 1015 1678 1020 ·

240 1058 296 1105 ad
315 1058 549 1116 imaginem
576 1066 618 1100 et
646 1055 979 1101 similitudinem
1007 1058 1096 1101 Dei.
1119 1060 1289 1111 Quibus
1308 1063 1634 1120 respondemus,
1677 1059 1679 1107 ]
1720 1091 1727 1106 a

241 1128 438 1174 membra
458 1127 637 1188 quidem
665 1128 744 1171 ista
774 1128 820 1170 in
851 1129 1082 1187 Scripturis
1112 1129 1373 1192 plerumque
1396 1134 1634 1189 nominari,

238 1216 339 1245 cum
357 1203 471 1245 Deus
486 1199 733 1243 insinuatur
753 1199 1030 1244 audientibus
1047 1201 1236 1260 parvulis
1253 1221 1262 1252 ;
1296 1212 1338 1246 et
1359 1205 1442 1248 hoc
1461 1221 1548 1248 non
1565 1222 1636 1250 so-
1678 1210 1680 1255 ξ

241 1273 334 1317 lum
361 1271 408 1316 in
431 1272 596 1315 Veteris
618 1272 879 1315 Testamenti
901 1272 1037 1327 libris,
1066 1273 1141 1317 sed
1165 1275 1294 1317 etiam
1312 1275 1357 1317 in
1374 1276 1500 1320 Novi.
1528 1279 1636 1321 Nam

235 1353 279 1388 et
300 1342 414 1388 oculi
441 1343 517 1386 Dei
535 1352 962 1397 commemorantur,
988 1352 1030 1387 et
1053 1359 1176 1388 aures
1197 1380 1206 1398 ,
1236 1355 1278 1388 et
1307 1345 1422 1389 labia
1439 1381 1450 1400 ,
1482 1356 1526 1390 et
1556 1363 1635 1406 pe·
1678 1336 1681 1346 ⁴

239 1414 332 1470 des,
349 1423 392 1458 et
410 1412 465 1458 ad
488 1413 709 1458 dexteram
732 1415 809 1458 Dei
830 1415 964 1458 Patris
982 1414 1130 1459 sedere
1145 1415 1465 1475 evangelizatur
1480 1418 1631 1465 Filius.

238 1488 296 1530 Et
322 1485 412 1544 ipse
445 1485 656 1528 Dominus
679 1484 811 1528 dicit:
844 1485 1024 1529 «Nolite
1047 1500 1123 1545 per
1152 1485 1314 1530 coelum
1336 1489 1508 1547 jurare,
1534 1490 1635 1547 quia

239 1575 259 1598 »
292 1555 413 1601 sedes
432 1555 509 1600 Dei
531 1564 621 1613 est,
646 1570 791 1615 neque
804 1571 881 1614 per
900 1565 1073 1612 terram,
1095 1558 1196 1616 quia
1216 1557 1453 1602 scabellum
1472 1560 1634 1618 pedum

239 1646 259 1670 ))
289 1629 379 1688 ejus
401 1631 506 1672 est'2.
527 1648 541 1667 »
570 1629 681 1671 Item
703 1627 793 1685 ipse
817 1626 946 1681 dicit,
974 1629 1094 1687 quod
1116 1629 1160 1672 in
1183 1628 1320 1688 digito
1342 1630 1416 1673 Dei
1436 1631 1635 1689 ejiciebat

237 1698 500 1742 daemoniass.
531 1696 615 1741 Sed
645 1712 794 1740 omnes
820 1698 896 1757 qui
927 1698 1172 1757 spiritaliter
1205 1700 1458 1759 intelligunt
1488 1702 1633 1761 Scrip-

240 1779 357 1815 turas
376 1804 386 1824 ‚
413 1783 503 1812 non
528 1768 728 1811 membra
751 1783 959 1827 corporea
983 1784 1057 1828 per
1079 1771 1156 1813 ista
1179 1771 1356 1814 nomina
1373 1805 1384 1824 ‚
1412 1771 1487 1815 sed
1509 1772 1634 1830 spiri-

241 1841 348 1886 tales
361 1839 578 1899 potentias
596 1841 790 1897 accipere
807 1839 1070 1893 didicerunt,
1086 1839 1195 1883 sicut
1214 1840 1370 1898 galeas,
1383 1851 1425 1885 et
1441 1852 1629 1899 scutum,

244 1921 287 1957 et
310 1910 522 1971 gladium,
548 1919 590 1953 et
613 1910 694 1953 alia
713 1910 895 1953 multa&
926 1911 1071 1955 Primo
1094 1927 1196 1969 ergo
1217 1912 1305 1955 istis
1327 1912 1540 1958 haereticis
1563 1915 1631 1958 di-

242 1982 431 2027 cendum
453 1990 531 2035 est,
557 1996 643 2040 qua
664 1979 936 2038 impudentia
957 1979 1011 2023 de
1026 1980 1184 2024 talibus
1206 1983 1346 2026 verbis
1366 1984 1510 2027 Veteri
1532 1987 1633 2029 Tes-

241 2063 435 2099 tamento
459 2051 803 2105 calumnientur,
840 2066 940 2095 cum
973 2051 1102 2095 etiam
1136 2053 1180 2095 in
1209 2055 1331 2097 Novo
1364 2055 1457 2099 haec
1495 2056 1631 2113 posita

241 2124 419 2170 videant
434 2159 444 2179 ,
472 2132 547 2167 aut
568 2123 847 2166 fortassenon
870 2120 1062 2176 videant,
1084 2122 1158 2165 sed
1181 2137 1280 2166 cum
1300 2124 1469 2181 litigant
1491 2140 1629 2170 excae-
1684 2151 1686 2157 ·

244 2206 413 2242 centur.

300 2271 510 2313 XXVIII.
549 2267 633 2312 Sed
662 2275 804 2310 tamen
838 2267 1038 2311 noverint
1073 2267 1117 2310 in
1155 2268 1367 2312 catholica
1402 2267 1627 2327 disciplina

244 2339 453 2397 spiritales
475 2337 623 2382 fideles
648 2354 736 2382 uon
763 2337 938 2382 credere
965 2341 1102 2382 Deum
1126 2339 1264 2382 forma
1289 2355 1494 2398 corporea
1517 2340 1627 2382 defi-

246 2410 382 2453 nitum
404 2430 413 2465 3
439 2418 481 2453 et
505 2409 624 2469 quod
653 2409 783 2452 homo
821 2407 874 2451 ad
908 2409 1138 2465 imaginem
1172 2410 1247 2452 Dei
1280 2409 1417 2452 iactus
1440 2408 1622 2463 dicitur,

246 2481 483 2524 secundum
508 2480 757 2524 interiorem
777 2479 996 2522 hominem
1022 2479 1132 2532 dici,
1161 2480 1235 2534 ulii
1265 2489 1326 2522 est
1358 2479 1462 2522 ratio
1492 2489 1533 2522 ct
1557 2481 1622 2523 in-

296 2571 302 2584 ¹
331 2566 394 2595 Otii
430 2578 451 2595 1.
474 2567 575 2596 ’.μλ-
594 2573 602 2586 2
629 2566 730 2596 §lauh
768 2577 799 2595 v.
824 2566 863 2595 33
895 2582 920 2586 -
948 2566 955 2585 ³
980 2568 1041 2595 Luc
1076 2577 1101 2595 xi
1146 2576 1188 2594 io.
1208 2582 1243 2586 -ν-
1261 2564 1273 2591 *¹1
1295 2564 1393 2605 1⁷4ch<
1428 2575 1467 2595 ri.
