1729 3143
243 189 326 229 362
651 200 684 228 s.
720 200 951 229 Aneunmr
985 202 1162 232 ssnscom

241 276 355 313 recte
377 267 633 311 facientibus
660 267 793 313 debet
813 270 988 328 praemia
1011 271 1274 327 retribuere,
1303 274 1404 333 quia
1430 284 1473 320 et
1501 285 1618 322 recte

240 338 428 383 facturos
447 336 729 383 nihilominus
760 340 984 398 praevidet.
1014 343 1211 388 Imovero
1237 342 1451 388 fateamur
1466 379 1478 400 ,
1503 355 1547 390 et
1563 345 1619 391 ad

240 407 551 468 praescientiam
574 408 664 467 ejus
690 409 906 468 pertinere
922 445 932 465 ,
956 425 1010 454 ne
1032 411 1140 471 quid
1163 427 1264 456 eum
1291 412 1423 457 lateat
1445 414 1619 460 futuro-

239 492 336 522 rum
354 512 365 531 ,
392 486 433 520 et
455 477 509 521 ad
527 479 738 537 justitiam
755 515 766 535 ,
791 490 840 525 ut
857 490 1084 541 peccatum
1101 517 1111 537 ,
1139 484 1241 543 quia
1259 483 1486 529 voluntate
1506 500 1623 530 com—

239 547 428 592 mittitur
445 582 455 602 ,
479 548 538 592 ita
544 548 712 608 judicio
728 552 819 612 ejus
836 552 1016 612 impune
1034 569 1124 598 non
1137 554 1238 609 fiat,
1264 554 1374 599 sicut
1390 555 1624 614 praescien-

239 617 298 661 tia
320 633 410 661 non
431 619 602 677 cogitur
623 621 732 664 fieri.

297 689 398 732 XII.
434 691 529 733 Jam
551 689 661 734 illud
680 691 801 750 quod
818 692 945 736 tertio
958 691 1055 737 loco
1073 693 1273 752 posuisti,
1295 692 1520 753 quomodo
1534 709 1624 738 non

240 759 422 803 creatori
443 760 744 820 deputandum
774 763 827 806 sit
842 797 852 817 ,
889 762 1106 823 quidquid
1127 764 1174 807 in
1197 764 1287 823 ejus
1309 773 1508 809 creatura
1535 765 1629 809 fieri

239 845 411 875 necesse
433 840 521 886 est,
547 832 695 891 regula
717 833 790 877 illa
812 834 980 892 pietatis
1002 832 1128 878 facile
1150 835 1471 889 commonebit,
1494 849 1629 895 quam

240 901 486 945 meminisse
507 919 585 946 nos
608 905 811 947 convenit
831 939 840 956 ,
867 905 1102 962 gratiarum
1125 905 1339 948 actionem
1365 920 1443 949 nos
1467 906 1630 949 debere

242 971 436 1014 Creatori
458 980 620 1013 nostro.
648 971 780 1029 Cujus
813 973 1007 1030 protecto
1029 973 1263 1031 largissima
1285 973 1457 1017 bonitas
1479 975 1631 1032 justis-

243 1040 349 1083 sime
369 1039 649 1097 laudaretur,
674 1040 839 1085 etiamsi
861 1041 1008 1101 aliquo
1030 1041 1237 1086 inferiore
1258 1050 1469 1086 creaturae
1495 1042 1634 1101 gradu

243 1125 322 1154 nos
345 1110 623 1154 condidisset.
650 1112 856 1163 Quamvis
877 1112 991 1156 enim
1016 1114 1157 1156 anima
1178 1121 1325 1156 nostra
1355 1113 1542 1171 peccatis
1565 1122 1634 1156 ta-

245 1178 418 1223 befacta
445 1179 527 1234 sit,
563 1180 792 1224 sublimior
825 1191 889 1225 est
916 1191 1064 1225 tamen
1090 1191 1134 1225 et
1155 1181 1330 1235 melior,
1369 1197 1500 1241 quam
1522 1182 1557 1225 si
1591 1184 1637 1225 in

245 1249 358 1292 hanc
379 1248 523 1293 lucem
545 1249 759 1294 visibilem
786 1258 1037 1294 verteretur.
1059 1252 1114 1293 Et
1132 1250 1250 1294 vides
1267 1249 1463 1308 profecto
1485 1250 1540 1294 de
1557 1251 1635 1294 hu-

242 1321 313 1379 jus
334 1317 443 1364 lucis
464 1320 718 1375 eminentia,
744 1329 959 1380 quantum
982 1320 1164 1363 laudent
1179 1321 1335 1363 animae
1349 1323 1488 1365 Deum
1506 1321 1638 1365 etiam

247 1391 438 1449 corporis
460 1391 656 1435 sensibus
679 1391 854 1435 deditae.
881 1395 1153 1450 Quapropter
1169 1406 1259 1434 non
1276 1400 1318 1434 te
1336 1391 1416 1435 ista
1432 1392 1522 1451 jam
1544 1405 1638 1436 mo-

247 1469 373 1515 veat,
399 1462 520 1520 quod
550 1462 855 1521 vituperantur
884 1463 1038 1506 animae
1069 1461 1328 1521 peccatrices
1344 1497 1355 1516 ,
1383 1471 1434 1505 ut
1455 1461 1571 1506 dicas
1593 1462 1638 1506 in

249 1531 381 1576 corde
403 1540 496 1585 tuo,
522 1532 676 1576 melius
697 1531 843 1587 tuisse,
867 1533 901 1576 si
923 1549 1012 1577 non
1033 1541 1186 1577 essent.
1211 1535 1263 1576 In
1286 1533 1352 1576 sui
1379 1532 1496 1576 enim
1517 1547 1640 1576 com-

250 1601 473 1660 paratione
494 1602 826 1661 vituperantur,
859 1602 966 1646 dum
995 1603 1211 1662 cogitatur
1239 1600 1387 1662 quales
1411 1610 1553 1646 essent
1569 1636 1580 1657 ,
1607 1601 1641 1646 si

252 1686 431 1729 peccare
451 1672 704 1716 noluissent.
733 1672 963 1716 Institutor
986 1682 1133 1716 tamen
1151 1687 1300 1716 earum
1324 1675 1438 1716 Deus
1455 1670 1640 1730 praecla-

253 1741 416 1784 rissime
437 1757 516 1800 pro
538 1743 731 1785 humana
753 1741 960 1786 facultate
985 1741 1230 1785 laudandus
1262 1750 1351 1795 est,
1384 1757 1474 1786 non
1501 1740 1641 1786 solum

253 1810 462 1870 quoniam
484 1820 710 1870 peccantes
733 1825 802 1855 eas
820 1812 935 1870 juste
956 1810 1143 1865 ordinat,
1169 1810 1245 1854 sed
1264 1810 1393 1854 etiam
1416 1811 1518 1870 quia
1535 1810 1642 1854 tales

254 1881 465 1935 instituit,
491 1890 541 1924 ut
565 1881 693 1924 etiam
715 1881 902 1940 peccatis
930 1880 1162 1924 sordidatae
1180 1915 1190 1935 ,
1225 1880 1349 1924 nullo
1382 1880 1514 1924 modo
1534 1880 1643 1924 lucis

255 1951 490 2010 corporalis
512 1950 723 2009 dignitate
753 1960 1014 2011 superentur
1028 1985 1038 2005 ,
1071 1950 1126 1994 de
1147 1966 1233 2010 qua
1254 1959 1401 1994 tamen
1424 1952 1523 2010 jure
1544 1950 1642 1994 lau-

257 2020 402 2065 datur.

316 2094 440 2136 XIII.
477 2091 593 2136 Illud
616 2106 794 2152 quoque
816 2106 973 2135 moneo
995 2106 1144 2135 caveas
1161 2124 1172 2144 ,
1197 2105 1251 2133 ne
1279 2089 1392 2133 forte
1415 2104 1505 2134 non
1527 2090 1644 2134 dicas

260 2162 438 2222 quidem
460 2162 613 2205 melius
634 2161 766 2206 fuisse
787 2171 836 2205 ut
858 2176 947 2205 non
975 2169 1136 2214 essent,
1170 2159 1246 2203 sed
1268 2159 1384 2204 dicas
1406 2160 1530 2203 aliter
1551 2160 1645 2203 fieri

261 2248 331 2276 eas
353 2233 567 2277 debuisse.
595 2232 819 2292 Quidquid
842 2232 957 2275 enim
979 2230 1059 2274 tibi
1082 2245 1182 2274 vera
1201 2230 1367 2273 ratione
1388 2229 1542 2274 melius
1569 2245 1645 2274 oc-

263 2303 469 2357 currerit,
495 2305 600 2347 scias
626 2302 774 2347 fecisse
799 2305 937 2346 Deum
959 2311 1166 2360 tanquam
1198 2300 1414 2343 bonorum
1449 2299 1644 2343 omnium

264 2373 547 2416 conditorem.
577 2376 673 2417 Non
697 2381 760 2416 est
782 2381 926 2416 autem
955 2386 1055 2414 vera
1078 2370 1185 2414 ratio
1202 2404 1212 2423 ,
1244 2370 1319 2413 sed
1345 2369 1490 2413 invida
1522 2368 1645 2411 infir-

266 2444 390 2486 mitas
407 2478 418 2498 ‚
443 2459 543 2487 cum
566 2443 730 2503 aliquid
751 2442 904 2486 melius
936 2440 1181 2485 faciendum
1210 2440 1340 2484 fuisse
1367 2438 1616 2497 cogitaveris
1631 2472 1642 2493 ‚

262 2511 352 2569 jam
373 2513 482 2557 nihil
510 2513 630 2558 aliud
657 2513 836 2558 inferius
858 2511 970 2557 velle
992 2511 1084 2556 fieri
1100 2545 1111 2566 ,
1137 2519 1343 2569 tanquam
1365 2510 1398 2552 si
1420 2516 1645 2567 perspecto
