1729 3143
237 185 319 221 210
439 191 471 219 s.
507 191 738 220 Auousnm
769 190 951 218 EPISGOPI
983 191 1037 217 DE
1069 191 1188 220 umus
1221 193 1407 221 Fxcmto.

229 269 316 303 tam
342 265 514 307 terram,
533 253 732 314 appende
748 269 849 298 cum
869 255 1042 300 Christo
1059 254 1226 300 coelum
1243 265 1287 301 et
1305 266 1485 302 terram:
1508 259 1618 303 nihil

228 336 421 372 creatum
437 340 536 370 cum
551 326 757 369 Creatore
772 333 991 384 pensatur,
1007 324 1180 370 nullum
1197 341 1306 386 opus
1324 328 1477 372 artifici
1494 343 1618 373 com-

225 406 415 457 paratur.
435 394 630 439 «Omnia
648 410 725 454 per
739 396 884 455 ipsum
901 394 1015 440 sacta
1028 405 1147 452 sunt,
1168 405 1212 441 et
1232 397 1323 441 sine
1339 397 1433 456 ipso
1452 397 1618 443 factum

228 485 250 510 n
285 475 348 511 est
378 464 533 509 nihil1:
560 483 582 507 »
609 474 821 511 ettamen
842 482 866 511 a
888 467 1247 527 persequentibus
1282 466 1519 527 deputatus
1555 477 1620 513 est

222 534 347 580 nihil.
382 537 590 581 Feramus
611 550 715 596 ergo
744 537 868 597 quod
888 552 967 582 nos
1001 541 1117 582 Deus
1138 536 1251 582 ferre
1271 537 1509 595 voluerit2;
1544 538 1622 598 qui

222 604 347 650 nobis
369 605 573 651 curandis
595 615 728 668 atque
749 606 968 663 sanandis,
987 608 1084 668 quis
1105 608 1237 652 etiam
1259 607 1385 652 dolor
1406 607 1462 652 sit
1482 606 1618 662 utilis,

219 676 330 721 sicut
352 675 550 722 medicus
571 677 710 724 novit.
737 680 867 726 Certe
888 679 1101 738 scriptum
1123 688 1207 723 est:
1232 696 1254 721 «
1275 679 1489 722 Patientia
1510 691 1622 737 opus

225 764 247 789 »
282 747 527 807 perfectum
554 749 732 795 hahet3.
762 768 782 791 n
808 750 940 804 Quod
964 759 1112 795 autem
1136 750 1218 794 erit
1245 764 1355 808 opus
1381 747 1621 808 patientiae,

222 816 257 861 si
278 817 389 862 nihil
412 819 582 864 adversi
603 820 851 880 patiamur?
879 822 970 867 Cur
991 835 1091 879 ergo
1111 820 1226 864 mala
1246 818 1501 879 temporalia
1521 833 1625 878 per-

198 905 201 908 ·
222 889 314 947 peti
347 892 621 935 recusamus?
654 907 710 935 an
731 890 845 936 forte
878 893 1028 951 perfici
1049 891 1362 936 formidamus?
1386 891 1471 934 Sed
1492 888 1622 948 plane

221 973 395 1004 oremus
412 968 453 1004 et
469 960 804 1019 ingemiscamus
821 970 864 1006 et
883 960 1106 1020 ploremus
1128 961 1182 1006 ad
1205 960 1444 1005 Dominum
1467 967 1517 1002 ut
1537 972 1626 1001 ser-

225 1038 352 1074 vetur
372 1045 474 1090 erga
496 1046 574 1075 nos
594 1030 716 1092 quod
733 1031 967 1092 Apostolus
990 1033 1097 1078 dicit
1115 1051 1124 1077 :
1154 1049 1175 1074 (ι
1199 1030 1360 1075 Fidelis
1382 1032 1519 1083 Deus,
1550 1027 1627 1087 qui

227 1118 246 1141 »
281 1115 372 1145 non
394 1116 472 1146 vos
492 1102 603 1140 sincn.
629 1103 787 1136 tentari
807 1119 937 1154 supra
958 1103 1003 1149 id
1025 1104 1147 1165 quod
1171 1101 1371 1163 potestis,
1396 1098 1473 1145 sed
1495 1097 1627 1143 faciet

225 1186 248 1208 »
280 1186 387 1209 cum
405 1165 646 1212 tentatione
668 1163 802 1208 etiam
825 1166 1007 1227 exitum,
1032 1184 1082 1219 ut
1102 1174 1316 1220 sustinere
1333 1170 1546 1225 possitis⁴.
1570 1186 1592 1210 »

275 1266 286 1284 ¹
305 1261 397 1294 soan.
418 1270 444 1303 1,
464 1259 549 1294 3.—
564 1265 578 1283 ²
600 1260 686 1296 Beda
702 1260 848 1305 vulgatus
865 1263 906 1297 ad
926 1273 940 1296 1
965 1265 1038 1297 Cor.
1058 1274 1142 1297 x.-=
1159 1259 1172 1287 3
1189 1260 1306 1296 Jacob.
1325 1273 1351 1304 1,
1370 1260 1403 1304 4.
1417 1278 1460 1286 -
1477 1259 1495 1292 4
1514 1271 1528 1295 1
1549 1262 1624 1296 Cor.

230 1328 265 1360 x,
287 1317 339 1352 13.
