<?xml version="1.0" encoding="UTF-8"?>
<!DOCTYPE html PUBLIC "-//W3C//DTD XHTML 1.0 Transitional//EN"
    "http://www.w3.org/TR/xhtml1/DTD/xhtml1-transitional.dtd">
<html xmlns="http://www.w3.org/1999/xhtml" xml:lang="en" lang="en">
 <head>
  <title>
</title>
<meta http-equiv="Content-Type" content="text/html;charset=utf-8" />
  <meta name='ocr-system' content='tesseract 3.04.00' />
  <meta name='ocr-capabilities' content='ocr_page ocr_carea ocr_par ocr_line ocrx_word'/>
</head>
<body>
  <div class='ocr_page' id='page_1' title='image "./operaomniaaccura27auguuoft/operaomniaaccura27auguuoft_0109.png"; bbox 0 0 1729 3143; ppageno 0'>
   <div class='ocr_carea' id='block_1_1' title="bbox 19 222 1408 1053">
    <p class='ocr_par' dir='ltr' id='par_1_1' title="bbox 19 222 1408 1053">
     <span class='ocr_line' id='line_1_1' title="bbox 434 222 1402 258; baseline -0.003 -2"><span class='ocrx_word' id='word_1_1' title='bbox 434 233 485 256; x_wconf 73' lang='lat' dir='ltr'><strong>DE</strong></span> <span class='ocrx_word' id='word_1_2' title='bbox 517 233 723 258; x_wconf 61' lang='lat' dir='ltr'><strong>syna-710.</strong></span> <span class='ocrx_word' id='word_1_3' title='bbox 762 232 896 256; x_wconf 50' lang='lat' dir='ltr'><strong>sxntwo</strong></span> <span class='ocrx_word' id='word_1_4' title='bbox 933 232 986 255; x_wconf 80' lang='lat' dir='ltr'><strong>iv.</strong></span> <span class='ocrx_word' id='word_1_5' title='bbox 1348 222 1402 257; x_wconf 73' lang='grc'><strong>99</strong></span> 
     </span>
     <span class='ocr_line' id='line_1_2' title="bbox 24 292 1403 350; baseline 0 -15"><span class='ocrx_word' id='word_1_6' title='bbox 24 293 230 336; x_wconf 80' lang='lat' dir='ltr'><strong>minando</strong></span> <span class='ocrx_word' id='word_1_7' title='bbox 262 293 449 336; x_wconf 80' lang='lat' dir='ltr'><strong>terrebat</strong></span> <span class='ocrx_word' id='word_1_8' title='bbox 469 328 479 347; x_wconf 82' lang='lat'>,</span> <span class='ocrx_word' id='word_1_9' title='bbox 520 293 595 337; x_wconf 88' lang='lat' dir='ltr'><strong>sed</strong></span> <span class='ocrx_word' id='word_1_10' title='bbox 622 293 817 336; x_wconf 81' lang='lat' dir='ltr'><strong>Christus</strong></span> <span class='ocrx_word' id='word_1_11' title='bbox 839 304 1044 336; x_wconf 75' lang='lat' dir='ltr'><strong>aeternam</strong></span> <span class='ocrx_word' id='word_1_12' title='bbox 1069 292 1198 335; x_wconf 79' lang='lat' dir='ltr'><strong>vitam</strong></span> <span class='ocrx_word' id='word_1_13' title='bbox 1223 294 1403 350; x_wconf 81' lang='lat' dir='ltr'><strong>promit-</strong></span> 
     </span>
     <span class='ocr_line' id='line_1_3' title="bbox 23 361 1404 421; baseline 0.001 -16"><span class='ocrx_word' id='word_1_14' title='bbox 23 362 157 406; x_wconf 88' lang='lat' dir='ltr'><strong>tebat.</strong></span> <span class='ocrx_word' id='word_1_15' title='bbox 181 363 462 406; x_wconf 84' lang='lat' dir='ltr'><strong>Adversarius</strong></span> <span class='ocrx_word' id='word_1_16' title='bbox 484 361 683 406; x_wconf 89' lang='lat' dir='ltr'><strong>diabolus</strong></span> <span class='ocrx_word' id='word_1_17' title='bbox 704 377 877 404; x_wconf 84' lang='lat' dir='ltr'><strong>carnem</strong></span> <span class='ocrx_word' id='word_1_18' title='bbox 895 372 1224 421; x_wconf 84' lang='lat' dir='ltr'><strong>perempturum</strong></span> <span class='ocrx_word' id='word_1_19' title='bbox 1248 377 1292 405; x_wconf 87' lang='lat' dir='ltr'><strong>se</strong></span> <span class='ocrx_word' id='word_1_20' title='bbox 1314 377 1404 406; x_wconf 87' lang='lat' dir='ltr'><strong>esse</strong></span> 
     </span>
     <span class='ocr_line' id='line_1_4' title="bbox 23 431 1404 491; baseline 0.001 -17"><span class='ocrx_word' id='word_1_21' title='bbox 23 431 194 475; x_wconf 91' lang='lat' dir='ltr'><strong>dicebat</strong></span> <span class='ocrx_word' id='word_1_22' title='bbox 215 451 224 476; x_wconf 89' lang='lat'>:</span> <span class='ocrx_word' id='word_1_23' title='bbox 248 435 338 476; x_wconf 80' lang='lat' dir='ltr'><strong>Rex</strong></span> <span class='ocrx_word' id='word_1_24' title='bbox 354 441 504 475; x_wconf 39' lang='lat' dir='ltr'><strong>*autem</strong></span> <span class='ocrx_word' id='word_1_25' title='bbox 526 440 671 475; x_wconf 90' lang='lat' dir='ltr'><strong>noster</strong></span> <span class='ocrx_word' id='word_1_26' title='bbox 685 441 734 474; x_wconf 88' lang='lat' dir='ltr'><strong>ut</strong></span> <span class='ocrx_word' id='word_1_27' title='bbox 750 431 926 475; x_wconf 83' lang='lat' dir='ltr'><strong>doceret</strong></span> <span class='ocrx_word' id='word_1_28' title='bbox 943 432 1164 491; x_wconf 88' lang='lat' dir='ltr'><strong>quomodo</strong></span> <span class='ocrx_word' id='word_1_29' title='bbox 1178 433 1268 491; x_wconf 80' lang='lat' dir='ltr'><strong>ejus</strong></span> <span class='ocrx_word' id='word_1_30' title='bbox 1282 447 1404 476; x_wconf 76' lang='lat' dir='ltr'><strong>exer·</strong></span> 
     </span>
     <span class='ocr_line' id='line_1_5' title="bbox 25 500 1406 561; baseline 0.002 -17"><span class='ocrx_word' id='word_1_31' title='bbox 25 501 134 544; x_wconf 89' lang='lat' dir='ltr'><strong>citus</strong></span> <span class='ocrx_word' id='word_1_32' title='bbox 156 501 346 546; x_wconf 89' lang='lat' dir='ltr'><strong>vinceret</strong></span> <span class='ocrx_word' id='word_1_33' title='bbox 363 535 374 556; x_wconf 93' lang='lat'>,</span> <span class='ocrx_word' id='word_1_34' title='bbox 401 502 447 544; x_wconf 87' lang='lat' dir='ltr'><strong>in</strong></span> <span class='ocrx_word' id='word_1_35' title='bbox 478 516 522 544; x_wconf 91' lang='lat' dir='ltr'><strong>se</strong></span> <span class='ocrx_word' id='word_1_36' title='bbox 554 500 867 544; x_wconf 88' lang='lat' dir='ltr'><strong>demonstravit</strong></span> <span class='ocrx_word' id='word_1_37' title='bbox 888 511 1072 545; x_wconf 89' lang='lat' dir='ltr'><strong>mortem</strong></span> <span class='ocrx_word' id='word_1_38' title='bbox 1103 503 1294 561; x_wconf 86' lang='lat' dir='ltr'><strong>corporis</strong></span> <span class='ocrx_word' id='word_1_39' title='bbox 1314 518 1406 547; x_wconf 88' lang='lat' dir='ltr'><strong>non</strong></span> 
     </span>
     <span class='ocr_line' id='line_1_6' title="bbox 23 571 1403 632; baseline 0.004 -18"><span class='ocrx_word' id='word_1_40' title='bbox 23 586 112 615; x_wconf 90' lang='lat' dir='ltr'><strong>esse</strong></span> <span class='ocrx_word' id='word_1_41' title='bbox 134 572 371 616; x_wconf 86' lang='lat' dir='ltr'><strong>timendam</strong></span> <span class='ocrx_word' id='word_1_42' title='bbox 391 606 402 626; x_wconf 91' lang='lat'><strong>‚</strong></span> <span class='ocrx_word' id='word_1_43' title='bbox 427 571 534 615; x_wconf 91' lang='lat' dir='ltr'><strong>dum</strong></span> <span class='ocrx_word' id='word_1_44' title='bbox 553 572 668 630; x_wconf 89' lang='lat' dir='ltr'><strong>prior</strong></span> <span class='ocrx_word' id='word_1_45' title='bbox 683 572 773 631; x_wconf 90' lang='lat' dir='ltr'><strong>ipse</strong></span> <span class='ocrx_word' id='word_1_46' title='bbox 794 587 873 631; x_wconf 89' lang='lat' dir='ltr'><strong>pro</strong></span> <span class='ocrx_word' id='word_1_47' title='bbox 890 572 1094 616; x_wconf 88' lang='lat' dir='ltr'><strong>omnibus</strong></span> <span class='ocrx_word' id='word_1_48' title='bbox 1111 574 1316 632; x_wconf 84' lang='lat' dir='ltr'><strong>dignatus</strong></span> <span class='ocrx_word' id='word_1_49' title='bbox 1338 584 1403 619; x_wconf 91' lang='lat' dir='ltr'><strong>est</strong></span> 
     </span>
     <span class='ocr_line' id='line_1_7' title="bbox 22 642 1402 703; baseline 0.003 -18"><span class='ocrx_word' id='word_1_50' title='bbox 22 642 162 696; x_wconf 87' lang='lat' dir='ltr'><strong>mori,</strong></span> <span class='ocrx_word' id='word_1_51' title='bbox 185 657 242 685; x_wconf 89' lang='lat' dir='ltr'><strong>ne</strong></span> <span class='ocrx_word' id='word_1_52' title='bbox 262 643 353 701; x_wconf 90' lang='lat' dir='ltr'><strong>ejus</strong></span> <span class='ocrx_word' id='word_1_53' title='bbox 375 643 587 686; x_wconf 75' lang='lat' dir='ltr'><strong>exercitus</strong></span> <span class='ocrx_word' id='word_1_54' title='bbox 610 659 632 686; x_wconf 89' lang='lat' dir='ltr'><strong>a</strong></span> <span class='ocrx_word' id='word_1_55' title='bbox 653 642 831 687; x_wconf 78' lang='lat' dir='ltr'><strong>diabolo</strong></span> <span class='ocrx_word' id='word_1_56' title='bbox 851 644 898 687; x_wconf 89' lang='lat' dir='ltr'><strong>in</strong></span> <span class='ocrx_word' id='word_1_57' title='bbox 920 643 1061 687; x_wconf 89' lang='lat' dir='ltr'><strong>anima</strong></span> <span class='ocrx_word' id='word_1_58' title='bbox 1083 654 1227 703; x_wconf 89' lang='lat' dir='ltr'><strong>posset</strong></span> <span class='ocrx_word' id='word_1_59' title='bbox 1248 645 1402 690; x_wconf 85' lang='lat' dir='ltr'><strong>occidi.</strong></span> 
     </span>
     <span class='ocr_line' id='line_1_8' title="bbox 22 711 1402 771; baseline 0.003 -16"><span class='ocrx_word' id='word_1_60' title='bbox 22 713 115 756; x_wconf 90' lang='lat' dir='ltr'><strong>Hoc</strong></span> <span class='ocrx_word' id='word_1_61' title='bbox 136 712 290 770; x_wconf 87' lang='lat' dir='ltr'><strong>agebat</strong></span> <span class='ocrx_word' id='word_1_62' title='bbox 312 713 358 756; x_wconf 90' lang='lat' dir='ltr'><strong>in</strong></span> <span class='ocrx_word' id='word_1_63' title='bbox 379 712 454 756; x_wconf 89' lang='lat' dir='ltr'><strong>illo</strong></span> <span class='ocrx_word' id='word_1_64' title='bbox 477 711 626 771; x_wconf 84' lang='lat' dir='ltr'><strong>praelio</strong></span> <span class='ocrx_word' id='word_1_65' title='bbox 648 711 849 758; x_wconf 81' lang='lat' dir='ltr'><strong>djabolus</strong></span> <span class='ocrx_word' id='word_1_66' title='bbox 866 749 878 768; x_wconf 86' lang='lat'>,</span> <span class='ocrx_word' id='word_1_67' title='bbox 903 714 938 757; x_wconf 92' lang='lat' dir='ltr'><strong>si</strong></span> <span class='ocrx_word' id='word_1_68' title='bbox 964 714 1046 758; x_wconf 87' lang='lat' dir='ltr'><strong>sibi</strong></span> <span class='ocrx_word' id='word_1_69' title='bbox 1069 715 1402 760; x_wconf 79' lang='lat' dir='ltr'><strong>consentiretur:</strong></span> 
     </span>
     <span class='ocr_line' id='line_1_9' title="bbox 24 781 1406 844; baseline 0.004 -20"><span class='ocrx_word' id='word_1_70' title='bbox 24 781 187 825; x_wconf 86' lang='lat' dir='ltr'><strong>animas</strong></span> <span class='ocrx_word' id='word_1_71' title='bbox 213 781 393 839; x_wconf 83' lang='lat' dir='ltr'>perdere</span> <span class='ocrx_word' id='word_1_72' title='bbox 417 782 621 840; x_wconf 86' lang='lat' dir='ltr'><strong>cupiebat</strong></span> <span class='ocrx_word' id='word_1_73' title='bbox 640 817 650 836; x_wconf 94' lang='lat'>‚</span> <span class='ocrx_word' id='word_1_74' title='bbox 675 792 719 827; x_wconf 88' lang='lat' dir='ltr'><strong>et</strong></span> <span class='ocrx_word' id='word_1_75' title='bbox 739 783 923 827; x_wconf 86' lang='lat' dir='ltr'><strong>salutem</strong></span> <span class='ocrx_word' id='word_1_76' title='bbox 944 785 1200 843; x_wconf 89' lang='lat' dir='ltr'><strong>corporibus</strong></span> <span class='ocrx_word' id='word_1_77' title='bbox 1220 785 1406 844; x_wconf 80' lang='lat' dir='ltr'><strong>promit·</strong></span> 
     </span>
     <span class='ocr_line' id='line_1_10' title="bbox 24 850 1407 912; baseline 0.003 -17"><span class='ocrx_word' id='word_1_78' title='bbox 24 850 159 895; x_wconf 89' lang='lat' dir='ltr'><strong>tebat.</strong></span> <span class='ocrx_word' id='word_1_79' title='bbox 190 851 384 895; x_wconf 91' lang='lat' dir='ltr'><strong>Christus</strong></span> <span class='ocrx_word' id='word_1_80' title='bbox 416 852 525 896; x_wconf 90' lang='lat' dir='ltr'><strong>mori</strong></span> <span class='ocrx_word' id='word_1_81' title='bbox 552 852 740 896; x_wconf 88' lang='lat' dir='ltr'><strong>docebat</strong></span> <span class='ocrx_word' id='word_1_82' title='bbox 761 852 816 897; x_wconf 90' lang='lat' dir='ltr'><strong>ad</strong></span> <span class='ocrx_word' id='word_1_83' title='bbox 838 862 1008 912; x_wconf 88' lang='lat' dir='ltr'><strong>tempus</strong></span> <span class='ocrx_word' id='word_1_84' title='bbox 1025 889 1036 908; x_wconf 89' lang='lat'>‚</span> <span class='ocrx_word' id='word_1_85' title='bbox 1075 863 1120 898; x_wconf 88' lang='lat' dir='ltr'><strong>et</strong></span> <span class='ocrx_word' id='word_1_86' title='bbox 1153 855 1341 899; x_wconf 88' lang='lat' dir='ltr'><strong>animam</strong></span> <span class='ocrx_word' id='word_1_87' title='bbox 1364 864 1407 899; x_wconf 89' lang='lat' dir='ltr'><strong>et</strong></span> 
     </span>
     <span class='ocr_line' id='line_1_11' title="bbox 22 922 1408 980; baseline 0.004 -15"><span class='ocrx_word' id='word_1_88' title='bbox 22 936 178 980; x_wconf 89' lang='lat' dir='ltr'><strong>corpus</strong></span> <span class='ocrx_word' id='word_1_89' title='bbox 199 922 342 966; x_wconf 87' lang='lat' dir='ltr'><strong>vivere</strong></span> <span class='ocrx_word' id='word_1_90' title='bbox 358 923 404 966; x_wconf 89' lang='lat' dir='ltr'><strong>in</strong></span> <span class='ocrx_word' id='word_1_91' title='bbox 420 932 649 966; x_wconf 82' lang='lat' dir='ltr'><strong>aeternum.</strong></span> <span class='ocrx_word' id='word_1_92' title='bbox 673 923 752 967; x_wconf 89' lang='lat' dir='ltr'><strong>Ille</strong></span> <span class='ocrx_word' id='word_1_93' title='bbox 768 922 968 969; x_wconf 88' lang='lat' dir='ltr'><strong>dicebat:</strong></span> <span class='ocrx_word' id='word_1_94' title='bbox 991 925 1035 969; x_wconf 89' lang='lat' dir='ltr'><strong>Si</strong></span> <span class='ocrx_word' id='word_1_95' title='bbox 1051 925 1160 969; x_wconf 91' lang='lat' dir='ltr'><strong>mihi</strong></span> <span class='ocrx_word' id='word_1_96' title='bbox 1177 940 1408 970; x_wconf 90' lang='lat' dir='ltr'><strong>consense-</strong></span> 
     </span>
     <span class='ocr_line' id='line_1_12' title="bbox 19 991 1405 1053; baseline 0.004 -19"><span class='ocrx_word' id='word_1_97' title='bbox 19 991 110 1035; x_wconf 82' lang='lat' dir='ltr'><strong>ritis</strong></span> <span class='ocrx_word' id='word_1_98' title='bbox 129 1025 140 1044; x_wconf 93' lang='lat'>‚</span> <span class='ocrx_word' id='word_1_99' title='bbox 175 991 290 1037; x_wconf 90' lang='lat' dir='ltr'><strong>dabo</strong></span> <span class='ocrx_word' id='word_1_100' title='bbox 311 992 435 1036; x_wconf 87' lang='lat' dir='ltr'><strong>vobis</strong></span> <span class='ocrx_word' id='word_1_101' title='bbox 470 993 601 1036; x_wconf 90' lang='lat' dir='ltr'><strong>vitam</strong></span> <span class='ocrx_word' id='word_1_102' title='bbox 621 994 746 1037; x_wconf 87' lang='lat' dir='ltr'><strong>istam</strong></span> <span class='ocrx_word' id='word_1_103' title='bbox 768 993 1054 1053; x_wconf 87' lang='lat' dir='ltr'>temporalem</span> <span class='ocrx_word' id='word_1_104' title='bbox 1074 1016 1086 1051; x_wconf 80' lang='lat'><em>3</em></span> <span class='ocrx_word' id='word_1_105' title='bbox 1114 996 1311 1041; x_wconf 90' lang='lat' dir='ltr'><strong>Christus</strong></span> <span class='ocrx_word' id='word_1_106' title='bbox 1334 996 1405 1040; x_wconf 90' lang='lat' dir='ltr'><strong>di-</strong></span> 
     </span>
    </p>
   </div>
   <div class='ocr_carea' id='block_1_2' title="bbox 18 1060 1407 1182">
    <p class='ocr_par' dir='ltr' id='par_1_2' title="bbox 18 1060 1407 1182">
     <span class='ocr_line' id='line_1_13' title="bbox 19 1060 1407 1125; baseline 0.004 -20"><span class='ocrx_word' id='word_1_107' title='bbox 19 1060 147 1105; x_wconf 86' lang='lat' dir='ltr'><strong>cebat</strong></span> <span class='ocrx_word' id='word_1_108' title='bbox 172 1080 180 1106; x_wconf 87' lang='lat'>:</span> <span class='ocrx_word' id='word_1_109' title='bbox 208 1062 251 1106; x_wconf 90' lang='lat' dir='ltr'><strong>Si</strong></span> <span class='ocrx_word' id='word_1_110' title='bbox 277 1077 299 1105; x_wconf 90' lang='lat' dir='ltr'><strong>a</strong></span> <span class='ocrx_word' id='word_1_111' title='bbox 328 1077 398 1105; x_wconf 92' lang='lat' dir='ltr'><strong>me</strong></span> <span class='ocrx_word' id='word_1_112' title='bbox 430 1077 519 1106; x_wconf 89' lang='lat' dir='ltr'><strong>non</strong></span> <span class='ocrx_word' id='word_1_113' title='bbox 550 1062 823 1108; x_wconf 83' lang='lat' dir='ltr'><strong>discesseritis</strong></span> <span class='ocrx_word' id='word_1_114' title='bbox 841 1099 852 1119; x_wconf 89' lang='lat'>‚</span> <span class='ocrx_word' id='word_1_115' title='bbox 892 1080 973 1109; x_wconf 90' lang='lat' dir='ltr'><strong>nec</strong></span> <span class='ocrx_word' id='word_1_116' title='bbox 996 1066 1281 1125; x_wconf 83' lang='lat' dir='ltr'><strong>temporalem</strong></span> <span class='ocrx_word' id='word_1_117' title='bbox 1304 1081 1407 1125; x_wconf 89' lang='lat' dir='ltr'><strong>per-</strong></span> 
     </span>
     <span class='ocr_line' id='line_1_14' title="bbox 18 1129 1407 1182; baseline 0.004 -12"><span class='ocrx_word' id='word_1_118' title='bbox 18 1129 117 1171; x_wconf 82' lang='lat' dir='ltr'><strong>ditis</strong></span> <span class='ocrx_word' id='word_1_119' title='bbox 132 1161 144 1181; x_wconf 89' lang='lat'><em>‚</em></span> <span class='ocrx_word' id='word_1_120' title='bbox 168 1135 212 1169; x_wconf 88' lang='lat' dir='ltr'><strong>et</strong></span> <span class='ocrx_word' id='word_1_121' title='bbox 233 1129 481 1170; x_wconf 72' lang='lat' dir='ltr'><strong>aeternalem</strong></span> <span class='ocrx_word' id='word_1_122' title='bbox 514 1134 746 1182; x_wconf 62' lang='lat' dir='ltr'><strong>accipietis.</strong></span> <span class='ocrx_word' id='word_1_123' title='bbox 783 1134 991 1169; x_wconf 83' lang='lat' dir='ltr'><strong>Diabolus</strong></span> <span class='ocrx_word' id='word_1_124' title='bbox 1027 1129 1202 1171; x_wconf 90' lang='lat' dir='ltr'><strong>dicebat</strong></span> <span class='ocrx_word' id='word_1_125' title='bbox 1229 1146 1239 1173; x_wconf 91' lang='lat'>:</span> <span class='ocrx_word' id='word_1_126' title='bbox 1264 1131 1407 1176; x_wconf 89' lang='lat' dir='ltr'><strong>Nolite</strong></span> 
     </span>
    </p>
   </div>
   <div class='ocr_carea' id='block_1_3' title="bbox 0 1195 1409 2647">
    <p class='ocr_par' dir='ltr' id='par_1_3' title="bbox 0 1195 1409 2647">
     <span class='ocr_line' id='line_1_15' title="bbox 19 1195 1408 1258; baseline 0.004 -18"><span class='ocrx_word' id='word_1_127' title='bbox 19 1196 200 1257; x_wconf 87' lang='lat' dir='ltr'><strong>perdere</strong></span> <span class='ocrx_word' id='word_1_128' title='bbox 221 1197 345 1240; x_wconf 88' lang='lat' dir='ltr'><strong>istam</strong></span> <span class='ocrx_word' id='word_1_129' title='bbox 375 1195 520 1239; x_wconf 85' lang='lat' dir='ltr'><strong>lucem</strong></span> <span class='ocrx_word' id='word_1_130' title='bbox 542 1216 552 1251; x_wconf 78' lang='lat'>3</span> <span class='ocrx_word' id='word_1_131' title='bbox 581 1195 778 1240; x_wconf 90' lang='lat' dir='ltr'><strong>Christus</strong></span> <span class='ocrx_word' id='word_1_132' title='bbox 800 1195 972 1240; x_wconf 85' lang='lat' dir='ltr'><strong>dicebat</strong></span> <span class='ocrx_word' id='word_1_133' title='bbox 995 1215 1003 1240; x_wconf 92' lang='lat'>:</span> <span class='ocrx_word' id='word_1_134' title='bbox 1030 1199 1124 1256; x_wconf 84' lang='lat' dir='ltr'><strong>Ego</strong></span> <span class='ocrx_word' id='word_1_135' title='bbox 1153 1199 1230 1258; x_wconf 85' lang='lat' dir='ltr'><strong>qui</strong></span> <span class='ocrx_word' id='word_1_136' title='bbox 1259 1198 1343 1244; x_wconf 88' lang='lat' dir='ltr'><strong>feci</strong></span> <span class='ocrx_word' id='word_1_137' title='bbox 1364 1211 1408 1245; x_wconf 91' lang='lat' dir='ltr'><strong>et</strong></span> 
     </span>
     <span class='ocr_line' id='line_1_16' title="bbox 20 1265 1405 1326; baseline 0.002 -14"><span class='ocrx_word' id='word_1_138' title='bbox 20 1268 144 1312; x_wconf 84' lang='lat' dir='ltr'><strong>istam</strong></span> <span class='ocrx_word' id='word_1_139' title='bbox 164 1301 175 1322; x_wconf 92' lang='lat'>‚</span> <span class='ocrx_word' id='word_1_140' title='bbox 200 1267 316 1312; x_wconf 89' lang='lat' dir='ltr'><strong>dabo</strong></span> <span class='ocrx_word' id='word_1_141' title='bbox 336 1265 576 1311; x_wconf 85' lang='lat' dir='ltr'><strong>meliorem.</strong></span> <span class='ocrx_word' id='word_1_142' title='bbox 602 1266 732 1319; x_wconf 88' lang='lat' dir='ltr'><strong>Quod</strong></span> <span class='ocrx_word' id='word_1_143' title='bbox 753 1265 827 1310; x_wconf 88' lang='lat' dir='ltr'><strong>ille</strong></span> <span class='ocrx_word' id='word_1_144' title='bbox 850 1266 1065 1326; x_wconf 87' lang='lat' dir='ltr'><strong>promittit</strong></span> <span class='ocrx_word' id='word_1_145' title='bbox 1082 1302 1093 1322; x_wconf 87' lang='lat'><strong><em>‚</em></strong></span> <span class='ocrx_word' id='word_1_146' title='bbox 1127 1269 1186 1312; x_wconf 90' lang='lat' dir='ltr'><strong>ait</strong></span> <span class='ocrx_word' id='word_1_147' title='bbox 1206 1270 1405 1315; x_wconf 89' lang='lat' dir='ltr'><strong>Christus</strong></span> 
     </span>
     <span class='ocr_line' id='line_1_17' title="bbox 21 1336 1402 1397; baseline 0.002 -15"><span class='ocrx_word' id='word_1_148' title='bbox 21 1346 165 1383; x_wconf 89' lang='lat' dir='ltr'><strong>noster</strong></span> <span class='ocrx_word' id='word_1_149' title='bbox 184 1372 196 1393; x_wconf 92' lang='lat'>,</span> <span class='ocrx_word' id='word_1_150' title='bbox 217 1337 262 1381; x_wconf 90' lang='lat' dir='ltr'><strong>in</strong></span> <span class='ocrx_word' id='word_1_151' title='bbox 282 1345 494 1397; x_wconf 85' lang='lat' dir='ltr'><strong>potestate</strong></span> <span class='ocrx_word' id='word_1_152' title='bbox 510 1336 614 1380; x_wconf 88' lang='lat' dir='ltr'><strong>dare</strong></span> <span class='ocrx_word' id='word_1_153' title='bbox 631 1351 719 1380; x_wconf 90' lang='lat' dir='ltr'><strong>non</strong></span> <span class='ocrx_word' id='word_1_154' title='bbox 739 1336 872 1380; x_wconf 87' lang='lat' dir='ltr'><strong>habet</strong></span> <span class='ocrx_word' id='word_1_155' title='bbox 888 1372 899 1391; x_wconf 88' lang='lat'>‚</span> <span class='ocrx_word' id='word_1_156' title='bbox 925 1346 968 1381; x_wconf 91' lang='lat' dir='ltr'><strong>et</strong></span> <span class='ocrx_word' id='word_1_157' title='bbox 994 1337 1084 1381; x_wconf 81' lang='lat' dir='ltr'><strong>haec</strong></span> <span class='ocrx_word' id='word_1_158' title='bbox 1103 1337 1177 1382; x_wconf 82' lang='lat' dir='ltr'><strong>lux</strong></span> <span class='ocrx_word' id='word_1_159' title='bbox 1199 1354 1294 1383; x_wconf 91' lang='lat' dir='ltr'><strong>mea</strong></span> <span class='ocrx_word' id='word_1_160' title='bbox 1316 1350 1402 1396; x_wconf 89' lang='lat' dir='ltr'><strong>est,</strong></span> 
     </span>
     <span class='ocr_line' id='line_1_18' title="bbox 19 1405 1405 1470; baseline 0.002 -18"><span class='ocrx_word' id='word_1_161' title='bbox 19 1417 63 1452; x_wconf 84' lang='lat' dir='ltr'><strong>et</strong></span> <span class='ocrx_word' id='word_1_162' title='bbox 81 1408 177 1452; x_wconf 83' lang='lat' dir='ltr'><strong>haec</strong></span> <span class='ocrx_word' id='word_1_163' title='bbox 197 1408 286 1452; x_wconf 89' lang='lat' dir='ltr'><strong>vita</strong></span> <span class='ocrx_word' id='word_1_164' title='bbox 309 1442 320 1462; x_wconf 89' lang='lat'>‚</span> <span class='ocrx_word' id='word_1_165' title='bbox 355 1422 423 1451; x_wconf 92' lang='lat' dir='ltr'><strong>me</strong></span> <span class='ocrx_word' id='word_1_166' title='bbox 447 1415 588 1451; x_wconf 86' lang='lat' dir='ltr'><strong>creata</strong></span> <span class='ocrx_word' id='word_1_167' title='bbox 610 1415 675 1450; x_wconf 90' lang='lat' dir='ltr'><strong>est</strong></span> <span class='ocrx_word' id='word_1_168' title='bbox 698 1424 708 1450; x_wconf 73' lang='grc' dir='ltr'>ε</span> <span class='ocrx_word' id='word_1_169' title='bbox 733 1405 809 1450; x_wconf 88' lang='lat' dir='ltr'><strong>sed</strong></span> <span class='ocrx_word' id='word_1_170' title='bbox 830 1406 950 1450; x_wconf 90' lang='lat' dir='ltr'><strong>illam</strong></span> <span class='ocrx_word' id='word_1_171' title='bbox 971 1417 1150 1466; x_wconf 88' lang='lat' dir='ltr'><strong>propter</strong></span> <span class='ocrx_word' id='word_1_172' title='bbox 1171 1424 1302 1470; x_wconf 91' lang='lat' dir='ltr'><strong>quam</strong></span> <span class='ocrx_word' id='word_1_173' title='bbox 1324 1410 1405 1455; x_wconf 89' lang='lat' dir='ltr'><strong>do·-</strong></span> 
     </span>
     <span class='ocr_line' id='line_1_19' title="bbox 18 1476 1403 1525; baseline 0.001 -2"><span class='ocrx_word' id='word_1_174' title='bbox 18 1478 200 1524; x_wconf 81' lang='lat' dir='ltr'><strong>cendam</strong></span> <span class='ocrx_word' id='word_1_175' title='bbox 222 1478 320 1522; x_wconf 84' lang='lat' dir='ltr'><strong>veni</strong></span> <span class='ocrx_word' id='word_1_176' title='bbox 343 1494 365 1522; x_wconf 87' lang='lat' dir='ltr'><strong>a</strong></span> <span class='ocrx_word' id='word_1_177' title='bbox 389 1477 530 1522; x_wconf 86' lang='lat' dir='ltr'><strong>multo</strong></span> <span class='ocrx_word' id='word_1_178' title='bbox 552 1476 832 1522; x_wconf 81' lang='lat' dir='ltr'><strong>excellentior</strong></span> <span class='ocrx_word' id='word_1_179' title='bbox 859 1485 903 1520; x_wconf 87' lang='lat' dir='ltr'><strong>et</strong></span> <span class='ocrx_word' id='word_1_180' title='bbox 929 1478 1083 1522; x_wconf 87' lang='lat' dir='ltr'><strong>melior</strong></span> <span class='ocrx_word' id='word_1_181' title='bbox 1106 1488 1184 1524; x_wconf 91' lang='lat' dir='ltr'><strong>est.</strong></span> <span class='ocrx_word' id='word_1_182' title='bbox 1209 1481 1403 1525; x_wconf 88' lang='lat' dir='ltr'><strong>Transite</strong></span> 
     </span>
     <span class='ocr_line' id='line_1_20' title="bbox 20 1546 1406 1602; baseline 0.001 -9"><span class='ocrx_word' id='word_1_183' title='bbox 20 1564 44 1593; x_wconf 88' lang='lat' dir='ltr'><strong>a</strong></span> <span class='ocrx_word' id='word_1_184' title='bbox 74 1549 194 1593; x_wconf 89' lang='lat' dir='ltr'><strong>bono</strong></span> <span class='ocrx_word' id='word_1_185' title='bbox 218 1548 272 1592; x_wconf 85' lang='lat' dir='ltr'><strong>ad</strong></span> <span class='ocrx_word' id='word_1_186' title='bbox 304 1547 457 1592; x_wconf 89' lang='lat' dir='ltr'><strong>melius</strong></span> <span class='ocrx_word' id='word_1_187' title='bbox 475 1583 486 1602; x_wconf 92' lang='lat'>,</span> <span class='ocrx_word' id='word_1_188' title='bbox 522 1563 576 1591; x_wconf 87' lang='lat' dir='ltr'><strong>ne</strong></span> <span class='ocrx_word' id='word_1_189' title='bbox 596 1546 774 1592; x_wconf 89' lang='lat' dir='ltr'><strong>diabolo</strong></span> <span class='ocrx_word' id='word_1_190' title='bbox 803 1547 1118 1592; x_wconf 88' lang='lat' dir='ltr'><strong>consentiendo</strong></span> <span class='ocrx_word' id='word_1_191' title='bbox 1148 1552 1406 1596; x_wconf 84' lang='lat' dir='ltr'><strong>remaneatis</strong></span> 
     </span>
     <span class='ocr_line' id='line_1_21' title="bbox 19 1618 1405 1678; baseline 0.002 -16"><span class='ocrx_word' id='word_1_192' title='bbox 19 1618 66 1662; x_wconf 90' lang='lat' dir='ltr'><strong>in</strong></span> <span class='ocrx_word' id='word_1_193' title='bbox 97 1620 233 1678; x_wconf 82' lang='lat' dir='ltr'><strong>pejus.</strong></span> <span class='ocrx_word' id='word_1_194' title='bbox 271 1622 322 1662; x_wconf 91' lang='lat' dir='ltr'><strong>In</strong></span> <span class='ocrx_word' id='word_1_195' title='bbox 353 1619 436 1662; x_wconf 90' lang='lat' dir='ltr'><strong>hoc</strong></span> <span class='ocrx_word' id='word_1_196' title='bbox 477 1627 563 1661; x_wconf 90' lang='lat' dir='ltr'><strong>tam</strong></span> <span class='ocrx_word' id='word_1_197' title='bbox 595 1631 755 1674; x_wconf 84' lang='lat' dir='ltr'><strong>magno</strong></span> <span class='ocrx_word' id='word_1_198' title='bbox 791 1618 1027 1661; x_wconf 88' lang='lat' dir='ltr'><strong>certamine</strong></span> <span class='ocrx_word' id='word_1_199' title='bbox 1061 1618 1169 1662; x_wconf 91' lang='lat' dir='ltr'><strong>dum</strong></span> <span class='ocrx_word' id='word_1_200' title='bbox 1204 1621 1405 1665; x_wconf 90' lang='lat' dir='ltr'><strong>diabolus</strong></span> 
     </span>
     <span class='ocr_line' id='line_1_22' title="bbox 20 1685 1405 1747; baseline 0.001 -15"><span class='ocrx_word' id='word_1_201' title='bbox 20 1688 208 1747; x_wconf 84' lang='lat' dir='ltr'><strong>captivat</strong></span> <span class='ocrx_word' id='word_1_202' title='bbox 232 1723 243 1742; x_wconf 87' lang='lat'>,</span> <span class='ocrx_word' id='word_1_203' title='bbox 283 1688 480 1732; x_wconf 88' lang='lat' dir='ltr'><strong>Christus</strong></span> <span class='ocrx_word' id='word_1_204' title='bbox 507 1686 665 1730; x_wconf 87' lang='lat' dir='ltr'><strong>liberat</strong></span> <span class='ocrx_word' id='word_1_205' title='bbox 695 1705 703 1731; x_wconf 92' lang='lat'>:</span> <span class='ocrx_word' id='word_1_206' title='bbox 729 1685 928 1730; x_wconf 87' lang='lat' dir='ltr'><strong>diabolus</strong></span> <span class='ocrx_word' id='word_1_207' title='bbox 967 1686 1128 1746; x_wconf 89' lang='lat' dir='ltr'><strong>decipit</strong></span> <span class='ocrx_word' id='word_1_208' title='bbox 1154 1723 1165 1744; x_wconf 90' lang='lat'>‚</span> <span class='ocrx_word' id='word_1_209' title='bbox 1209 1690 1405 1735; x_wconf 88' lang='lat' dir='ltr'><strong>Christus</strong></span> 
     </span>
     <span class='ocr_line' id='line_1_23' title="bbox 21 1756 1404 1811; baseline 0.003 -9"><span class='ocrx_word' id='word_1_210' title='bbox 21 1756 194 1803; x_wconf 89' lang='lat' dir='ltr'><strong>redimit</strong></span> <span class='ocrx_word' id='word_1_211' title='bbox 215 1777 224 1802; x_wconf 80' lang='lat'>2</span> <span class='ocrx_word' id='word_1_212' title='bbox 247 1756 447 1802; x_wconf 89' lang='lat' dir='ltr'><strong>diabolus</strong></span> <span class='ocrx_word' id='word_1_213' title='bbox 469 1757 628 1801; x_wconf 83' lang='lat' dir='ltr'><strong>occidit</strong></span> <span class='ocrx_word' id='word_1_214' title='bbox 645 1791 655 1811; x_wconf 86' lang='lat'>,</span> <span class='ocrx_word' id='word_1_215' title='bbox 695 1757 890 1801; x_wconf 89' lang='lat' dir='ltr'><strong>Christus</strong></span> <span class='ocrx_word' id='word_1_216' title='bbox 914 1757 1114 1802; x_wconf 64' lang='lat' dir='ltr'><strong>restituit„</strong></span> <span class='ocrx_word' id='word_1_217' title='bbox 1154 1761 1274 1803; x_wconf 91' lang='lat' dir='ltr'><strong>Inter</strong></span> <span class='ocrx_word' id='word_1_218' title='bbox 1311 1760 1404 1806; x_wconf 84' lang='lat' dir='ltr'><strong>haec</strong></span> 
     </span>
     <span class='ocr_line' id='line_1_24' title="bbox 21 1827 1405 1887; baseline 0.003 -15"><span class='ocrx_word' id='word_1_219' title='bbox 21 1829 164 1873; x_wconf 90' lang='lat' dir='ltr'><strong>omnia</strong></span> <span class='ocrx_word' id='word_1_220' title='bbox 195 1829 337 1887; x_wconf 86' lang='lat' dir='ltr'><strong>ipsum</strong></span> <span class='ocrx_word' id='word_1_221' title='bbox 365 1837 560 1872; x_wconf 89' lang='lat' dir='ltr'><strong>nostrum</strong></span> <span class='ocrx_word' id='word_1_222' title='bbox 582 1831 748 1887; x_wconf 84' lang='lat' dir='ltr'><strong>Regem</strong></span> <span class='ocrx_word' id='word_1_223' title='bbox 770 1827 1037 1873; x_wconf 84' lang='lat' dir='ltr'><strong>adversarius</strong></span> <span class='ocrx_word' id='word_1_224' title='bbox 1059 1828 1259 1874; x_wconf 88' lang='lat' dir='ltr'><strong>diabolus</strong></span> <span class='ocrx_word' id='word_1_225' title='bbox 1293 1832 1405 1876; x_wconf 84' lang='lat' dir='ltr'><strong>exis-</strong></span> 
     </span>
     <span class='ocr_line' id='line_1_25' title="bbox 21 1897 1405 1960; baseline 0.004 -19"><span class='ocrx_word' id='word_1_226' title='bbox 21 1897 188 1941; x_wconf 89' lang='lat' dir='ltr'><strong>timavit</strong></span> <span class='ocrx_word' id='word_1_227' title='bbox 223 1914 352 1942; x_wconf 89' lang='lat' dir='ltr'><strong>carne</strong></span> <span class='ocrx_word' id='word_1_228' title='bbox 389 1898 693 1958; x_wconf 86' lang='lat' dir='ltr'><strong>perimendum</strong></span> <span class='ocrx_word' id='word_1_229' title='bbox 714 1933 725 1952; x_wconf 89' lang='lat'>‚</span> <span class='ocrx_word' id='word_1_230' title='bbox 765 1907 974 1958; x_wconf 86' lang='lat' dir='ltr'><strong>tanquam</strong></span> <span class='ocrx_word' id='word_1_231' title='bbox 1010 1900 1151 1958; x_wconf 88' lang='lat' dir='ltr'><strong>capite</strong></span> <span class='ocrx_word' id='word_1_232' title='bbox 1189 1911 1405 1960; x_wconf 83' lang='lat' dir='ltr'><strong>prostrato</strong></span> 
     </span>
     <span class='ocr_line' id='line_1_26' title="bbox 22 1967 1407 2031; baseline 0.004 -19"><span class='ocrx_word' id='word_1_233' title='bbox 22 1977 177 2013; x_wconf 87' lang='lat' dir='ltr'><strong>caetera</strong></span> <span class='ocrx_word' id='word_1_234' title='bbox 214 1968 298 2012; x_wconf 88' lang='lat' dir='ltr'><strong>sibi</strong></span> <span class='ocrx_word' id='word_1_235' title='bbox 332 1969 529 2012; x_wconf 88' lang='lat' dir='ltr'><strong>membra</strong></span> <span class='ocrx_word' id='word_1_236' title='bbox 567 1967 736 2012; x_wconf 88' lang='lat' dir='ltr'><strong>facilius</strong></span> <span class='ocrx_word' id='word_1_237' title='bbox 773 1968 1025 2028; x_wconf 81' lang='lat' dir='ltr'><strong>subjugaret</strong></span> <span class='ocrx_word' id='word_1_238' title='bbox 1061 1988 1070 2014; x_wconf 94' lang='lat'>:</span> <span class='ocrx_word' id='word_1_239' title='bbox 1106 1969 1327 2031; x_wconf 75' lang='lat' dir='ltr'><strong>falsusque</strong></span> <span class='ocrx_word' id='word_1_240' title='bbox 1360 1975 1407 2018; x_wconf 91' lang='lat' dir='ltr'><strong>in</strong></span> 
     </span>
     <span class='ocr_line' id='line_1_27' title="bbox 22 2036 1407 2101; baseline 0.004 -20"><span class='ocrx_word' id='word_1_241' title='bbox 22 2036 105 2081; x_wconf 83' lang='lat' dir='ltr'><strong>hoc</strong></span> <span class='ocrx_word' id='word_1_242' title='bbox 134 2037 254 2097; x_wconf 90' lang='lat' dir='ltr'><strong>quod</strong></span> <span class='ocrx_word' id='word_1_243' title='bbox 273 2037 477 2092; x_wconf 87' lang='lat' dir='ltr'><strong>videbat,</strong></span> <span class='ocrx_word' id='word_1_244' title='bbox 507 2041 646 2082; x_wconf 89' lang='lat' dir='ltr'><strong>Deum</strong></span> <span class='ocrx_word' id='word_1_245' title='bbox 667 2037 804 2082; x_wconf 89' lang='lat' dir='ltr'><strong>latere</strong></span> <span class='ocrx_word' id='word_1_246' title='bbox 837 2039 883 2081; x_wconf 92' lang='lat' dir='ltr'><strong>in</strong></span> <span class='ocrx_word' id='word_1_247' title='bbox 914 2054 1043 2082; x_wconf 91' lang='lat' dir='ltr'><strong>carne</strong></span> <span class='ocrx_word' id='word_1_248' title='bbox 1077 2040 1255 2085; x_wconf 90' lang='lat' dir='ltr'><strong>minime</strong></span> <span class='ocrx_word' id='word_1_249' title='bbox 1284 2044 1407 2101; x_wconf 87' lang='lat' dir='ltr'><strong>cogi-</strong></span> 
     </span>
     <span class='ocr_line' id='line_1_28' title="bbox 23 2108 1405 2169; baseline 0.006 -18"><span class='ocrx_word' id='word_1_250' title='bbox 23 2108 143 2151; x_wconf 83' lang='lat' dir='ltr'><strong>tabat</strong></span> <span class='ocrx_word' id='word_1_251' title='bbox 165 2127 174 2152; x_wconf 89' lang='lat'><strong>:</strong></span> <span class='ocrx_word' id='word_1_252' title='bbox 198 2108 358 2152; x_wconf 87' lang='lat' dir='ltr'><strong>inscius</strong></span> <span class='ocrx_word' id='word_1_253' title='bbox 390 2109 501 2151; x_wconf 88' lang='lat' dir='ltr'><strong>tanti</strong></span> <span class='ocrx_word' id='word_1_254' title='bbox 530 2110 816 2162; x_wconf 82' lang='lat' dir='ltr'><strong>sacramenti,</strong></span> <span class='ocrx_word' id='word_1_255' title='bbox 850 2109 972 2169; x_wconf 92' lang='lat' dir='ltr'><strong>quod</strong></span> <span class='ocrx_word' id='word_1_256' title='bbox 998 2109 1072 2154; x_wconf 89' lang='lat' dir='ltr'><strong>ille</strong></span> <span class='ocrx_word' id='word_1_257' title='bbox 1104 2111 1316 2158; x_wconf 89' lang='lat' dir='ltr'><strong>Mediator</strong></span> <span class='ocrx_word' id='word_1_258' title='bbox 1337 2130 1405 2159; x_wconf 90' lang='lat' dir='ltr'><strong>es-</strong></span> 
     </span>
     <span class='ocr_line' id='line_1_29' title="bbox 23 2178 1406 2237; baseline 0.005 -16"><span class='ocrx_word' id='word_1_259' title='bbox 23 2186 113 2232; x_wconf 84' lang='lat' dir='ltr'><strong>set,</strong></span> <span class='ocrx_word' id='word_1_260' title='bbox 138 2187 183 2222; x_wconf 90' lang='lat' dir='ltr'><strong>et</strong></span> <span class='ocrx_word' id='word_1_261' title='bbox 220 2178 279 2221; x_wconf 87' lang='lat' dir='ltr'><strong>ita</strong></span> <span class='ocrx_word' id='word_1_262' title='bbox 311 2186 572 2237; x_wconf 89' lang='lat' dir='ltr'><strong>temperaret</strong></span> <span class='ocrx_word' id='word_1_263' title='bbox 607 2181 745 2221; x_wconf 89' lang='lat' dir='ltr'><strong>Deum</strong></span> <span class='ocrx_word' id='word_1_264' title='bbox 775 2179 822 2221; x_wconf 89' lang='lat' dir='ltr'><strong>in</strong></span> <span class='ocrx_word' id='word_1_265' title='bbox 856 2180 1061 2236; x_wconf 86' lang='lat' dir='ltr'><strong>homine,</strong></span> <span class='ocrx_word' id='word_1_266' title='bbox 1099 2191 1149 2225; x_wconf 92' lang='lat' dir='ltr'><strong>ut</strong></span> <span class='ocrx_word' id='word_1_267' title='bbox 1185 2183 1406 2228; x_wconf 90' lang='lat' dir='ltr'><strong>hominem</strong></span> 
     </span>
     <span class='ocr_line' id='line_1_30' title="bbox 24 2246 1407 2307; baseline 0.005 -16"><span class='ocrx_word' id='word_1_268' title='bbox 24 2249 307 2307; x_wconf 84' lang='lat' dir='ltr'><strong>conjungeret</strong></span> <span class='ocrx_word' id='word_1_269' title='bbox 337 2251 426 2292; x_wconf 88' lang='lat' dir='ltr'><strong>Deo</strong></span> <span class='ocrx_word' id='word_1_270' title='bbox 453 2268 464 2305; x_wconf 81' lang='lat'>3</span> <span class='ocrx_word' id='word_1_271' title='bbox 508 2246 666 2291; x_wconf 88' lang='lat' dir='ltr'><strong>occidit</strong></span> <span class='ocrx_word' id='word_1_272' title='bbox 688 2247 809 2306; x_wconf 89' lang='lat' dir='ltr'><strong>quasi</strong></span> <span class='ocrx_word' id='word_1_273' title='bbox 831 2257 1056 2305; x_wconf 90' lang='lat' dir='ltr'><strong>potentem</strong></span> <span class='ocrx_word' id='word_1_274' title='bbox 1082 2251 1301 2296; x_wconf 88' lang='lat' dir='ltr'><strong>hominem</strong></span> <span class='ocrx_word' id='word_1_275' title='bbox 1326 2255 1407 2298; x_wconf 90' lang='lat' dir='ltr'><strong>de-</strong></span> 
     </span>
     <span class='ocr_line' id='line_1_31' title="bbox 23 2315 1406 2372; baseline 0.007 -11"><span class='ocrx_word' id='word_1_276' title='bbox 23 2315 274 2362; x_wconf 85' lang='lat' dir='ltr'><strong>fendentem</strong></span> <span class='ocrx_word' id='word_1_277' title='bbox 310 2319 506 2363; x_wconf 89' lang='lat' dir='ltr'><strong>homines</strong></span> <span class='ocrx_word' id='word_1_278' title='bbox 525 2354 535 2372; x_wconf 90' lang='lat'>,</span> <span class='ocrx_word' id='word_1_279' title='bbox 571 2327 614 2362; x_wconf 90' lang='lat' dir='ltr'><strong>et</strong></span> <span class='ocrx_word' id='word_1_280' title='bbox 645 2317 778 2362; x_wconf 88' lang='lat' dir='ltr'><strong>sensit</strong></span> <span class='ocrx_word' id='word_1_281' title='bbox 810 2321 948 2363; x_wconf 89' lang='lat' dir='ltr'><strong>Deum</strong></span> <span class='ocrx_word' id='word_1_282' title='bbox 976 2320 1233 2366; x_wconf 88' lang='lat' dir='ltr'><strong>liberantem</strong></span> <span class='ocrx_word' id='word_1_283' title='bbox 1256 2339 1406 2370; x_wconf 89' lang='lat' dir='ltr'><strong>omnes</strong></span> 
     </span>
     <span class='ocr_line' id='line_1_32' title="bbox 0 2388 1409 2450; baseline 0.006 -19"><span class='ocrx_word' id='word_1_284' title='bbox 0 2404 1 2415; x_wconf 57' lang='lat'>¹</span> <span class='ocrx_word' id='word_1_285' title='bbox 25 2402 134 2447; x_wconf 86' lang='lat' dir='ltr'><strong>quos</strong></span> <span class='ocrx_word' id='word_1_286' title='bbox 161 2397 381 2433; x_wconf 86' lang='lat' dir='ltr'><strong>creaverat</strong></span> <span class='ocrx_word' id='word_1_287' title='bbox 402 2389 614 2433; x_wconf 87' lang='lat' dir='ltr'><strong>homines.</strong></span> <span class='ocrx_word' id='word_1_288' title='bbox 645 2388 843 2447; x_wconf 87' lang='lat' dir='ltr'><strong>Denique</strong></span> <span class='ocrx_word' id='word_1_289' title='bbox 864 2389 910 2432; x_wconf 91' lang='lat' dir='ltr'><strong>in</strong></span> <span class='ocrx_word' id='word_1_290' title='bbox 938 2389 1029 2448; x_wconf 92' lang='lat' dir='ltr'><strong>ipsa</strong></span> <span class='ocrx_word' id='word_1_291' title='bbox 1051 2392 1246 2450; x_wconf 86' lang='lat' dir='ltr'><strong>passione</strong></span> <span class='ocrx_word' id='word_1_292' title='bbox 1263 2393 1409 2440; x_wconf 85' lang='lat' dir='ltr'><strong>videte</strong></span> 
     </span>
     <span class='ocr_line' id='line_1_33' title="bbox 27 2457 1409 2524; baseline 0.008 -23"><span class='ocrx_word' id='word_1_293' title='bbox 27 2457 325 2517; x_wconf 88' lang='lat' dir='ltr'><strong>spectaculum</strong></span> <span class='ocrx_word' id='word_1_294' title='bbox 357 2459 467 2503; x_wconf 90' lang='lat' dir='ltr'><strong>tanti</strong></span> <span class='ocrx_word' id='word_1_295' title='bbox 495 2458 755 2503; x_wconf 88' lang='lat' dir='ltr'><strong>certaminis.</strong></span> <span class='ocrx_word' id='word_1_296' title='bbox 797 2462 1001 2504; x_wconf 88' lang='lat' dir='ltr'><strong>Armatur</strong></span> <span class='ocrx_word' id='word_1_297' title='bbox 1037 2463 1064 2505; x_wconf 85' lang='lat' dir='ltr'>J</span> <span class='ocrx_word' id='word_1_298' title='bbox 1068 2461 1172 2508; x_wconf 88' lang='lat' dir='ltr'><strong>udas</strong></span> <span class='ocrx_word' id='word_1_299' title='bbox 1193 2472 1242 2507; x_wconf 92' lang='lat' dir='ltr'><strong>ut</strong></span> <span class='ocrx_word' id='word_1_300' title='bbox 1269 2467 1409 2524; x_wconf 90' lang='lat' dir='ltr'><strong>pretio</strong></span> 
     </span>
     <span class='ocr_line' id='line_1_34' title="bbox 26 2528 1400 2595; baseline 0.008 -22"><span class='ocrx_word' id='word_1_301' title='bbox 26 2528 187 2574; x_wconf 87' lang='lat' dir='ltr'><strong>vendat</strong></span> <span class='ocrx_word' id='word_1_302' title='bbox 212 2530 464 2589; x_wconf 83' lang='lat' dir='ltr'><strong>magistrum</strong></span> <span class='ocrx_word' id='word_1_303' title='bbox 481 2563 493 2586; x_wconf 87' lang='lat'>‚</span> <span class='ocrx_word' id='word_1_304' title='bbox 517 2538 561 2574; x_wconf 90' lang='lat' dir='ltr'><strong>et</strong></span> <span class='ocrx_word' id='word_1_305' title='bbox 581 2529 658 2589; x_wconf 90' lang='lat' dir='ltr'><strong>qui</strong></span> <span class='ocrx_word' id='word_1_306' title='bbox 679 2538 769 2575; x_wconf 90' lang='lat' dir='ltr'><strong>erat</strong></span> <span class='ocrx_word' id='word_1_307' title='bbox 791 2530 837 2576; x_wconf 87' lang='lat' dir='ltr'><strong>in</strong></span> <span class='ocrx_word' id='word_1_308' title='bbox 858 2546 1043 2579; x_wconf 88' lang='lat' dir='ltr'><strong>numero</strong></span> <span class='ocrx_word' id='word_1_309' title='bbox 1064 2533 1400 2595; x_wconf 84' lang='lat' dir='ltr'><strong>Discipulorum,</strong></span> 
     </span>
     <span class='ocr_line' id='line_1_35' title="bbox 1180 2607 1220 2647; baseline 0.05 -2"><span class='ocrx_word' id='word_1_310' title='bbox 1180 2607 1220 2647; x_wconf 85' lang='lat'><strong>7.</strong></span> 
     </span>
    </p>
   </div>
  </div>
 </body>
</html>
