1729 3143
255 219 340 257 300
690 228 722 255 s.
759 226 988 254 Anat-snm
1021 227 1201 257 Emscom

249 292 392 337 luntas
409 293 481 336 illa
498 292 700 350 persistit.
732 294 785 336 A.
811 294 976 352 Opinor
997 303 1040 338 te
1058 294 1202 338 dicere
1218 295 1402 350 divitias,
1421 287 1631 348 honores,

249 362 509 420 voluptates,
535 370 578 404 et
598 360 971 420 pulchritudinem
994 364 1203 422 corporis,
1228 373 1473 423 caeteraque
1488 364 1631 407 omnia

250 447 349 490 quae
372 440 551 489 possunt
572 440 615 475 et
635 432 829 477 volentes
846 449 936 477 non
958 433 1159 492 adipisci,
1191 445 1234 478 et
1264 435 1461 478 amittere
1490 434 1630 477 inviti.

249 503 299 543 E.
338 503 422 543 Ista
445 500 536 558 ipsa
558 511 674 545 sunt.
711 506 762 546 A.
801 506 915 547 Num
943 504 1036 547 haec
1057 515 1218 548 aeterna
1242 520 1332 548 esse
1353 518 1516 557 censes,
1535 517 1636 546 cum

250 570 452 628 temporis
475 570 737 615 volubilitati
755 573 900 616 videas
923 574 1111 617 obnoxia
1129 576 1147 617 Ξ)
1168 577 1220 617 Ε.
1246 575 1350 626 Quis
1371 575 1455 617 hoc
1477 571 1545 616 vel
1565 571 1638 615 de-

245 641 535 684 mentissimus
551 643 756 686 senserit?
787 648 838 687 A.
871 646 981 688 Cum
1005 645 1137 702 igitur
1156 643 1434 688 manifestum
1458 644 1511 686 sit
1535 643 1640 686 alios

247 724 337 752 esse
357 711 554 755 homines
573 722 784 756 amatores
804 729 950 757 rerum
968 724 1249 769 aeternarum,
1283 714 1387 758 alios
1416 713 1638 771 tempora·

247 779 369 833 lium,
389 797 576 840 cumque
594 782 701 825 duas
723 782 838 841 leges
860 799 949 827 esse
966 786 1235 836 convenerit,
1258 800 1391 828 unam
1410 793 1635 835 aeternam,

247 848 372 891 aliam
390 852 691 909 temporalem,
708 852 740 893 si
760 852 865 909 quid
881 853 1096 911 aequitatis
1109 855 1236 911 sapis,
1252 869 1361 911 quos
1373 855 1553 896 istorum
1566 853 1641 909 ju-

246 919 361 961 dicas
377 918 664 975 aeternaelegi,
687 932 796 976 quos
812 920 1038 974 temporali
1051 932 1140 960 esse
1153 918 1428 961 subdendos?
1452 922 1503 960 E.
1530 923 1641 961 Puto

246 988 291 1030 in
314 997 521 1046 promptu
552 1003 640 1030 esse
669 987 789 1046 quod
821 987 1003 1046 quaeris:
1031 1002 1128 1030 nam
1156 987 1306 1031 beatos
1330 987 1425 1031 illos
1448 988 1503 1031 ob
1522 1003 1640 1031 amo-

244 1072 335 1100 rem
358 1058 549 1115 ipsorum
574 1065 839 1100 aeternorum
862 1056 944 1099 sub
967 1065 1127 1100 aeterna
1151 1057 1246 1114 lege
1270 1072 1395 1114 agere
1418 1057 1639 1114 existim03

244 1127 406 1170 miseris
420 1142 522 1170 vero
536 1125 1053 1185 temporalisimponitur.
1081 1130 1132 1170 A.
1160 1127 1490 1186 Rectejudicas,
1514 1127 1643 1170 dum-

243 1196 373 1239 modo
404 1196 515 1240 illud
547 1198 852 1241 inconcussum
889 1206 1061 1251 teneas,
1098 1198 1220 1256 quod
1249 1198 1517 1255 apertissime
1551 1199 1640 1256 jam

243 1267 350 1309 ratio
372 1266 705 1321 demonstravit,
744 1283 815 1310 eos
838 1268 914 1326 qui
937 1267 1169 1325 temporali
1189 1267 1276 1325 legi
1296 1268 1513 1316 serviunt,
1552 1283 1641 1311 non

245 1351 334 1379 esse
355 1352 478 1394 posse
497 1336 551 1379 ab
571 1345 731 1379 aeterna
750 1336 909 1378 liberos
929 1357 939 1391 3
964 1337 1082 1378 unde
1105 1338 1250 1379 omnia
1273 1352 1371 1395 quae
1385 1338 1502 1395 justa
1521 1346 1638 1390 sunt,

208 1407 444 1462 -justeque
478 1404 717 1457 variantur,
756 1404 938 1461 exprimi
974 1405 1190 1448 dicimus:
1217 1420 1288 1448 eos
1319 1421 1422 1449 vero
1445 1407 1520 1465 qui
1557 1405 1641 1462 legi

242 1483 416 1516 aeternae
426 1488 501 1531 per
516 1474 673 1517 bonam
685 1473 959 1517 voluntatem
973 1475 1158 1528 haerent,
1177 1484 1262 1519 tem
1270 1475 1541 1534 poralislegis
1551 1492 1639 1520 non

209 1544 215 1575 ²·
244 1543 453 1600 indigere,
471 1544 570 1587 satis
587 1546 655 1600 (ut
673 1546 869 1602 apparet)
885 1543 1105 1602 intelligis.
1142 1548 1194 1588 E.
1224 1548 1368 1589 Teneo
1381 1546 1501 1605 quod
1515 1546 1636 1589 dicis.

301 1615 487 1656 XXXII.
525 1618 576 1656 Α.
603 1616 627 1656 J
633 1613 737 1657 ubet
759 1614 893 1671 igitur
914 1623 1077 1657 aeterna
1098 1614 1168 1658 lex
1192 1625 1387 1659 avertere
1405 1630 1596 1659 amorem
1616 1632 1639 1659 a

244 1683 577 1742 temporalibus,
604 1692 646 1727 et
670 1699 770 1727 eum
802 1684 1063 1728 mundatum
1087 1695 1340 1729 convertere
1372 1685 1427 1729 ad
1458 1695 1635 1729 aeterna.

244 1757 294 1797 E.
321 1755 455 1797 Jubet
468 1769 586 1798 vero.
612 1758 661 1798 A.
690 1753 809 1806 Quid
825 1754 985 1798 deinde
1000 1770 1147 1798 censes
1164 1755 1449 1813 temporalem
1463 1756 1635 1813 jubere,

242 1824 321 1866 nisi
338 1833 387 1867 ut
402 1824 496 1867 haec
514 1839 613 1883 quae
632 1824 686 1867 ad
705 1833 876 1882 tempus
895 1832 1041 1867 nostra
1058 1822 1143 1867 dici
1163 1833 1362 1882 possunt,
1382 1823 1560 1883 quando
1578 1826 1637 1868 eis

240 1894 436 1937 homines
457 1894 694 1952 cupiditate
715 1894 946 1947 inhaerent,
968 1909 1018 1937 eo
1038 1894 1135 1952 jure
1157 1893 1420 1952 possideant,
1442 1908 1530 1952 quo
1554 1909 1636 1952 pax

241 1974 283 2007 et
306 1965 484 2008 societas
505 1966 699 2008 humana
721 1974 930 2018 servetur,
971 1974 1135 2024 quanta
1160 1965 1205 2007 in
1228 1964 1293 2007 his
1316 1964 1446 2007 rebus
1480 1965 1636 2008 servari

242 2036 411 2092 potest?
432 2036 494 2077 Ea
513 2043 612 2077 sunt
634 2042 778 2077 autem
802 2035 942 2092 primo
965 2035 1048 2077 hoc
1070 2049 1244 2092 corpus,
1270 2043 1314 2077 et
1337 2035 1428 2092 ejus
1447 2049 1546 2092 quae
1563 2049 1638 2078 vo-

240 2113 396 2147 cantur
415 2105 543 2157 bona,
561 2114 610 2148 ut
628 2105 794 2162 integra
815 2104 1036 2158 valetudo,
1059 2119 1243 2147 acumen
1263 2119 1485 2157 sensuum,
1507 2105 1633 2158 vires,

245 2174 537 2232 pulchritudo,
565 2184 607 2217 et
629 2175 661 2217 51
685 2190 771 2233 qua
796 2185 895 2217 sunt
914 2184 1084 2227 caetera,
1112 2175 1267 2232 partim
1291 2175 1527 2216 necessaria
1556 2176 1634 2217 bo-

242 2244 306 2286 nis
325 2243 504 2297 artibus,
523 2253 564 2287 et
582 2243 680 2286 ideo
695 2242 831 2301 pluris
850 2244 1087 2301 pensanda,
1109 2243 1265 2300 partim
1282 2242 1448 2285 viliora.
1471 2243 1635 2286 Deinde

243 2314 433 2366 libertas,
468 2329 568 2372 quae
603 2313 778 2372 quidem
815 2312 936 2356 nulla
973 2328 1072 2356 vera
1104 2322 1183 2365 est,
1208 2311 1288 2354 nisi
1312 2311 1556 2364 beatorum,
1592 2321 1635 2356 et

244 2383 326 2440 legi
341 2394 514 2427 aeternae
532 2384 874 2427 adhaerentium:
901 2382 976 2426 secl
993 2398 1088 2426 eam
1107 2397 1224 2425 nunc
1248 2380 1495 2425 libertatem
1514 2397 1633 2425 com-

245 2467 455 2507 memoro,
479 2470 565 2513 qua
588 2470 631 2497 se
652 2453 812 2498 liberos
834 2462 1007 2511 putant,
1027 2453 1102 2512 qui
1117 2451 1315 2495 dominos
1330 2452 1529 2495 homines
1545 2467 1633 2495 non

195 2504 207 2574 l,
248 2522 433 2573 habent,
472 2533 512 2565 et
536 2539 664 2580 quarn
690 2523 933 2566 desiderant
957 2523 1007 2576 ii,
1033 2522 1107 2580 qui
1131 2538 1151 2563 a
1173 2521 1359 2564 dominis
1385 2521 1631 2563 hominibus
