1729 3143
223 232 308 270 220
650 243 683 269 s.
720 238 952 269 Auousmm
984 241 1166 270 Emscom

280 309 381 352 VII.
419 304 743 364 Carpocratiani
784 315 886 351 sunt
922 322 946 350 a
985 307 1246 367 Carpocrate
1262 342 1274 364 ‚
1315 309 1392 368 qui
1425 308 1610 353 docebat

220 393 394 424 omnem
417 386 588 435 turpem
621 377 917 436 operationem
933 413 944 434 ‚
971 393 1233 440 omnemque
1255 379 1610 425 adinventionem

218 448 382 509 peccati
411 466 419 491 :
445 461 526 491 nec
548 445 672 492 aliter
691 447 815 493 evadi
832 458 964 509 atque
986 450 1158 494 transiri
1178 449 1447 509 principatus
1464 459 1507 494 et
1526 465 1610 509 po-

216 528 390 565 testates
408 553 420 574 ,
446 518 608 578 quibus
629 520 724 564 haec
746 520 922 579 placent
941 555 952 577 ‚
990 530 1041 566 ut
1062 522 1196 581 possit
1217 521 1273 565 ad
1295 520 1456 565 coelum
1478 535 1611 579 supe-

215 593 302 634 rius
323 590 556 649 perveniri.
583 591 664 636 Hic
694 591 825 636 etiam
853 595 1003 636 Jesum
1026 593 1249 638 hominem
1271 589 1581 637 tantummodo
1596 625 1608 646 ‚

214 669 258 705 et
288 659 344 704 de
367 669 557 721 utroque
581 676 687 707 sexu
708 671 862 707 natum
885 673 1057 723 putasse
1079 664 1335 723 perhibetur
1351 698 1363 718 ‚
1388 662 1464 706 sed
1485 676 1610 707 acce-

214 731 326 790 pisse
348 731 480 776 talem
510 732 700 778 animam
717 769 728 789 ,
765 750 852 794 qua
880 734 1009 779 sciret
1030 750 1078 779 ea
1104 750 1204 795 quae
1226 748 1414 793 superna
1435 742 1576 777 essent
1596 767 1608 788 ‚

214 811 347 862 atque
368 801 608 848 nuntiaret.
628 805 1010 850 Resurrectionem
1024 807 1216 865 corporis
1234 803 1364 849 simul
1381 818 1481 848 cum
1495 806 1611 860 Lege

212 871 463 931 abjiciebat.
489 874 686 931 Negabat
723 891 747 919 a
777 878 866 920 Deo
889 875 1056 920 factum
1076 912 1087 931 ‚
1123 875 1199 919 sed
1228 891 1252 919 a
1278 874 1422 919 nescio
1450 873 1613 933 quibus

213 941 461 987 Virtutibus
479 943 712 987 mundum.
738 946 874 989 Sectae
891 946 1024 1004 ipsius
1041 945 1175 989 fuisse
1197 944 1387 988 traditur
1406 942 1612 1002 quaedam

212 1012 463 1057 Marcellina
480 1048 491 1068 ‚
517 1030 617 1073 quae
635 1013 809 1059 colebat
824 1015 1033 1073 imagines
1051 1017 1155 1059 Jesu
1172 1024 1215 1059 ct
1233 1013 1356 1058 Pauli
1372 1021 1417 1057 et
1434 1012 1614 1057 Homeri

211 1090 254 1125 et
276 1083 539 1141 Pythagorae
556 1118 567 1138 ‚
594 1083 819 1130 adorando
841 1086 1159 1145 incensumque
1181 1083 1402 1145 ponendo.

270 1154 394 1195 VIII.
422 1155 695 1195 Cerinthiani
725 1164 748 1191 a
773 1157 983 1201 Cerintho
999 1192 1010 1211 ,
1035 1156 1256 1216 iidemque
1278 1153 1561 1199 Merinthiani
1588 1168 1614 1196 a

209 1222 431 1264 Merimho
449 1253 460 1273 ‚
486 1217 704 1261 mundum
733 1218 789 1261 ab
812 1221 983 1277 Angelis
1006 1225 1171 1272 factum
1195 1241 1285 1270 esse
1313 1225 1505 1268 dicentes
1526 1258 1537 1276 ‚
1570 1232 1613 1265 et

209 1304 339 1333 carne
377 1288 633 1331 circumcidi
672 1298 898 1347 oportere,
924 1302 1058 1350 atque
1089 1298 1170 1334 alia
1202 1291 1453 1349 hujusmodi
1485 1292 1611 1349 Legis

210 1367 429 1419 praecepta
462 1359 637 1402 servari.
678 1361 826 1402 Jesum
863 1361 1086 1404 hominem
1109 1360 1417 1404 tantummodo
1449 1361 1607 1416 fuisse,

208 1445 289 1473 nec
312 1429 594 1472 resurrexisse
611 1464 622 1483 ‚
648 1429 723 1472 sed
746 1439 1093 1474 resurrecturum
1118 1440 1409 1475 asseverantes
1431 1433 1461 1474 1.
1487 1430 1611 1476 Mille

209 1515 387 1560 quoque
403 1514 540 1543 annos
555 1508 652 1558 post
666 1501 1027 1545 resurrectionem
1040 1501 1086 1544 in
1100 1510 1272 1545 terreno
1284 1517 1419 1559 regno
1429 1502 1606 1557 Christi,

208 1569 452 1615 secundum
476 1569 669 1614 carnales
686 1572 848 1615 ventris
867 1581 910 1616 et
926 1570 1120 1616 libidinis
1137 1571 1383 1631 voluptates
1400 1606 1411 1627 ,
1436 1570 1609 1616 futuros

207 1640 465 1685 fabulantur
491 1659 500 1683 ε
527 1640 647 1683 unde
669 1641 799 1684 etiam
822 1641 1042 1686 Chiliastae
1066 1652 1168 1686 sunt
1191 1641 1411 1702 appellati.

267 1712 346 1754 IX.
373 1710 593 1765 Nazaraei,
618 1726 720 1754 cum
742 1711 820 1754 Dei
843 1711 1004 1755 Filium
1031 1713 1324 1757 confiteantur
1346 1727 1434 1756 esse
1459 1712 1609 1756 Chris-

210 1792 308 1827 tum
329 1816 340 1837 ,
367 1781 515 1825 omnia
537 1790 687 1826 tamen
708 1782 864 1826 veteris
896 1783 1022 1840 Legis
1043 1783 1279 1827 observant
1298 1818 1309 1838 ‚
1337 1798 1437 1842 quae
1458 1783 1605 1827 Chris·

210 1853 317 1897 tiani
339 1867 417 1911 per
439 1851 721 1911 apostolicam
743 1851 1024 1896 traditionem
1048 1867 1137 1896 non
1165 1853 1394 1896 observare
1421 1851 1610 1895 carnali-

210 1933 297 1979 ter,
323 1923 398 1967 sed
418 1922 668 1982 spiritaliter
689 1922 931 1980 intelligere
950 1922 1200 1966 didicerunt
1215 1926 1248 1965 ².

268 1996 325 2038 X.
352 1993 551 2038 Ebionaei
570 1993 792 2038 Christum
808 1993 939 2036 etiam
957 1993 1037 2051 ipsi
1057 1992 1366 2037 tantummodo
1383 1992 1608 2036 hominem

211 2065 377 2109 dicunt.
396 2063 604 2108 Mandata
619 2062 808 2108 carnalia
823 2063 948 2122 Legis
964 2063 1214 2118 observant,
1234 2063 1609 2107 circumcisionem

211 2135 374 2179 scilicet
392 2135 532 2178 carnis
549 2169 560 2189 ‚
585 2143 629 2178 et
648 2143 803 2177 caetera
821 2169 832 2189 ,
858 2149 881 2176 a
906 2148 1097 2193 quorum
1120 2133 1325 2177 oneribus
1343 2148 1420 2192 per
1436 2134 1609 2177 Novum

213 2209 541 2250 Testamentum
577 2204 750 2249 liberati
790 2219 954 2248 sumus.
998 2204 1111 2248 Huic
1145 2204 1298 2247 haeresi
1337 2204 1610 2261 Epiphanius

214 2279 453 2336 Sampsaeos
467 2285 510 2320 et
525 2275 740 2320 Elcesaeos
756 2275 816 2319 ita
834 2273 1013 2334 copulat
1028 2309 1039 2329 ‚
1065 2283 1115 2317 ut
1132 2273 1214 2317 sub
1233 2270 1388 2316 eodem
1403 2286 1608 2327 numero,

216 2355 423 2406 tanquam
444 2363 533 2391 una
557 2347 610 2391 sit
632 2346 804 2390 haeresis
820 2381 831 2402 ,
856 2354 991 2405 ponat
1007 2379 1018 2400 ‚
1045 2342 1211 2404 aliquid
1233 2351 1381 2386 tamen
1402 2343 1613 2387 interesse

214 2416 458 2474 significans
479 2437 488 2463 :
513 2418 712 2478 quamvis
734 2426 778 2461 et
799 2417 844 2460 in
864 2413 1234 2475 consequentibus
1257 2412 1466 2472 loquatur
1488 2412 1543 2456 de
1566 2412 1612 2455 il-

262 2522 273 2537 1
294 2516 372 2548 ride
397 2517 454 2550 lib.
474 2530 527 2559 xx,
548 2519 587 2551 de
606 2518 703 2551 Civit.
722 2519 793 2560 Dei,
811 2529 884 2560 cap.
909 2528 941 2558 7.
958 2534 1000 2541 -—
1014 2523 1027 2540 2
1046 2515 1126 2548 Vide
1154 2515 1211 2548 lib.
1230 2527 1241 2547 1
1260 2518 1373 2548 contra
1393 2513 1610 2548 (zi-esconium,

215 2580 286 2612 cap.
311 2571 366 2603 31.
