1729 3143
275 126 354 161 162
710 131 741 158 s.
782 133 1005 165 sconsum
1043 133 1218 164 Eris-coel

270 216 289 239 »
317 199 412 257 quis
437 198 643 263 Spiritum
666 193 824 240 Christi
856 208 943 237 non
972 194 1130 248 habet,
1162 194 1232 243 hic
1266 210 1356 237 nou
1383 204 1446 237 est
1469 196 1559 253 ejus
1577 197 1603 236 ¹.
1630 213 1648 234 »

267 269 310 313 Si
334 283 435 325 ergo
458 266 592 311 Filius
614 264 659 306 in
681 267 807 307 Patre
829 272 872 307 et
888 279 939 312 ex
962 268 1103 319 Patre,
1132 264 1316 322 Spiritus
1333 273 1504 308 sanctus
1521 264 1652 315 simul

263 347 326 382 est
347 347 390 381 et
410 337 455 379 in
479 334 588 379 Filio
611 343 654 376 et
671 336 824 392 Patre3
847 349 938 379 non
959 343 1023 378 est
1043 335 1237 394 sejuncta
1260 333 1445 386 Trinitas
1459 369 1470 389 ,
1491 333 1570 378 ubi
1588 342 1653 381 est

262 407 454 468 perfecta
470 403 628 448 unitas.
649 403 850 449 Discedat
868 405 1053 457 Arianus
1075 403 1283 449 confusus
1300 419 1414 460 reus,
1436 404 1539 465 quia
1559 403 1654 448 Tri-

265 478 375 522 nitas
395 489 509 520 unus
525 483 590 519 est
610 476 742 525 Deus,

319 547 444 595 VIII.
482 543 567 591 Sed
596 545 775 605 quando
807 545 912 600 tibi,
945 560 1145 605 perversa
1177 545 1348 589 haeresis
1367 579 1379 599 ,
1404 544 1536 594 verba
1560 558 1655 587 mea

258 615 518 676 proficiunt,
543 631 645 661 cum
661 616 716 660 sis
734 615 845 675 aspis
865 616 1018 672 surda,
1045 616 1254 661 obturans
1280 630 1405 661 aures
1428 629 1483 658 ne
1506 613 1655 667 audias

255 702 410 731 vocem
438 687 794 737 incantantium?
814 686 992 732 Noveris
1020 697 1063 732 te
1091 695 1239 739 tamen
1267 702 1292 729 a
1326 694 1526 745 serpente
1561 698 1652 728 esse

256 757 595 813 comedendam,
632 756 741 801 dum
768 771 869 802 oves
899 772 1007 817 quas
1044 766 1163 801 tenes
1197 756 1414 816 captivas,
1441 753 1496 799 ad
1528 768 1656 802 suum

256 828 370 873 ovile
390 828 464 879 ille
487 837 633 888 pastor
649 828 879 873 adduxerit
895 864 906 884 ,
929 837 982 876 ut
1003 829 1058 872 sit
1078 843 1192 871 unus
1221 842 1322 885 grex
1345 835 1389 870 et
1418 840 1532 870 unus
1554 841 1656 884 pas-

256 906 340 942 tor.
377 897 458 948 Ille
488 908 635 959 pastor
663 908 829 953 noster,
867 898 1158 954 dilectissimi,
1193 898 1268 958 qui
1300 898 1345 940 in
1367 896 1488 954 virga
1516 895 1656 939 ferrea

256 968 392 1025 pascit
413 977 456 1012 et
477 970 602 1026 regit,
629 968 868 1026 confringit
889 978 932 1013 et
954 970 1156 1021 restituit,
1182 969 1272 1025 ipse
1296 975 1442 1025 pastor
1463 974 1543 1020 est,
1564 965 1656 1024 ipse

253 1046 396 1081 rector
411 1067 422 1088 ,
446 1037 537 1091 ipse
560 1038 822 1085 fabricator,
847 1038 938 1089 ipse
960 1038 1223 1076 architectus
1254 1041 1418 1076 noster.
1442 1038 1657 1092 Magnum

255 1116 298 1150 te
313 1113 531 1164 pastorem
547 1102 691 1156 video,
717 1102 894 1148 domine
916 1104 1035 1157 Jesu,
1057 1117 1158 1146 oves
1176 1095 1442 1161 pascentem,
1463 1113 1656 1148 errantes

257 1175 569 1234 requirentem,
594 1173 791 1218 inventas
811 1186 912 1216 cum
935 1172 1097 1230 gaudio
1119 1173 1175 1216 ad
1194 1187 1369 1231 gregem
1390 1173 1476 1217 tuis
1497 1174 1653 1217 hume-

255 1244 314 1289 ris
335 1251 631 1303 reportantem
652 1261 660 1286 :
687 1256 898 1301 magnum
920 1250 963 1286 te
985 1242 1274 1286 architectum
1305 1243 1433 1287 video
1453 1278 1464 1298 ,
1488 1243 1655 1301 virgam

256 1322 532 1374 portantem,
561 1312 608 1356 in
628 1313 749 1369 virga
782 1311 1072 1371 pendentem,
1107 1321 1150 1355 et
1173 1312 1227 1356 de
1258 1313 1339 1357 ista
1372 1313 1493 1372 virga
1514 1313 1655 1358 multa

255 1382 464 1436 miracula
475 1382 725 1426 facientem.
743 1382 937 1427 Multum
946 1397 1182 1441 expavesco
1191 1398 1241 1426 ex
1245 1383 1337 1442 posi
1344 1383 1506 1427 tionem
1517 1384 1652 1443 virgae

257 1454 411 1513 hujus,
439 1452 748 1510 ⁴Dilectissimi,
781 1451 890 1496 dum
915 1452 1011 1497 loca
1043 1452 1292 1498 divinarum
1330 1454 1654 1513 Scripturarum

257 1523 500 1569 considero.
522 1523 655 1581 Virga
677 1523 814 1568 Maria
832 1532 979 1568 sancta
994 1558 1005 1579 ,
1030 1524 1151 1583 virga
1174 1524 1263 1588 ipse
1284 1524 1482 1569 Christus
1497 1559 1509 1579 ,
1534 1525 1654 1582 virga

257 1609 379 1639 crux.
405 1596 462 1637 Et
483 1592 538 1637 de
559 1593 640 1637 ista
664 1592 786 1651 virga
808 1608 941 1653 quam
964 1609 1121 1653 magna
1144 1603 1187 1637 et
1212 1595 1320 1638 mira
1349 1593 1452 1638 fecit
1480 1594 1552 1638 hic
1581 1610 1655 1638 ar-

259 1664 471 1709 chitectus
490 1682 499 1708 :
525 1672 569 1707 et
590 1663 791 1708 arborem
813 1662 917 1709 fecit
938 1664 1077 1708 crucis
1110 1665 1187 1707 ubi
1215 1664 1306 1723 ipse
1334 1665 1551 1722 angularis
1573 1680 1653 1724 pe-

260 1733 413 1793 pendit
433 1733 543 1797 lapis
559 1768 570 1789 ,
596 1743 640 1778 et
659 1733 793 1785 scalas
817 1733 916 1777 coeli
938 1748 1014 1792 per
1035 1748 1142 1793 quas
1165 1734 1388 1778 hominem
1406 1734 1576 1794 lapsum
1595 1734 1656 1787 ,acl

262 1808 434 1849 Patrem
454 1804 628 1855 levavit.
661 1803 798 1858 Quale
821 1803 1080 1852 miraculum
1099 1839 1109 1858 ‚
1135 1804 1312 1857 fratres,
1340 1805 1469 1864 hujus
1508 1806 1653 1849 archi-

261 1876 387 1931 tecti,
413 1884 463 1919 ut
486 1874 541 1919 de
560 1875 682 1934 virga
703 1889 780 1919 sua
801 1873 964 1918 faceret
990 1872 1122 1917 scalas
1138 1908 1148 1927 ,
1175 1883 1217 1918 et
1238 1874 1345 1918 tales
1367 1890 1552 1934 quarum
1578 1891 1653 1920 ca-

261 1955 342 2005 put
363 1946 409 1990 in
435 1945 598 1990 coelum
629 1953 811 2007 poneret
828 1980 838 2000 ,
876 1954 918 1988 et
943 1959 1020 2004 per
1049 1960 1118 1988 eas
1150 1944 1240 2003 ipse
1263 1954 1306 1988 et
1336 1945 1589 1994 ascenderet
1611 1955 1654 1990 et

262 2015 570 2072 descenderet,
605 2025 650 2068 et
680 2024 857 2075 propter
885 2015 1263 2059 confirmationem
1289 2015 1380 2075 ipse
1417 2031 1547 2075 super
1583 2031 1654 2060 eas

261 2087 551 2139 incumberet.
573 2085 768 2139 Ascende
789 2100 982 2140 securus,
1007 2086 1085 2145 qui
1106 2084 1322 2130 desideras
1344 2086 1507 2131 coelum
1527 2105 1536 2131 ε
1561 2102 1654 2136 non
1675 2105 1678 2107 ·

262 2167 306 2202 te
327 2167 487 2203 terreat
515 2172 664 2209 earum
686 2171 768 2206 nec
789 2156 988 2214 angustia
1004 2190 1015 2211 ,
1053 2171 1134 2200 nec
1163 2155 1419 2215 longitudo,
1447 2172 1528 2201 nec
1550 2156 1652 2201 alti-

263 2231 372 2275 tudo
397 2249 408 2276 :
433 2229 544 2275 nihil
572 2229 749 2285 timeas,
783 2244 873 2272 non
908 2237 1065 2272 nutant
1102 2226 1259 2287 gradus
1282 2228 1394 2287 ejus,
1434 2243 1544 2288 quos
1577 2227 1652 2272 ille

266 2302 526 2345 architectus
552 2301 610 2345 sic
641 2300 928 2353 confirmavit,
963 2307 1012 2343 ut
1045 2299 1091 2342 in
1119 2299 1208 2358 ejus
1234 2298 1354 2355 ligno
1375 2313 1528 2342 manus
1551 2313 1649 2342 suas

268 2370 395 2416 clavis
419 2372 538 2431 affigi
559 2371 759 2416 voluerit,
781 2369 891 2414 Vide
907 2370 984 2413 has
1006 2369 1137 2414 scalas
1159 2369 1288 2428 hujus
1311 2368 1534 2414 architecti
1556 2368 1646 2414 dis-

320 2462 325 2477 ¹
349 2458 438 2488 Rom.
453 2468 524 2495 viu,
543 2468 576 2497 9.
