1729 3143
252 187 334 226 308
672 196 706 224 s.
742 194 973 225 Aucusnm
1006 198 1188 226 El‘lscom

243 265 497 309 eorumdem
515 263 707 306 virorum
729 263 976 307 auctoritati
997 263 1057 307 sic
1079 278 1168 307 esse
1189 264 1476 322 credendum,
1504 276 1554 311 ut
1577 269 1632 312 de

199 334 201 337 ’
239 333 568 391 investigatione
583 346 732 375 earum
749 331 860 376 nihil
877 332 1062 391 amplius
1079 332 1355 378 laboremus?
1375 337 1427 379 E.
1456 336 1539 381 Sed
1552 352 1632 381 nos
1686 389 1688 397 y

237 404 282 447 id
304 403 424 462 quod
446 401 678 458 credimUS‚
703 418 828 447 nosse
845 412 888 448 et
904 403 1147 463 intelligere
1163 405 1378 464 cupimus.

295 473 370 515 VI.
406 474 459 515 A.
498 474 632 516 Recte
654 473 910 527 meministi,
936 471 1059 533 quod
1078 474 1211 517 etiam
1231 474 1279 517 in
1301 474 1480 519 exordio
1497 489 1628 535 supe-
1685 523 1687 528 ,

233 541 351 585 rioris
369 541 675 600 disputationis
696 558 721 587 a
739 543 865 587 nobis
884 543 1074 602 positum
1089 558 1179 590 esse
1191 546 1222 598 ¹,
1245 558 1402 602 negare
1419 559 1510 589 non
1525 560 1630 604 pos-
1684 570 1688 597 ;

230 628 394 657 sumus.
423 613 513 658 Nisi
530 614 647 657 enim
671 613 790 658 aliud
811 624 920 658 esset
944 613 1135 668 credere,
1160 623 1204 658 et
1225 613 1346 658 aliud
1366 613 1627 672 intelligere,

229 692 272 727 ct
293 684 435 742 primo
458 683 729 728 credendum
752 693 879 739 esset,
905 683 1026 744 quod
1044 698 1254 742 magnum
1275 691 1320 727 et
1339 682 1539 728 divinum
1556 683 1628 727 in-
1716 729 1722 737 ῃ

227 754 423 813 telligere
440 770 715 815 cuperemus,
736 753 895 800 frustra
917 748 1133 814 Propheta
1155 754 1329 799 dixisset
1350 773 1359 798 ε
1384 755 1511 799 «Nisi
1528 769 1627 798 cre-

228 845 247 867 »
283 824 494 879 dideritis‚
519 842 608 871 non
630 826 920 884 intenigetis2.
943 844 962 867 »
982 829 1079 884 Ipse
1097 841 1274 885 quoque
1291 825 1500 869 Dominus
1522 840 1627 870 nos-

224 906 291 940 'tel‘
324 904 368 937 et
396 896 522 936 dictis
553 905 596 934 et
630 895 753 934 factis
781 895 836 933 ad
862 895 1131 933 credendum
1156 896 1298 948 primo
1321 896 1521 935 hortatus
1542 904 1623 949 est,
1681 899 1684 935 ἰ

222 979 333 1026 quos
368 962 423 1007 ad
451 961 635 1006 salutem
667 960 853 1004 vocavit.
883 958 966 1004 Sed
989 968 1140 1018 postea
1173 974 1275 1004 cum
1303 959 1359 1003 de
1391 960 1485 1019 ipso
1506 963 1624 1007 dono

221 1037 495 1095 loqueretur,
520 1031 639 1092 quod
661 1040 753 1075 erat
775 1030 958 1075 daturus
982 1030 1280 1085 credentibus,
1306 1046 1396 1074 non
1418 1032 1499 1076 ait:
1518 1035 1623 1077 Haec
1680 1071 1684 1084 ι

221 1117 286 1152 est
308 1116 454 1150 autem
476 1105 563 1148 vita
585 1112 748 1148 aeterna
765 1113 814 1147 ut
835 1101 1036 1157 credant,
1059 1101 1135 1146 sed
1155 1120 1164 1146 ε
1184 1120 1204 1145 «
1222 1104 1327 1146 Haec
1349 1111 1431 1157 est,
1456 1104 1616 1163 inquit,

221 1199 241 1222 >›
279 1178 366 1222 vita
389 1186 574 1229 aeterna,
600 1184 649 1219 ut
670 1182 936 1232 cognoscant
964 1181 1007 1216 te
1037 1172 1177 1216 solum
1207 1175 1345 1216 Deum
1372 1188 1541 1229 verum,
1576 1185 1620 1219 et

224 1275 241 1295 »
278 1264 412 1310 quem
434 1247 583 1292 misisti
605 1249 629 1290 J
634 1260 754 1289 esum
777 1245 1041 1290 Ch1·istum⁵.
1065 1264 1082 1285 »
1103 1244 1268 1288 Deinde
1283 1245 1374 1302 jam
1396 1244 1618 1290 credenti-

224 1324 308 1367 bus
324 1319 429 1363 dicit
447 1337 455 1362 2
477 1337 496 1360 ι(
515 1316 707 1371 Quaerite
725 1325 768 1359 et
784 1314 1060 1357 invenietis4:
1080 1334 1098 1354 »
1115 1328 1215 1356 nam
1234 1328 1377 1372 neque
1392 1314 1619 1360 inventum

219 1392 306 1437 dici
331 1399 486 1448 potest,
513 1385 634 1444 quod
656 1384 930 1441 incognitum
953 1382 1169 1439 creditur3
1204 1397 1348 1442 neque
1382 1384 1614 1444 quisquam

216 1457 481 1507 inveniendo
500 1459 590 1500 Deo
608 1457 658 1499 fit
674 1455 857 1498 idoneus
869 1488 879 1508 ‚
897 1453 978 1496 nisi
997 1462 1123 1497 antea
1141 1453 1389 1509 crediderit,
1410 1455 1531 1514 quod
1549 1465 1614 1500 est

216 1541 366 1592 postea
396 1528 663 1585 cogniturus.
689 1528 965 1583 Quapropter
990 1523 1164 1567 Domini
1187 1526 1413 1583 praeceptis
1435 1526 1611 1570 obtem-

215 1611 415 1663 perantes
442 1612 688 1658 quaeramus
722 1596 948 1640 instanter.
981 1595 1110 1647 Quod
1143 1595 1259 1638 enim
1290 1596 1491 1640 hortante
1516 1598 1611 1657 ipso

214 1675 450 1735 quaerimus
467 1706 477 1725 ,
503 1668 658 1713 eodem
679 1668 771 1726 ipso
794 1666 1121 1711 demonstrante
1146 1667 1437 1722 inveniemus,
1467 1683 1610 1728 quan-

219 1755 314 1788 tum
335 1745 430 1786 haec
452 1742 497 1784 in
519 1741 599 1783 hac
622 1739 724 1792 vita,
748 1747 790 1780 et
811 1753 834 1780 a
856 1737 981 1781 nobis
1004 1736 1165 1780 talibus
1190 1737 1373 1780 inveniri
1405 1748 1574 1796 queunt
1594 1758 1603 1782 :

215 1829 319 1860 nam
336 1823 377 1857 et
390 1828 413 1855 a
426 1809 677 1855 melioribus
693 1808 821 1851 etiam
838 1806 943 1849 dum
957 1807 1032 1849 has
1054 1815 1185 1849 terras
1202 1805 1417 1861 incolunt,
1436 1816 1480 1850 et
1490 1818 1607 1854 certe

212 1903 237 1931 a
259 1885 385 1929 bonis
407 1892 449 1926 et
471 1881 550 1940 piis
568 1879 772 1924 omnibus
795 1887 890 1936 post
913 1877 1024 1920 hanc
1043 1877 1192 1931 vitam,
1212 1876 1455 1922 evidentius
1473 1888 1606 1940 atque

211 1955 446 2017 perfectius
469 1953 548 1996 ista
570 1950 689 1995 cerui
710 1949 987 2007 obtinerique
1009 1947 1277 1992 credendum
1302 1957 1391 2005 est3
1416 1958 1458 1992 et
1477 1950 1604 1994 nobis

211 2029 271 2072 ita
288 2026 380 2071 fore
398 2023 664 2082 sperandum
678 2030 757 2074 est,
777 2029 821 2063 et
837 2020 916 2063 ista
933 2019 1194 2077 contemptis
1208 2019 1386 2063 terrenis
1398 2028 1441 2063 et
1453 2020 1602 2064 huma-

210 2100 294 2153 nis,
315 2096 434 2141 omni
451 2094 582 2138 modo
601 2091 885 2136 desideranda
903 2099 946 2133 et
964 2089 1184 2147 diligenda
1200 2099 1318 2134 sunt.

270 2170 369 2211 VII.
406 2168 661 2218 Quaeramus
679 2171 823 2205 autem
847 2161 929 2204 hoc
947 2159 1114 2213 ordine,
1151 2160 1186 2203 si
1213 2160 1383 2218 placet:
1410 2160 1601 2219 primum

210 2236 434 2300 quomodo
468 2232 747 2278 manifestum
778 2240 841 2274 est
876 2234 1015 2273 Deum
1037 2244 1155 2273 esse:
1180 2228 1339 2273 deinde
1368 2238 1517 2273 utrum
1545 2231 1599 2274 ab

209 2310 284 2354 isso
322 2309 408 2353 sint
423 2342 433 2362 ,
474 2318 765 2365 quaecumque
793 2302 837 2344 in
865 2310 1272 2360 quantumcumque
1309 2309 1411 2343 sunt
1447 2300 1563 2344 bona
1585 2319 1593 2344 ε

207 2389 425 2438 postremo
448 2385 597 2420 utrum
619 2375 664 2417 in
685 2372 810 2417 bonis
833 2370 1101 2414 numeranda
1134 2370 1188 2414 sit
1218 2369 1419 2414 voluntas
1438 2369 1589 2414 libera.

258 2486 266 2502 ¹
285 2481 362 2512 Vide
376 2491 480 2522 supra,
499 2480 554 2511 lib.
575 2490 594 2511 1.
616 2488 646 2509 n.
696 2495 752 2508 .—
768 2482 780 2497 ²
801 2474 873 2506 lsai.
891 2485 951 2513 vn,
971 2484 1004 2515 9:
1024 2474 1115 2514 juxta
1134 2474 1230 2505 LXX.
1243 2489 1284 2495 —-
1299 2471 1312 2496 3
1328 2474 1421 2506 Joan.
1440 2481 1518 2512 xvn,
1540 2471 1590 2503 13.

211 2553 250 2561 --
269 2535 284 2565 4
305 2535 417 2567 Matth.
435 2544 493 2574 vn,
514 2545 544 2575 ς.

1666 2070 1670 2154 i

1666 2194 1669 2236 Ι

1664 2248 1710 2376 ε

1662 2403 1667 2465 ἔ
