1729 3143
231 197 284 237 34
668 210 700 235 s.
738 207 967 233 aucusnm
999 206 1180 233 muscosi

225 273 446 332 phemiam
463 292 471 317 :
489 290 509 314 «
521 271 740 325 Quandiu,
751 268 911 328 inquit,
923 269 1002 313 ista
1011 278 1053 312 et
1061 269 1139 314 ista
1155 269 1338 327 pateris?
1351 270 1427 313 Dic
1437 269 1617 328 aliquod

227 361 248 386 »
285 343 519 388 verhumin
527 340 778 393 Dominum,
795 347 838 382 et
855 353 1023 389 morere
1034 341 1065 382 1.
1080 357 1100 380 n
1118 341 1233 396 Ergo
1247 339 1348 398 quia
1361 338 1616 386 humiliatus

225 421 332 468 erat,
354 411 608 457 exaltandus
629 417 734 452 erat.
752 411 810 453 Et
824 408 930 453 fecit
944 410 1028 457 hoc
1050 410 1278 464 Dominus,
1297 418 1347 453 ut
1369 410 1617 455 ostenderet

222 483 498 527 hominibus:
523 494 625 523 nam
656 479 748 538 ipse
776 493 900 523 servo
920 495 999 524 suo
1021 480 1068 524 in
1090 480 1204 524 coelo
1232 480 1394 539 majora
1415 480 1612 525 servavit.

224 555 341 611 Ergo
357 549 636 595 humiliatum
650 551 674 594 J
678 549 735 594 ob
749 548 969 605 exaltavit,
986 550 1150 595 elatum
1165 550 1392 595 diabolum
1410 549 1618 595 humilia-

222 621 304 666 vit:
321 640 341 663 «
355 619 817 676 Quiahunchumiliat‚
829 621 998 666 ethunc
1006 620 1213 666 exaltat²z
1228 639 1248 664 u
1259 624 1323 667 Ne
1337 621 1434 681 quis
1450 629 1614 675 autem,

218 690 371 736 fratres
392 692 650 747 charissimi,
671 691 849 751 quando
871 691 1037 753 aliquas
1060 692 1272 752 ejusmodi
1293 693 1457 752 patitur
1480 692 1618 736 tribu-

213 759 422 817 lationes,
446 762 519 806 hic
542 772 740 822 expectet
767 763 1040 808 mercedem:
1068 763 1189 807 verbi
1211 762 1361 821 gratia,
1388 763 1424 813 si
1457 762 1618 806 damna

219 830 364 891 aliqua
381 832 588 892 patiatur,
608 849 665 877 ne
688 833 802 878 forte
821 849 872 878 eo
890 833 1036 878 animo
1053 833 1169 878 dicat
1188 852 1197 877 ι
1215 833 1460 877 «Dominus
1477 831 1614 886 dedit,

219 918 241 942 n
275 903 489 947 Dominus
506 903 703 960 abstulit,
723 904 834 949 sicut
851 903 1039 948 Domino
1056 903 1236 963 placuit,
1261 903 1322 947 ita
1342 902 1508 947 factum
1529 910 1614 946 est:

221 988 243 1011 ³)
277 971 332 1015 sit
360 987 524 1018 nomen
550 974 725 1023 Domini
756 973 1061 1029 benedictum,
1081 992 1103 1016 »
1123 983 1173 1018 ut
1199 973 1386 1033 duplum
1415 972 1613 1031 accipiat.

213 1040 428 1087 Patientia
446 1046 586 1087 Deum
603 1043 769 1099 laudet,
792 1059 886 1087 non
903 1045 1097 1089 avaritia.
1126 1045 1235 1089 Sica
1254 1060 1354 1104 quae
1370 1041 1613 1103 perdidisti,

212 1110 348 1171 dupla
362 1115 521 1173 quaeris
535 1115 744 1173 recipere,
768 1123 812 1158 et
827 1115 928 1159 ideo
945 1118 1086 1158 Deum
1108 1114 1283 1170 laudas,
1305 1114 1361 1158 de
1378 1111 1616 1172 cupiditate

210 1181 378 1237 laudas,
412 1199 503 1226 non
531 1185 586 1227 de
610 1185 836 1228 charitate.
861 1188 960 1230 Non
982 1184 1065 1227 tibi
1087 1191 1288 1228 occurrat
1316 1184 1456 1242 ipsius
1479 1182 1618 1227 sancti

210 1253 292 1296 viri
326 1251 607 1310 exemplum:
639 1251 754 1296 fallis
780 1262 838 1296 te.
873 1252 1059 1306 Quando
1088 1254 1176 1297 Job
1200 1255 1345 1297 omnia
1379 1253 1612 1307 tolerabat,

210 1321 345 1380 dupla
367 1337 457 1366 non
480 1321 698 1380 sperabat.
724 1325 781 1366 Et
803 1323 847 1365 in
869 1324 1010 1381 prima
1031 1324 1123 1382 ejus
1147 1324 1418 1369 confessione
1437 1323 1615 1383 quando

212 1390 371 1436 damna
398 1390 580 1451 pertulit
609 1400 652 1435 et
679 1391 790 1436 filios
819 1392 996 1447 extulit,
1029 1401 1072 1436 et
1104 1394 1149 1436 in
1179 1394 1370 1437 secunda
1400 1408 1502 1440 cum
1525 1394 1617 1451 jam

209 1471 427 1507 tormenta
441 1461 676 1507 vulnerum
689 1471 911 1521 pateretur
925 1463 972 1507 in
989 1478 1135 1517 carne,
1150 1473 1293 1522 potest
1309 1464 1479 1508 adverti
1495 1462 1616 1522 quod

212 1532 326 1577 dico.
351 1532 509 1577 Prioris
531 1533 623 1592 ejus
644 1531 928 1577 confessionis
950 1533 1045 1576 haec
1063 1534 1197 1577 verba
1220 1542 1349 1577 sunt:
1367 1532 1615 1577 «Dominus

213 1620 234 1644 »
269 1601 407 1656 dedit,
433 1603 645 1646 Dominus
669 1601 870 1659 abstulit,
895 1602 1008 1646 sicut
1028 1602 1215 1647 Domino
1237 1603 1420 1662 placuit,
1444 1603 1505 1646 ita
1523 1601 1616 1646 fac-

214 1690 235 1714 »
270 1681 366 1716 tum
386 1681 468 1716 est:
495 1673 549 1716 sit
566 1687 725 1717 nomen
740 1672 915 1717 Domini
935 1672 1264 1717 benedictum3.
1295 1691 1316 1714 n
1345 1677 1522 1717 Poterat
1542 1672 1611 1715 di,

214 1758 340 1788 cere:
373 1743 584 1787 Dominus
613 1744 754 1798 dedit,
790 1743 1000 1787 Dominus
1037 1742 1240 1800 abstulit3
1276 1752 1419 1802 potest
1452 1743 1613 1786 iterum

214 1813 318 1858 dare
345 1813 423 1873 qui
444 1812 644 1868 abstulit,
670 1822 812 1872 potest
839 1813 967 1872 plura
990 1828 1192 1857 revocare
1215 1829 1347 1872 quam
1371 1813 1486 1857 tulit.
1514 1815 1613 1857 Non

213 1883 298 1928 hoc
317 1882 452 1937 dixit,
469 1881 570 1927 sed:
593 1901 612 1924 «
634 1883 754 1927 Sicut
770 1883 956 1926 Domino
973 1883 1153 1941 placuit,
1175 1883 1338 1942 inquit,
1361 1883 1421 1926 ita
1443 1883 1612 1927 factum

217 1971 238 1995 »
273 1962 357 1998 est:
380 1971 401 1994 »
425 1953 528 2013 quia
551 1953 588 1996 ei
610 1952 766 2012 placet,
792 1952 961 2012 placeat
983 1953 1090 1995 mihi
1113 1972 1120 1996 :
1157 1953 1278 2012 quod
1301 1952 1468 2012 placuit
1492 1953 1610 1995 hono

214 2024 418 2079 Domino,
444 2039 534 2069 non
561 2023 786 2082 displiceat
807 2022 983 2067 subdito
1006 2038 1152 2079 servo,
1181 2022 1301 2082 quod
1329 2022 1493 2082 placuit
1518 2037 1610 2065 me-

215 2093 329 2149 dico,
360 2109 450 2138 non
472 2093 696 2152 displiceat
713 2102 890 2151 aegroto.
917 2093 1062 2137 Aliam
1085 2093 1217 2152 ipsius
1241 2093 1346 2137 audi
1370 2092 1610 2137 confessio-

215 2180 340 2209 nem:
365 2183 385 2207 «
404 2169 572 2210 Locuta
586 2180 645 2220 es,
665 2165 810 2224 inquit
824 2165 949 2208 uxori
966 2179 1072 2219 suae,
1094 2173 1302 2223 tanquam
1321 2179 1409 2207 una
1431 2179 1482 2207 ex
1501 2162 1608 2206 insi-

218 2253 239 2276 »
275 2235 497 2294 pientibus
527 2234 798 2279 mulieribus.
845 2234 886 2279 Si
925 2235 1041 2278 bona
1076 2236 1348 2294 percepimus
1383 2233 1438 2277 de
1474 2248 1609 2276 manu

218 2322 240 2345 »
273 2306 476 2363 Domini3
497 2304 610 2350 mala
632 2320 766 2364 quare
788 2320 879 2349 non
900 2305 1262 2349 sustinebimus4‘?
1278 2307 1401 2350 »Non
1419 2303 1603 2357 addidit,

216 2374 337 2434 quod
369 2376 403 2419 si
434 2376 612 2431 diceret,
637 2389 790 2420 verum
810 2374 1000 2418 diceret:
1032 2379 1190 2420 Potens
1221 2385 1284 2419 est
1318 2376 1528 2419 Dominus
1564 2381 1608 2416 et

215 2460 356 2489 meam
373 2460 548 2490 carnem
564 2446 611 2489 in
627 2445 859 2504 pristinum
881 2460 1098 2499 revocare,
1121 2454 1163 2489 et
1180 2446 1299 2504 quod
1319 2445 1445 2491 nobis
1464 2445 1605 2490 abstu-

264 2535 273 2552 ¹
294 2528 425 2570 Job‚11‚
446 2541 478 2571 9.
499 2535 564 2552 -2
589 2527 670 2561 Psal.
693 2539 802 2569 Lxxiv,
823 2528 856 2561 8.
876 2544 917 2551 —
938 2526 950 2551 3
971 2529 1047 2570 Job,
1067 2540 1091 2570 ι,
1111 2537 1164 2561 21.
1182 2527 1247 2559 —4
1272 2529 1373 2570 Id.11,
1398 2540 1447 2562 ιο.
