1729 3143
0 0 12 231 fi

0 238 9 287 t

0 291 1 328 1

407 215 460 242 DE
493 214 644 242 menno
676 211 888 249 Anam-110,
924 211 1007 239 Lus.
1044 211 1108 237 111.
1362 200 1444 238 357

68 285 233 330 etiamsi
266 283 428 345 aliquid
465 282 645 328 inferius
676 296 747 325 eos
779 280 984 324 voluisset
1020 293 1108 323 esse
1145 293 1277 338 quam
1313 288 1444 333 sunt,

0 371 1 377 ¹
67 357 358 417 omnibusque
382 355 544 400 ossibus
573 363 616 397 et
648 350 849 396 medullis
881 350 1155 396 conscientiae
1173 364 1262 394 suae
1291 348 1451 395 clama-

65 443 88 468 »
114 435 236 473 rent:
259 445 277 467 «
302 429 396 485 Ego
425 425 532 479 dixi,
557 423 741 468 Domine
762 421 953 465 misereri
982 421 1096 474 mei,
1125 436 1229 465 cura
1259 419 1449 464 animam

65 512 207 542 meam
226 533 237 552 ‚
275 498 377 557 quia
403 494 578 555 peccavi
598 494 703 538 tibi1
727 511 735 539 ς
759 510 780 534 »
807 493 868 536 ita
889 492 1015 536 certis
1043 492 1268 536 itineribus
1290 491 1449 536 divinae

63 567 368 612 misericordiae
381 567 427 610 in
444 565 699 625 sapientiam
713 562 1003 617 ducerentur,
1026 570 1077 605 ut
1098 577 1242 622 neque
1264 562 1452 607 inventis

63 638 194 682 rebus
216 638 354 681 inflati
373 672 384 692 ,
409 652 552 696 neque
573 650 663 679 non
684 635 870 679 inventis
888 632 1161 688 turbulenti,
1198 643 1241 678 et
1275 648 1453 693 cognos-

63 709 204 753 cendo
222 708 517 752 instructiores
539 707 693 751 fierent
716 704 769 749 ad
791 705 1032 749 videndum
1051 739 1061 759 ,
1098 713 1140 748 et
1168 705 1224 748 ad
1250 719 1454 764 quaeren-

63 777 170 822 dum
196 777 439 836 ignorando
467 777 673 821 mitiores.
709 775 803 819 Tibi
831 776 942 819 vero'
965 775 1035 819 cui
1064 775 1153 834 jam
1175 775 1258 818 hoc
1280 790 1454 833 persua-

62 864 157 892 sum
195 865 284 894 esse
318 865 408 893 non
431 848 612 903 dubito,
642 846 739 892 vide
770 862 903 907 quam
939 846 1065 890 facile,
1099 845 1154 889 de
1183 854 1271 888 tam
1295 860 1454 903 magna

61 919 301 976 quaestione
316 919 600 977 respondeam
613 952 623 972 ,
649 933 748 962 cum
764 917 869 961 mihi
884 917 1002 974 prior
1014 915 1298 973 interroganti
1317 930 1456 975 pauca

61 987 347 1046 responderis.

118 1060 196 1101 VI.
224 1060 350 1101 Certe
380 1058 497 1100 enim
529 1058 614 1100 hoc
649 1066 692 1100 te
728 1064 901 1109 movet,
929 1064 971 1098 et
1002 1055 1086 1099 hoc
1123 1056 1310 1111 miraris,
1337 1073 1453 1117 quo-

58 1125 193 1170 modo
237 1142 327 1170 non
370 1127 456 1169 sint
493 1126 709 1169 contraria
747 1134 790 1168 et
830 1125 1144 1183 repugnantia,
1184 1135 1234 1168 ut
1266 1135 1309 1169 et
1338 1129 1453 1171 Deus

59 1196 262 1255 praescius
283 1196 336 1238 sit
365 1196 561 1239 omnium
585 1195 861 1249 futurorum,
889 1204 932 1238 et
954 1210 1031 1238 nos
1055 1210 1144 1238 non
1166 1196 1419 1240 necessitate
1439 1232 1451 1253 ‚

60 1265 135 1309 sed
165 1264 393 1310 voluntate
424 1280 666 1323 peccemus.
696 1265 739 1308 Si
761 1265 877 1307 enim
906 1265 1109 1323 praescius
1134 1274 1196 1309 est
1218 1269 1357 1320 Deus,
1382 1267 1454 1309 in-

60 1336 156 1396 quis
177 1371 187 1390 ,
221 1344 504 1392 peccaturum
527 1350 616 1378 esse
637 1334 883 1389 hominem,
909 1350 1082 1379 necesse
1106 1345 1168 1379 est
1198 1344 1247 1379 ut
1266 1346 1418 1394 peccet
1441 1355 1450 1381 ε

60 1407 94 1450 si
115 1415 260 1450 autem
280 1421 454 1450 necesse
472 1415 560 1459 est,
587 1421 676 1450 non
694 1419 794 1462 ergo
817 1414 879 1448 est
900 1405 945 1447 in
968 1406 1192 1464 peccando
1214 1406 1451 1451 voluntatis
1504 1417 1511 1420 Χ

60 1477 288 1520 arbitrium
308 1511 318 1530 ‚
355 1475 428 1520 sed
455 1477 599 1534 potius
621 1474 883 1527 inevitabilis
906 1484 948 1518 et
971 1475 1053 1518 fixa
1083 1475 1327 1519 necessitas
1355 1480 1451 1529 Qua

59 1546 388 1590 ratiocinatione
419 1546 503 1589 hoc
540 1544 741 1588 videlicet
769 1560 824 1588 ne
852 1544 1109 1589 conficiatur
1129 1545 1279 1600 times,
1305 1555 1354 1590 ut
1377 1555 1452 1590 aut

60 1620 174 1661 Deus
208 1615 459 1660 futurorum
482 1616 679 1660 omnium
702 1615 906 1675 praeseius
928 1615 1058 1674 impie
1086 1625 1270 1674 negetur
1287 1651 1297 1671 ‚
1325 1627 1399 1661 aut
1420 1619 1455 1662 si

60 1688 143 1731 hoc
164 1702 321 1746 negare
344 1703 434 1731 non
456 1701 685 1745 possumus
701 1721 712 1740 ,
735 1685 949 1729 fateamur
979 1701 1070 1730 non
1096 1685 1323 1731 voluntate
1345 1723 1356 1742 ‚
1381 1689 1457 1733 sed

59 1757 311 1801 necessitate
341 1757 510 1816 peccari
535 1773 546 1800 :
573 1772 626 1800 an
651 1755 819 1816 aliquid
838 1755 957 1799 aliud
981 1765 1022 1800 te
1044 1760 1226 1801 movet?
1257 1761 1309 1802 E.
1335 1759 1454 1804 Nihil

59 1827 234 1871 interim
256 1825 388 1870 aliud.
426 1830 479 1872 A.
518 1829 602 1869 Res
632 1842 733 1885 ergo
765 1827 986 1870 universas
1025 1843 1212 1886 quarum
1244 1832 1360 1873 Deus
1389 1837 1452 1874 est

59 1898 281 1957 praescius,
302 1912 392 1941 non
406 1897 633 1941 voluntate
650 1896 725 1940 sed
742 1897 994 1940 necessitate
1008 1897 1101 1941 fieri
1119 1907 1259 1956 putas.
1277 1902 1329 1942 E.
1351 1900 1454 1943 Om-

59 1969 165 2012 nino
185 1969 244 2012 ita
261 1977 385 2027 puto.
411 1970 464 2011 Α.
486 1968 793 2026 Expergiscere
811 1967 987 2011 tandem
1005 2002 1015 2022 ,
1042 1977 1173 2028 teque
1190 1970 1333 2028 ipsum
1348 1986 1452 2029 pau-

60 2038 200 2082 lulum
224 2039 394 2082 intuere
412 2072 422 2092 ‚
454 2046 497 2080 et
519 2036 588 2080 dic
610 2037 717 2080 mihi
737 2073 748 2092 ,
775 2038 809 2081 si
830 2047 952 2097 potes
967 2073 977 2093 ‚
1003 2037 1178 2098 qualem
1199 2039 1253 2083 sis
1270 2040 1452 2083 habitu-

59 2125 132 2153 rus
154 2124 245 2152 eras
268 2107 539 2152 voluntatem
554 2141 565 2161 ,
590 2116 736 2151 utrum
761 2109 971 2167 peccandi
985 2144 1000 2164 ,
1026 2125 1081 2153 an
1099 2119 1215 2154 recte
1237 2108 1452 2154 faciendi?

59 2181 112 2223 E.
137 2179 306 2224 Nescio.
332 2181 384 2222 A.
418 2177 556 2232 Quid,
598 2180 738 2221 Deum
778 2179 927 2222 itidem
966 2180 1129 2224 nescire
1171 2182 1255 2225 hoc
1290 2183 1450 2240 putas?

60 2253 112 2294 E.
133 2249 264 2294 Nullo
282 2248 413 2292 modo
430 2248 475 2292 id
492 2248 750 2307 putaverim.
777 2252 829 2293 Α.
855 2250 897 2293 Si
919 2265 1021 2308 ergo
1038 2251 1308 2295 voluntatem
1328 2261 1448 2296 tuam

62 2319 292 2363 crastinam
330 2319 480 2373 novit,
524 2328 565 2362 et
590 2319 785 2362 omnium
808 2320 1036 2364 hominum
1055 2356 1066 2376 ‚
1091 2322 1180 2365 sive
1216 2323 1291 2382 qui
1315 2332 1444 2379 sunt,

61 2390 149 2433 sive
166 2389 241 2449 qui
259 2387 397 2433 futuri
415 2399 543 2444 sunt,
570 2389 738 2433 futuras
763 2390 973 2448 praevidet
1005 2389 1251 2436 voluntates
1269 2428 1279 2447 ,
1304 2394 1445 2437 multo

61 2461 196 2518 inagis
218 2459 427 2518 praevidet
450 2459 556 2520 quid
585 2460 638 2504 de
668 2460 794 2519 justis
815 2461 1044 2521 impiisque
1073 2461 1265 2506 facturus
1291 2463 1359 2507 sit.
1385 2465 1436 2506 E.

110 2540 118 2555 ¹
151 2533 230 2563 Psal.
249 2544 299 2565 xl..
322 2533 352 2564 Γ).
