1729 3143
254 176 336 215 288
683 187 716 216 s.
751 186 983 216 Aucus-nm
1013 188 1194 217 muscom

251 267 332 312 ego
358 251 496 297 fateor
519 251 597 296 tibi
613 286 624 307 ‚
651 252 937 311 quaestionem
954 253 1078 298 istam
1095 289 1106 309 ,
1132 269 1231 314 quae
1252 262 1303 298 ut
1323 233 1518 322 intelligo
1542 265 1630 300 ter-

248 323 412 367 minata
435 332 528 378 est,
564 322 719 367 tandiu
761 339 840 370 nos
873 334 1138 370 retenturam
1171 335 1424 385 putaveram
1450 362 1461 382 ,
1497 343 1629 388 quam

247 392 425 439 fortasse
442 393 587 437 omnia
603 410 703 455 quae
715 394 831 440 dicta
851 405 953 441 sunt
971 397 1024 441 ab
1043 396 1136 456 ipso
1153 405 1313 441 nostrae
1330 396 1631 456 disputationis

248 464 439 509 exordio.
465 466 609 517 Quare
631 466 778 526 accipe
793 467 882 527 jam
899 501 910 523 ‚
937 476 987 512 ut
1009 466 1166 512 deinde
1188 468 1297 513 ratio
1314 476 1599 513 connectatur
1618 487 1628 512 ε

245 550 347 579 nam
369 534 500 580 credo
522 551 612 582 non
634 546 677 582 te
700 537 900 598 ignorare
916 573 928 594 ‚
948 537 994 582 id
1016 538 1136 599 quod
1157 539 1265 583 scire
1285 538 1470 583 dicimus
1487 573 1498 593 ‚
1522 537 1633 582 nihil

243 619 332 649 esse
364 603 484 651 aliud
517 623 650 667 quam
682 609 847 654 ratione
876 609 1039 653 habere
1068 618 1339 669 perceptum.
1373 611 1425 653 E.
1461 611 1528 652 Ita
1551 617 1628 652 est.

242 678 295 720 A.
320 676 406 730 Qui
439 692 542 737 ergo
570 679 625 723 sit
652 694 696 723 se
717 679 861 725 vivere
879 715 890 735 ,
928 680 1095 725 ratione
1121 695 1211 725 non
1233 689 1364 725 caret.
1390 682 1442 724 E.
1468 681 1634 725 Conse-

241 761 380 806 quens
402 756 479 793 est.
504 751 557 793 A.
584 749 750 794 Vivunt
766 759 913 795 autem
936 750 1086 795 bestiae
1101 786 1112 805 ‚
1138 760 1181 795 et
1201 751 1313 796 sicut
1324 752 1415 810 jam
1437 749 1631 802 emicuit,

197 833 205 891 if
239 818 417 888 rationis
440 829 635 879 expertes
660 830 778 866 sunt.
804 823 856 865 E.
880 820 1163 866 Manifestum
1183 831 1260 867 est.
1287 825 1340 866 A.
1366 824 1480 866 Ecce
1499 820 1633 879 igitur

198 895 199 919 ³
232 888 325 948 jam
341 890 479 945 nosti,
505 891 624 950 quod
640 900 683 934 te
700 892 900 948 ignorare
917 891 1200 949 responderas
1217 927 1228 945 ,
1254 908 1345 934 non
1362 907 1492 935 omne
1513 889 1635 949 quod

237 959 344 1004 vivit
375 960 482 1004 scire
517 975 562 1004 se
591 960 763 1014 vivere,
801 975 1054 1020 quanquam
1087 975 1218 1004 omne
1260 960 1382 1020 quod
1413 975 1457 1004 se
1490 959 1636 1005 vivere

196 1027 200 1038 ‘
237 1031 368 1086 sciat,
394 1031 516 1076 vivat
535 1030 793 1075 necessario.

296 1103 442 1146 XVII.
469 1105 521 1146 E.
539 1104 637 1147 Non
652 1102 761 1145 mihi
773 1110 837 1145 est
848 1102 939 1161 jam
958 1101 1168 1160 dubium3
1185 1116 1315 1161 perge
1328 1117 1417 1162 quo
1433 1100 1634 1146 intende-

238 1187 305 1217 ras
328 1191 337 1216 ε
361 1171 482 1216 aliud
512 1172 631 1216 enim
662 1187 752 1217 esse
781 1175 951 1227 vivere,
982 1172 1101 1217 aliud
1132 1174 1241 1218 scire
1263 1189 1307 1218 se
1337 1174 1507 1228 vivere,
1532 1172 1634 1218 satis

237 1242 384 1287 didici.
425 1245 477 1286 Α.
514 1242 632 1296 Quid
666 1257 767 1301 ergo
802 1242 882 1286 tibi
919 1243 1078 1287 horum
1113 1248 1300 1288 duorum
1336 1243 1511 1288 videtur
1545 1257 1635 1286 esse

237 1315 546 1373 praestantius?
568 1316 620 1358 E.
646 1314 766 1367 Quid*
783 1322 909 1373 putas
925 1348 936 1368 ‚
963 1314 1044 1358 nisi
1066 1315 1291 1358 scientiam
1314 1315 1447 1358 vitae?
1465 1307 1519 1358 Ἀ.
1540 1316 1635 1358 Me-

234 1383 398 1429 lior-ne
421 1384 503 1428 tibi
524 1383 697 1427 videtur
714 1384 816 1428 vitae
836 1383 1016 1428 scientia
1038 1399 1173 1444 quam
1190 1384 1282 1443 ipsa
1306 1384 1425 1428 vita?
1448 1400 1503 1428 an
1518 1383 1631 1428 forte

237 1454 441 1513 intelligis
467 1455 733 1514 superiorem
758 1453 995 1515 quamdam
1017 1463 1060 1498 et
1087 1454 1367 1500 sinceriorem
1387 1455 1519 1499 vitam
1545 1469 1634 1498 esse

237 1527 482 1581 scientiam,
510 1541 644 1586 quam
675 1525 784 1570 scire
817 1541 947 1570 nemo
978 1534 1148 1585 potest,
1185 1526 1266 1570 nisi
1294 1526 1371 1586 qui
1399 1524 1634 1584 intelligit?

238 1597 490 1657 Intelligere
514 1606 660 1642 autem
683 1597 790 1656 quid
808 1606 893 1652 est,
918 1597 1001 1641 nisi
1023 1597 1116 1656 ipsa
1131 1597 1229 1641 luce
1251 1597 1408 1641 mentis
1424 1595 1634 1641 illustrius

237 1667 561 1729 perfectiusque
578 1668 749 1713 vivere?
770 1670 914 1721 Quare
932 1677 981 1712 tu
996 1669 1128 1722 mihi,
1154 1669 1236 1712 nisi
1250 1668 1380 1713 fallor
1396 1703 1407 1724 5
1427 1683 1518 1713 non
1533 1667 1634 1712 vitae

238 1739 358 1784 aliud
383 1739 549 1800 aliquid
570 1774 580 1794 ,
617 1738 693 1782 sed
720 1739 893 1782 cuidam
924 1739 1022 1782 vitae
1051 1739 1277 1783 meliorem
1304 1739 1438 1783 vitam
1460 1752 1634 1797 praepo-

239 1810 377 1855 suisti.
405 1813 457 1855 E.
488 1810 664 1870 Optime
692 1809 871 1854 omnino
894 1818 938 1852 et
957 1809 1199 1867 cognovisti
1223 1818 1265 1852 et
1293 1809 1515 1868 explicasti
1537 1823 1636 1852 sen-

238 1882 422 1927 tentiam
444 1897 585 1926 meam
610 1900 618 1926 2
645 1882 678 1925 si
695 1889 843 1925 tamen
862 1880 1039 1924 scientia
1061 1879 1176 1923 mala
1196 1894 1285 1923 esse
1308 1894 1536 1938 nunquam
1559 1894 1635 1938 po-

238 1962 337 1999 test.
364 1956 418 1998 A.
451 1952 584 1999 Nullo
617 1950 750 1996 modo
788 1950 1003 2004 arbitror,
1038 1950 1119 1994 nisi
1141 1965 1241 1994 cum
1264 1949 1471 1994 translato
1501 1950 1635 1993 verbo

239 2025 464 2070 scientiam
497 2040 577 2084 pro
615 2022 878 2083 experientia
910 2021 1094 2066 dicimus
1131 2039 1140 2064 :
1175 2020 1359 2080 experiri
1394 2020 1511 2064 enim
1546 2035 1637 2063 non

241 2112 410 2156 semper
428 2096 596 2141 bonum
618 2096 711 2139 est?
736 2095 846 2138 sicut
862 2092 1044 2152 experiri
1061 2091 1273 2152 sup‘plicia
1295 2111 1303 2136 :
1325 2090 1397 2136 illa
1416 2106 1519 2136 vero
1536 2106 1636 2150 quae

240 2169 414 2228 proprie
443 2183 492 2212 ac
527 2181 637 2226 pure
669 2164 847 2208 scientia
876 2164 1158 2218 nominatur,
1191 2163 1294 2222 quia
1320 2163 1482 2207 ratione
1505 2170 1636 2221 atque

240 2240 528 2300 intelligentia
561 2247 739 2298 paratur
758 2272 768 2291 ‚
805 2235 919 2280 mala
938 2251 1028 2280 esse
1049 2235 1126 2295 qui
1150 2236 1321 2294 potest?
1343 2237 1394 2279 Ε.
1426 2237 1570 2278 Teneo
1592 2241 1636 2276 et

240 2311 363 2356 istam
389 2310 681 2355 differentiam
708 2328 717 2353 :
743 2322 1006 2367 persequere
1028 2315 1198 2350 caetera.

298 2386 466 2427 xviii.
495 2382 612 2427 Illud
637 2391 696 2425 est
721 2379 840 2441 quod
862 2379 961 2423 volo
990 2378 1133 2423 dicere
1161 2396 1169 2421 :
1195 2377 1280 2421 hoc
1304 2375 1519 2436 quidquid
1541 2384 1603 2418 est
1619 2410 1628 2428 ‚

242 2469 329 2512 quo
354 2455 583 2513 pecoribus
599 2454 730 2497 homo
744 2450 1033 2510 praeponitur,
1062 2448 1148 2493 sive
1166 2462 1302 2501 mens,
1321 2447 1408 2491 sive
1430 2446 1601 2505 spiritus
1618 2479 1629 2499 9

244 2523 330 2569 sive
363 2535 602 2586 utrumque
628 2524 785 2569 rectius
818 2521 1083 2582 appellatur·7
1109 2535 1209 2564 nam
1231 2528 1469 2578 utrumque
1497 2517 1542 2560 in
1565 2515 1633 2560 di-
