1729 3143
234 195 320 234 500
669 205 702 232 s.
737 200 969 230 Aucus-nm
1001 203 1182 233 muscum

230 287 251 311 »
276 268 511 313 Dominum
544 269 682 310 Deum
712 275 839 311 tuum
857 267 887 309 ¹.
917 284 936 307 »
962 266 1041 312 Dic
1062 268 1169 312 mihi
1192 269 1322 314 etiam
1342 304 1353 326 ‚
1373 286 1520 331 quaeso
1543 280 1584 315 te
1600 305 1612 326 ,

228 339 304 399 qui
335 339 388 381 sit
420 334 632 394 diligendi
665 336 852 381 modus:
878 351 1029 382 vereor
1059 339 1175 383 enim
1209 354 1264 383 ne
1297 339 1395 400 plus
1416 341 1616 386 minusve

226 421 359 467 quam
381 414 580 465 oportet,
605 406 849 452 inflammet
870 406 1083 453 desiderio
1100 419 1143 454 et
1160 425 1307 455 amore
1324 411 1498 457 Domini
1513 412 1614 456 mei.

229 497 251 520 «
275 480 339 522 Ex
360 485 453 522 toto
471 512 482 533 ‚
513 478 658 539 inquit
673 513 685 534 ‚
721 479 851 524 corde
873 488 965 525 tuo.
995 498 1015 522 »
1041 483 1139 527 Non
1160 490 1223 527 est
1243 483 1359 527 satis.
1391 502 1412 525 «
1435 485 1500 528 Ex
1523 492 1618 528 tota

229 566 249 590 »
275 548 420 594 anima
450 558 542 594 tua.
572 568 593 592 »
630 552 695 596 Ne
715 550 762 595 id
782 551 961 612 quidem
983 553 1084 597 satis
1107 562 1185 598 est.
1222 572 1243 595 «
1268 556 1332 598 Ex
1354 562 1446 599 tota
1472 562 1619 598 mente

230 639 249 661 »
276 629 367 665 tua.
390 638 411 662 »
449 619 567 674 Quid
587 621 649 666 vis
671 620 892 682 amplius?
920 623 1089 668 Vellem
1121 623 1332 680 fortasse,
1358 625 1394 669 si
1427 624 1620 670 viderem

225 691 334 751 quid
373 700 516 751 posset
552 707 642 737 esse
679 692 879 753 amplius.
917 694 1036 747 Quid
1069 694 1125 739 ad
1146 696 1241 741 haec
1263 695 1455 740 Paulus?
1481 715 1502 739 «
1530 695 1622 741 Sci-

229 778 249 802 »
275 775 374 805 mus
393 795 405 817 ‚
430 761 603 821 inquit,
634 763 843 822 quoniam
869 762 1151 824 diligentibus
1175 769 1315 811 Deum
1343 766 1488 811 omnia
1518 781 1620 825 pro-

228 851 249 875 »
276 832 441 877 cedunt
461 832 507 878 in
538 833 723 878 bonum.
749 850 770 874 »
804 835 928 877 Dicat
960 836 1090 878 etiam
1122 837 1214 893 ipse
1251 836 1495 883 dilectionis
1523 852 1622 882 mo-

227 903 350 948 dum.
380 922 402 947 «
426 904 535 956 Quis
571 919 675 963 ergo
698 937 710 958 ‚
764 902 910 963 inquit
930 938 940 959 ‚
983 919 1062 949 nos
1094 906 1312 964 separabit
1349 922 1374 950 a
1413 909 1622 952 charitate

229 993 250 1017 >›
276 973 468 1020 Christi?
507 971 785 1018 Tribulatio?
821 988 877 1017 an
915 974 1146 1032 angustia?
1177 990 1231 1019 an
1267 977 1543 1035 persecutio?
1565 993 1622 1022 an

229 1066 249 1088 »
276 1045 444 1090 fames?
466 1060 521 1088 an
542 1043 748 1089 nuditas?
770 1060 825 1089 an
846 1045 1127 1104 periculum?
1149 1062 1205 1090 an
1228 1046 1397 1106 gladius
1413 1049 1458 1091 ²?
1480 1065 1500 1089 »
1525 1050 1620 1092 Au-

226 1117 414 1161 divimus
447 1115 556 1177 quid
590 1115 796 1175 diligere,
826 1125 870 1161 et
891 1127 1107 1178 quantum
1139 1118 1320 1178 diligere
1348 1119 1585 1164 debeamus
1609 1139 1618 1165 ε

227 1204 279 1233 eo
301 1197 365 1233 est
393 1188 572 1232 omnino
601 1187 875 1232 tendendum
899 1207 908 1233 :
936 1189 991 1233 ad
1019 1189 1065 1233 id
1099 1190 1245 1234 omnia
1276 1190 1454 1235 consilia
1477 1200 1623 1236 nostra

227 1258 471 1304 referenda.
498 1261 722 1303 Bonorum
740 1274 908 1304 summa
925 1295 936 1315 ,
959 1263 1074 1305 Deus
1091 1261 1218 1305 nobis
1235 1271 1315 1305 est.
1337 1265 1451 1305 Deus
1469 1271 1532 1306 est
1549 1277 1624 1307 no-

227 1330 293 1375 bis
310 1344 532 1374 summum
549 1329 732 1374 bonum.
754 1332 907 1390 Neque
929 1328 1042 1374 infra
1060 1330 1377 1375 remanendum
1394 1332 1519 1376 nobis
1538 1341 1617 1388 est,

226 1416 370 1462 neque
405 1400 520 1445 ultra
553 1400 844 1460 quaerendum
872 1419 882 1446 ι
918 1399 1106 1446 alterum
1140 1401 1257 1446 enim
1292 1401 1587 1462 periculosum
1606 1438 1618 1459 ‚

228 1472 416 1518 alterum
432 1471 607 1516 nullum
624 1482 702 1517 est.

286 1547 406 1590 XIV.
433 1548 524 1604 Age
546 1560 665 1589 nunc
694 1544 1005 1604 investigemus
1019 1580 1030 1602 ‚
1055 1544 1127 1590 vel
1149 1545 1293 1605 potius
1315 1546 1588 1591 attendamus
1605 1581 1618 1603 ,

228 1626 386 1677 praesto
404 1617 521 1661 enim
542 1626 606 1662 est
622 1626 665 1661 et
685 1615 892 1661 facillime
914 1616 1086 1662 videtur
1102 1652 1114 1673 ,
1141 1626 1290 1662 utrum
1308 1617 1375 1662 his
1396 1617 1622 1663 sententiis

230 1706 281 1734 ex
312 1689 549 1749 Evangelio
570 1699 700 1750 atque
732 1688 943 1748 Apostolo
971 1689 1175 1749 prolatis,
1208 1690 1337 1733 etiam
1361 1688 1624 1734 Testamenti

230 1762 398 1805 Veteris
416 1760 650 1805 auctoritas
673 1768 902 1817 congruat.
923 1759 1037 1811 Quid
1054 1758 1196 1803 dicam
1214 1759 1269 1802 de
1286 1759 1506 1818 superiore
1528 1774 1622 1803 sen-

232 1831 367 1876 tentia
388 1865 398 1886 ‚
433 1846 534 1876 cum
554 1828 835 1874 manifestum
857 1829 911 1873 sit
933 1829 1135 1873 omnibus
1150 1863 1161 1883 ‚
1185 1844 1279 1872 eam
1301 1828 1355 1873 de
1375 1829 1469 1887 lege
1486 1865 1496 1884 ,
1523 1846 1622 1889 quae

231 1919 310 1964 per
330 1905 514 1961 Moysen
536 1902 638 1947 data
660 1910 724 1945 est
742 1936 752 1956 ,
787 1915 876 1944 esse
898 1900 1202 1960 depromptam
1220 1920 1231 1956 3
1255 1900 1316 1943 ibi
1348 1901 1464 1943 enirn
1486 1902 1622 1960 scrip-

232 1984 329 2019 tum
346 1984 409 2019 est
435 1993 445 2019 ι
475 1992 495 2016 «
521 1973 681 2032 Diliges
704 1972 939 2016 Dominum
962 1974 1101 2015 Deum
1127 1980 1280 2027 tuum,
1307 1986 1357 2014 ex
1379 1980 1471 2016 toto
1493 1971 1623 2016 corde

235 2066 256 2090 »
284 2056 362 2092 tuo
383 2082 394 2102 ,
427 2055 470 2090 et
503 2061 553 2090 ex
580 2053 670 2089 tota
703 2044 847 2088 anima
873 2052 947 2088 tua
964 2079 975 2098 ,
1001 2052 1044 2087 et
1077 2059 1129 2087 ex
1164 2052 1254 2087 tota
1284 2052 1429 2087 mente
1453 2045 1573 2088 tuass.
1598 2061 1618 2084 »

236 2117 349 2172 Quid
372 2127 517 2162 autem
539 2115 602 2160 illi
625 2114 746 2176 quod
768 2115 822 2159 ab
847 2114 1056 2173 Apostolo
1074 2113 1241 2158 dictum
1259 2122 1323 2158 est
1338 2149 1348 2169 ‚
1374 2129 1624 2173 comparare

236 2188 290 2234 de
313 2189 459 2234 Veteri
493 2191 769 2232 Testamento
797 2187 957 2246 possim
974 2221 984 2241 ,
1010 2201 1064 2229 ne
1087 2184 1250 2229 diutius
1273 2200 1513 2245 quaererem
1535 2185 1626 2245 ipse

238 2260 436 2321 subjecit.
464 2262 578 2305 Cum
600 2258 716 2302 enim
740 2256 913 2301 dixisset
935 2255 1055 2300 nulla
1077 2255 1356 2300 tribulatione
1371 2291 1382 2310 ‚
1405 2255 1526 2300 nulla
1548 2271 1625 2300 an-

240 2332 379 2391 gustia
398 2367 409 2387 ,
435 2330 556 2375 nulla
577 2328 877 2389 persecutione
895 2363 905 2383 ‚
930 2327 1052 2371 nulla
1072 2326 1324 2371 necessitate
1345 2327 1504 2386 inopiae
1526 2341 1624 2371 cor-

240 2402 398 2460 poralis
415 2436 426 2457 ,
466 2399 588 2444 nullo
618 2398 813 2460 periculo
836 2433 846 2453 ,
892 2397 1016 2442 nullo
1055 2397 1198 2457 gladio
1236 2412 1314 2441 nos
1352 2413 1376 2441 a
1416 2397 1624 2441 charitate

243 2473 402 2516 Christi
423 2471 651 2532 separari4,
679 2471 823 2515 statim
845 2469 1095 2530 subjunxit:
1119 2488 1139 2511 «
1166 2469 1285 2514 Sicut
1305 2469 1512 2527 scriptum
1529 2476 1592 2511 est
1613 2486 1622 2512 :

293 2561 301 2579 ¹
322 2555 439 2588 Matth.
459 2566 538 2596 xm,
555 2555 671 2596 37.-²
685 2557 776 2587 Rom.
796 2564 864 2594 vui,
885 2551 1071 2586 28-35.-³
1086 2556 1179 2586 Deut.
1200 2564 1244 2594 vi,
1265 2551 1361 2585 5.-4
1379 2554 1468 2584 Rom.
1485 2561 1550 2591 vui,
1570 2551 1622 2584 38.
