<?xml version="1.0" encoding="UTF-8"?>
<!DOCTYPE html PUBLIC "-//W3C//DTD XHTML 1.0 Transitional//EN"
    "http://www.w3.org/TR/xhtml1/DTD/xhtml1-transitional.dtd">
<html xmlns="http://www.w3.org/1999/xhtml" xml:lang="en" lang="en">
 <head>
  <title>
</title>
<meta http-equiv="Content-Type" content="text/html;charset=utf-8" />
  <meta name='ocr-system' content='tesseract 3.04.00' />
  <meta name='ocr-capabilities' content='ocr_page ocr_carea ocr_par ocr_line ocrx_word'/>
</head>
<body>
  <div class='ocr_page' id='page_1' title='image "./operaomniaaccura27auguuoft/operaomniaaccura27auguuoft_0053.png"; bbox 0 0 1729 3143; ppageno 0'>
   <div class='ocr_carea' id='block_1_1' title="bbox 61 231 1460 2537">
    <p class='ocr_par' dir='ltr' id='par_1_1' title="bbox 63 231 1460 1952">
     <span class='ocr_line' id='line_1_1' title="bbox 494 231 1458 282; baseline 0.004 -10"><span class='ocrx_word' id='word_1_1' title='bbox 494 244 548 272; x_wconf 69' lang='grc' dir='ltr'>ΒΕ</span> <span class='ocrx_word' id='word_1_2' title='bbox 579 243 791 282; x_wconf 65' lang='lat' dir='ltr'>airinom,</span> <span class='ocrx_word' id='word_1_3' title='bbox 823 244 962 272; x_wconf 68' lang='lat' dir='ltr'>annuo</span> <span class='ocrx_word' id='word_1_4' title='bbox 994 242 1042 272; x_wconf 73' lang='grc' dir='ltr'>ιι,</span> <span class='ocrx_word' id='word_1_5' title='bbox 1402 231 1458 276; x_wconf 71' lang='lat'>43</span> 
     </span>
     <span class='ocr_line' id='line_1_2' title="bbox 80 295 1456 357; baseline -0.001 -12"><span class='ocrx_word' id='word_1_6' title='bbox 80 315 184 345; x_wconf 89' lang='lat' dir='ltr'>sana</span> <span class='ocrx_word' id='word_1_7' title='bbox 206 297 320 343; x_wconf 86' lang='lat' dir='ltr'>furia</span> <span class='ocrx_word' id='word_1_8' title='bbox 341 296 617 351; x_wconf 80' lang='lat' dir='ltr'><strong>anhelantes,</strong></span> <span class='ocrx_word' id='word_1_9' title='bbox 654 295 893 355; x_wconf 88' lang='lat' dir='ltr'>quemlihet</span> <span class='ocrx_word' id='word_1_10' title='bbox 912 297 1095 342; x_wconf 82' lang='lat' dir='ltr'>celerem</span> <span class='ocrx_word' id='word_1_11' title='bbox 1111 297 1427 357; x_wconf 66' lang='lat' dir='ltr'><strong>praecedentem</strong></span> <span class='ocrx_word' id='word_1_12' title='bbox 1443 335 1456 357; x_wconf 97' lang='lat'>,</span> 
     </span>
     <span class='ocr_line' id='line_1_3' title="bbox 80 364 1457 426; baseline 0.001 -13"><span class='ocrx_word' id='word_1_13' title='bbox 80 368 313 413; x_wconf 86' lang='lat' dir='ltr'>adversarii</span> <span class='ocrx_word' id='word_1_14' title='bbox 327 367 393 411; x_wconf 90' lang='lat' dir='ltr'>sui</span> <span class='ocrx_word' id='word_1_15' title='bbox 411 381 574 426; x_wconf 91' lang='lat' dir='ltr'>equum</span> <span class='ocrx_word' id='word_1_16' title='bbox 591 364 877 422; x_wconf 80' lang='lat' dir='ltr'>frangentem.</span> <span class='ocrx_word' id='word_1_17' title='bbox 897 369 981 411; x_wconf 85' lang='lat' dir='ltr'>Ista</span> <span class='ocrx_word' id='word_1_18' title='bbox 993 375 1057 411; x_wconf 87' lang='lat' dir='ltr'>est</span> <span class='ocrx_word' id='word_1_19' title='bbox 1066 368 1205 412; x_wconf 87' lang='lat' dir='ltr'>omnis</span> <span class='ocrx_word' id='word_1_20' title='bbox 1213 366 1457 426; x_wconf 82' lang='lat' dir='ltr'>delectatio,</span> 
     </span>
     <span class='ocr_line' id='line_1_4' title="bbox 81 434 1460 497; baseline 0 -13"><span class='ocrx_word' id='word_1_21' title='bbox 81 439 286 493; x_wconf 83' lang='lat' dir='ltr'>clamare,</span> <span class='ocrx_word' id='word_1_22' title='bbox 313 437 417 497; x_wconf 82' lang='lat' dir='ltr'>quia</span> <span class='ocrx_word' id='word_1_23' title='bbox 439 436 538 479; x_wconf 88' lang='lat' dir='ltr'>vicit</span> <span class='ocrx_word' id='word_1_24' title='bbox 560 449 689 494; x_wconf 87' lang='lat' dir='ltr'>quem</span> <span class='ocrx_word' id='word_1_25' title='bbox 714 434 914 478; x_wconf 85' lang='lat' dir='ltr'>diabolus</span> <span class='ocrx_word' id='word_1_26' title='bbox 943 437 1071 481; x_wconf 88' lang='lat' dir='ltr'>vicit:</span> <span class='ocrx_word' id='word_1_27' title='bbox 1107 436 1296 482; x_wconf 84' lang='lat' dir='ltr'>exultare</span> <span class='ocrx_word' id='word_1_28' title='bbox 1330 448 1374 483; x_wconf 89' lang='lat' dir='ltr'>et</span> <span class='ocrx_word' id='word_1_29' title='bbox 1393 440 1460 484; x_wconf 87' lang='lat' dir='ltr'>in-</span> 
     </span>
     <span class='ocr_line' id='line_1_5' title="bbox 77 505 1460 570; baseline 0 -16"><span class='ocrx_word' id='word_1_30' title='bbox 77 510 254 563; x_wconf 86' lang='lat' dir='ltr'>sultare,</span> <span class='ocrx_word' id='word_1_31' title='bbox 279 506 399 567; x_wconf 91' lang='lat' dir='ltr'>quod</span> <span class='ocrx_word' id='word_1_32' title='bbox 416 507 593 550; x_wconf 83' lang='lat' dir='ltr'>adversa</span> <span class='ocrx_word' id='word_1_33' title='bbox 615 520 710 564; x_wconf 85' lang='lat' dir='ltr'>pars</span> <span class='ocrx_word' id='word_1_34' title='bbox 731 505 969 564; x_wconf 87' lang='lat' dir='ltr'>perdiderit</span> <span class='ocrx_word' id='word_1_35' title='bbox 985 522 1146 566; x_wconf 89' lang='lat' dir='ltr'>equum</span> <span class='ocrx_word' id='word_1_36' title='bbox 1162 542 1174 563; x_wconf 91' lang='lat'>,</span> <span class='ocrx_word' id='word_1_37' title='bbox 1208 523 1306 552; x_wconf 84' lang='lat' dir='ltr'>cum</span> <span class='ocrx_word' id='word_1_38' title='bbox 1327 509 1361 553; x_wconf 89' lang='lat' dir='ltr'>is</span> <span class='ocrx_word' id='word_1_39' title='bbox 1383 513 1460 570; x_wconf 91' lang='lat' dir='ltr'>qui</span> 
     </span>
     <span class='ocr_line' id='line_1_6' title="bbox 76 575 1460 638; baseline 0.001 -14"><span class='ocrx_word' id='word_1_40' title='bbox 76 580 153 624; x_wconf 87' lang='lat' dir='ltr'>tali</span> <span class='ocrx_word' id='word_1_41' title='bbox 168 577 415 638; x_wconf 88' lang='lat' dir='ltr'>spectaculo</span> <span class='ocrx_word' id='word_1_42' title='bbox 427 575 684 631; x_wconf 81' lang='lat' dir='ltr'>delectatur,</span> <span class='ocrx_word' id='word_1_43' title='bbox 699 591 859 620; x_wconf 90' lang='lat' dir='ltr'>vanum</span> <span class='ocrx_word' id='word_1_44' title='bbox 873 576 1110 635; x_wconf 88' lang='lat' dir='ltr'>perdiderit</span> <span class='ocrx_word' id='word_1_45' title='bbox 1122 580 1331 624; x_wconf 89' lang='lat' dir='ltr'>animum.</span> <span class='ocrx_word' id='word_1_46' title='bbox 1353 581 1460 626; x_wconf 84' lang='lat' dir='ltr'>Vide</span> 
     </span>
     <span class='ocr_line' id='line_1_7' title="bbox 75 647 1454 708; baseline 0.001 -14"><span class='ocrx_word' id='word_1_47' title='bbox 75 659 225 694; x_wconf 85' lang='lat' dir='ltr'>contra</span> <span class='ocrx_word' id='word_1_48' title='bbox 244 656 391 692; x_wconf 85' lang='lat' dir='ltr'>nostra</span> <span class='ocrx_word' id='word_1_49' title='bbox 409 656 573 701; x_wconf 88' lang='lat' dir='ltr'>saneta,</span> <span class='ocrx_word' id='word_1_50' title='bbox 585 662 704 698; x_wconf 87' lang='lat' dir='ltr'>sana,</span> <span class='ocrx_word' id='word_1_51' title='bbox 720 647 967 691; x_wconf 83' lang='lat' dir='ltr'>suavissima</span> <span class='ocrx_word' id='word_1_52' title='bbox 987 649 1247 705; x_wconf 86' lang='lat' dir='ltr'>spectacula.</span> <span class='ocrx_word' id='word_1_53' title='bbox 1262 653 1454 708; x_wconf 82' lang='lat' dir='ltr'>Intuere,</span> 
     </span>
     <span class='ocr_line' id='line_1_8' title="bbox 73 717 1458 776; baseline 0.003 -13"><span class='ocrx_word' id='word_1_54' title='bbox 73 721 120 764; x_wconf 90' lang='lat' dir='ltr'>in</span> <span class='ocrx_word' id='word_1_55' title='bbox 149 719 264 762; x_wconf 87' lang='lat' dir='ltr'>libro</span> <span class='ocrx_word' id='word_1_56' title='bbox 285 722 443 763; x_wconf 81' lang='lat' dir='ltr'>Actum</span> <span class='ocrx_word' id='word_1_57' title='bbox 484 717 816 776; x_wconf 80' lang='lat' dir='ltr'>Apostolorum,</span> <span class='ocrx_word' id='word_1_58' title='bbox 848 717 1055 762; x_wconf 88' lang='lat' dir='ltr'>claudum</span> <span class='ocrx_word' id='word_1_59' title='bbox 1093 734 1144 762; x_wconf 77' lang='lat' dir='ltr'>ex</span> <span class='ocrx_word' id='word_1_60' title='bbox 1165 728 1288 763; x_wconf 92' lang='lat' dir='ltr'>utero</span> <span class='ocrx_word' id='word_1_61' title='bbox 1310 723 1458 767; x_wconf 84' lang='lat' dir='ltr'>matris</span> 
     </span>
     <span class='ocr_line' id='line_1_9' title="bbox 71 787 1456 852; baseline 0.001 -18"><span class='ocrx_word' id='word_1_62' title='bbox 71 804 298 849; x_wconf 88' lang='lat' dir='ltr'>nunquam</span> <span class='ocrx_word' id='word_1_63' title='bbox 331 787 631 832; x_wconf 83' lang='lat' dir='ltr'>ambulantem</span> <span class='ocrx_word' id='word_1_64' title='bbox 646 790 660 813; x_wconf 80' lang='lat'>1</span> <span class='ocrx_word' id='word_1_65' title='bbox 675 822 686 843; x_wconf 92' lang='lat'>,</span> <span class='ocrx_word' id='word_1_66' title='bbox 724 803 855 848; x_wconf 89' lang='lat' dir='ltr'>quem</span> <span class='ocrx_word' id='word_1_67' title='bbox 885 792 1037 832; x_wconf 90' lang='lat' dir='ltr'>Petrus</span> <span class='ocrx_word' id='word_1_68' title='bbox 1058 789 1161 834; x_wconf 88' lang='lat' dir='ltr'>fecit</span> <span class='ocrx_word' id='word_1_69' title='bbox 1184 801 1456 852; x_wconf 63' lang='lat' dir='ltr'>currentem,</span> 
     </span>
     <span class='ocr_line' id='line_1_10' title="bbox 70 859 1460 917; baseline 0.003 -13"><span class='ocrx_word' id='word_1_70' title='bbox 70 859 170 904; x_wconf 85' lang='lat' dir='ltr'>vide</span> <span class='ocrx_word' id='word_1_71' title='bbox 192 859 337 903; x_wconf 89' lang='lat' dir='ltr'>subito</span> <span class='ocrx_word' id='word_1_72' title='bbox 363 873 538 912; x_wconf 88' lang='lat' dir='ltr'>sanum,</span> <span class='ocrx_word' id='word_1_73' title='bbox 559 873 691 917; x_wconf 85' lang='lat' dir='ltr'>quem</span> <span class='ocrx_word' id='word_1_74' title='bbox 720 868 847 902; x_wconf 82' lang='lat' dir='ltr'>antea</span> <span class='ocrx_word' id='word_1_75' title='bbox 879 859 1116 903; x_wconf 86' lang='lat' dir='ltr'>intuebaris</span> <span class='ocrx_word' id='word_1_76' title='bbox 1137 861 1358 906; x_wconf 81' lang='lat' dir='ltr'>infirmum</span> <span class='ocrx_word' id='word_1_77' title='bbox 1382 882 1391 907; x_wconf 90' lang='lat'>:</span> <span class='ocrx_word' id='word_1_78' title='bbox 1417 873 1460 908; x_wconf 79' lang='lat' dir='ltr'>et</span> 
     </span>
     <span class='ocr_line' id='line_1_11' title="bbox 68 927 1459 990; baseline 0.003 -17"><span class='ocrx_word' id='word_1_79' title='bbox 68 929 104 974; x_wconf 89' lang='lat' dir='ltr'>si</span> <span class='ocrx_word' id='word_1_80' title='bbox 125 939 189 972; x_wconf 89' lang='lat' dir='ltr'>est</span> <span class='ocrx_word' id='word_1_81' title='bbox 204 929 249 971; x_wconf 89' lang='lat' dir='ltr'>in</span> <span class='ocrx_word' id='word_1_82' title='bbox 269 938 310 972; x_wconf 87' lang='lat' dir='ltr'>te</span> <span class='ocrx_word' id='word_1_83' title='bbox 326 929 484 971; x_wconf 83' lang='lat' dir='ltr'>sanitas</span> <span class='ocrx_word' id='word_1_84' title='bbox 501 929 672 983; x_wconf 88' lang='lat' dir='ltr'>mentis,</span> <span class='ocrx_word' id='word_1_85' title='bbox 703 929 737 972; x_wconf 92' lang='lat' dir='ltr'>si</span> <span class='ocrx_word' id='word_1_86' title='bbox 759 930 802 972; x_wconf 92' lang='lat' dir='ltr'>in</span> <span class='ocrx_word' id='word_1_87' title='bbox 820 938 862 972; x_wconf 91' lang='lat' dir='ltr'>te</span> <span class='ocrx_word' id='word_1_88' title='bbox 875 927 1017 988; x_wconf 84' lang='lat' dir='ltr'>fulget</span> <span class='ocrx_word' id='word_1_89' title='bbox 1038 930 1147 974; x_wconf 90' lang='lat' dir='ltr'>ratio</span> <span class='ocrx_word' id='word_1_90' title='bbox 1169 933 1384 990; x_wconf 83' lang='lat' dir='ltr'>aequitatis</span> <span class='ocrx_word' id='word_1_91' title='bbox 1410 949 1459 977; x_wconf 88' lang='lat' dir='ltr'>ac</span> 
     </span>
     <span class='ocr_line' id='line_1_12' title="bbox 69 997 1459 1058; baseline 0.004 -16"><span class='ocrx_word' id='word_1_92' title='bbox 69 998 301 1042; x_wconf 80' lang='lat' dir='ltr'>delectatio</span> <span class='ocrx_word' id='word_1_93' title='bbox 322 997 492 1052; x_wconf 85' lang='lat' dir='ltr'>salutis,</span> <span class='ocrx_word' id='word_1_94' title='bbox 518 998 618 1042; x_wconf 88' lang='lat' dir='ltr'>vide</span> <span class='ocrx_word' id='word_1_95' title='bbox 650 998 757 1057; x_wconf 87' lang='lat' dir='ltr'>quid</span> <span class='ocrx_word' id='word_1_96' title='bbox 785 999 944 1042; x_wconf 86' lang='lat' dir='ltr'>debeas</span> <span class='ocrx_word' id='word_1_97' title='bbox 973 1009 1201 1058; x_wconf 86' lang='lat' dir='ltr'>expectare</span> <span class='ocrx_word' id='word_1_98' title='bbox 1218 1035 1230 1056; x_wconf 90' lang='lat'>,</span> <span class='ocrx_word' id='word_1_99' title='bbox 1261 1002 1360 1046; x_wconf 86' lang='lat' dir='ltr'>vide</span> <span class='ocrx_word' id='word_1_100' title='bbox 1382 1004 1459 1047; x_wconf 90' lang='lat' dir='ltr'>ubi</span> 
     </span>
     <span class='ocr_line' id='line_1_13' title="bbox 69 1067 1459 1129; baseline 0.004 -17"><span class='ocrx_word' id='word_1_101' title='bbox 69 1069 227 1112; x_wconf 87' lang='lat' dir='ltr'>debeas</span> <span class='ocrx_word' id='word_1_102' title='bbox 245 1067 510 1126; x_wconf 81' lang='lat' dir='ltr'>exclamare3</span> <span class='ocrx_word' id='word_1_103' title='bbox 534 1068 622 1112; x_wconf 90' lang='lat' dir='ltr'>illic</span> <span class='ocrx_word' id='word_1_104' title='bbox 651 1069 728 1111; x_wconf 89' lang='lat' dir='ltr'>ubi</span> <span class='ocrx_word' id='word_1_105' title='bbox 760 1069 861 1128; x_wconf 88' lang='lat' dir='ltr'>equi</span> <span class='ocrx_word' id='word_1_106' title='bbox 884 1070 977 1113; x_wconf 89' lang='lat' dir='ltr'>sani</span> <span class='ocrx_word' id='word_1_107' title='bbox 1008 1069 1288 1129; x_wconf 82' lang='lat' dir='ltr'>franguntur,</span> <span class='ocrx_word' id='word_1_108' title='bbox 1311 1088 1367 1116; x_wconf 90' lang='lat' dir='ltr'>an</span> <span class='ocrx_word' id='word_1_109' title='bbox 1387 1074 1459 1118; x_wconf 91' lang='lat' dir='ltr'>hic</span> 
     </span>
     <span class='ocr_line' id='line_1_14' title="bbox 67 1137 1458 1201; baseline 0.004 -19"><span class='ocrx_word' id='word_1_110' title='bbox 67 1139 145 1182; x_wconf 89' lang='lat' dir='ltr'>ubi</span> <span class='ocrx_word' id='word_1_111' title='bbox 167 1138 365 1181; x_wconf 90' lang='lat' dir='ltr'>homines</span> <span class='ocrx_word' id='word_1_112' title='bbox 389 1137 514 1180; x_wconf 87' lang='lat' dir='ltr'>fracti</span> <span class='ocrx_word' id='word_1_113' title='bbox 536 1138 788 1181; x_wconf 85' lang='lat' dir='ltr'>salvuntur?</span> <span class='ocrx_word' id='word_1_114' title='bbox 813 1138 898 1182; x_wconf 91' lang='lat' dir='ltr'>Sed</span> <span class='ocrx_word' id='word_1_115' title='bbox 910 1140 945 1182; x_wconf 92' lang='lat' dir='ltr'>si</span> <span class='ocrx_word' id='word_1_116' title='bbox 961 1147 1004 1183; x_wconf 90' lang='lat' dir='ltr'>te</span> <span class='ocrx_word' id='word_1_117' title='bbox 1025 1155 1186 1199; x_wconf 85' lang='lat' dir='ltr'>pompa</span> <span class='ocrx_word' id='word_1_118' title='bbox 1208 1141 1298 1197; x_wconf 86' lang='lat' dir='ltr'>illa,</span> <span class='ocrx_word' id='word_1_119' title='bbox 1319 1143 1458 1201; x_wconf 86' lang='lat' dir='ltr'>figura</span> 
     </span>
     <span class='ocr_line' id='line_1_15' title="bbox 65 1206 1456 1268; baseline 0.004 -17"><span class='ocrx_word' id='word_1_120' title='bbox 65 1223 116 1252; x_wconf 82' lang='lat' dir='ltr'>ea</span> <span class='ocrx_word' id='word_1_121' title='bbox 133 1220 367 1267; x_wconf 88' lang='lat' dir='ltr'>equorum,</span> <span class='ocrx_word' id='word_1_122' title='bbox 393 1206 637 1265; x_wconf 87' lang='lat' dir='ltr'>composito</span> <span class='ocrx_word' id='word_1_123' title='bbox 666 1221 878 1250; x_wconf 88' lang='lat' dir='ltr'>curruum</span> <span class='ocrx_word' id='word_1_124' title='bbox 894 1241 905 1261; x_wconf 94' lang='lat'>,</span> <span class='ocrx_word' id='word_1_125' title='bbox 931 1219 1110 1251; x_wconf 84' lang='lat' dir='ltr'>ornatus</span> <span class='ocrx_word' id='word_1_126' title='bbox 1128 1219 1171 1252; x_wconf 87' lang='lat' dir='ltr'>et</span> <span class='ocrx_word' id='word_1_127' title='bbox 1193 1212 1357 1268; x_wconf 78' lang='lat' dir='ltr'>aurigae</span> <span class='ocrx_word' id='word_1_128' title='bbox 1382 1229 1456 1256; x_wconf 93' lang='lat' dir='ltr'>su-</span> 
     </span>
     <span class='ocr_line' id='line_1_16' title="bbox 66 1276 1458 1336; baseline 0.004 -16"><span class='ocrx_word' id='word_1_129' title='bbox 66 1276 312 1336; x_wconf 87' lang='lat' dir='ltr'>perstantis,</span> <span class='ocrx_word' id='word_1_130' title='bbox 333 1290 468 1334; x_wconf 90' lang='lat' dir='ltr'>equos</span> <span class='ocrx_word' id='word_1_131' title='bbox 491 1276 694 1333; x_wconf 82' lang='lat' dir='ltr'>regentiS‚</span> <span class='ocrx_word' id='word_1_132' title='bbox 711 1276 884 1319; x_wconf 88' lang='lat' dir='ltr'>vincere</span> <span class='ocrx_word' id='word_1_133' title='bbox 900 1278 1112 1335; x_wconf 90' lang='lat' dir='ltr'>cupientis</span> <span class='ocrx_word' id='word_1_134' title='bbox 1131 1297 1140 1322; x_wconf 73' lang='grc' dir='ltr'>ε</span> <span class='ocrx_word' id='word_1_135' title='bbox 1165 1278 1200 1321; x_wconf 91' lang='lat' dir='ltr'>si</span> <span class='ocrx_word' id='word_1_136' title='bbox 1212 1279 1306 1324; x_wconf 85' lang='lat' dir='ltr'>haec</span> <span class='ocrx_word' id='word_1_137' title='bbox 1323 1289 1382 1336; x_wconf 89' lang='lat' dir='ltr'>te,</span> <span class='ocrx_word' id='word_1_138' title='bbox 1408 1292 1458 1327; x_wconf 88' lang='lat' dir='ltr'>ut</span> 
     </span>
     <span class='ocr_line' id='line_1_17' title="bbox 64 1344 1457 1410; baseline 0.004 -19"><span class='ocrx_word' id='word_1_139' title='bbox 64 1347 167 1401; x_wconf 83' lang='lat' dir='ltr'>dixi,</span> <span class='ocrx_word' id='word_1_140' title='bbox 192 1360 352 1404; x_wconf 87' lang='lat' dir='ltr'>pompa</span> <span class='ocrx_word' id='word_1_141' title='bbox 375 1344 562 1388; x_wconf 89' lang='lat' dir='ltr'>delectat</span> <span class='ocrx_word' id='word_1_142' title='bbox 583 1363 591 1388; x_wconf 76' lang='grc' dir='ltr'>ε</span> <span class='ocrx_word' id='word_1_143' title='bbox 618 1359 697 1388; x_wconf 92' lang='lat' dir='ltr'>nec</span> <span class='ocrx_word' id='word_1_144' title='bbox 711 1346 822 1389; x_wconf 85' lang='lat' dir='ltr'>hanc</span> <span class='ocrx_word' id='word_1_145' title='bbox 838 1346 918 1388; x_wconf 89' lang='lat' dir='ltr'>tibi</span> <span class='ocrx_word' id='word_1_146' title='bbox 932 1345 1179 1405; x_wconf 85' lang='lat' dir='ltr'>denegavit,</span> <span class='ocrx_word' id='word_1_147' title='bbox 1195 1350 1272 1408; x_wconf 89' lang='lat' dir='ltr'>qui</span> <span class='ocrx_word' id='word_1_148' title='bbox 1286 1354 1457 1410; x_wconf 88' lang='lat' dir='ltr'>pompis</span> 
     </span>
     <span class='ocr_line' id='line_1_18' title="bbox 64 1415 1456 1477; baseline 0.004 -16"><span class='ocrx_word' id='word_1_149' title='bbox 64 1415 229 1461; x_wconf 90' lang='lat' dir='ltr'>diaboli</span> <span class='ocrx_word' id='word_1_150' title='bbox 262 1416 512 1459; x_wconf 86' lang='lat' dir='ltr'>renuntiare</span> <span class='ocrx_word' id='word_1_151' title='bbox 541 1415 762 1473; x_wconf 86' lang='lat' dir='ltr'>praecepit.</span> <span class='ocrx_word' id='word_1_152' title='bbox 790 1415 1012 1459; x_wconf 85' lang='lat' dir='ltr'>Habemus</span> <span class='ocrx_word' id='word_1_153' title='bbox 1034 1425 1077 1459; x_wconf 90' lang='lat' dir='ltr'>et</span> <span class='ocrx_word' id='word_1_154' title='bbox 1109 1432 1188 1461; x_wconf 86' lang='lat' dir='ltr'>nos</span> <span class='ocrx_word' id='word_1_155' title='bbox 1221 1420 1456 1477; x_wconf 89' lang='lat' dir='ltr'>spiritalem</span> 
     </span>
     <span class='ocr_line' id='line_1_19' title="bbox 64 1486 1458 1549; baseline 0.004 -18"><span class='ocrx_word' id='word_1_156' title='bbox 64 1496 263 1532; x_wconf 83' lang='lat' dir='ltr'>nostrum</span> <span class='ocrx_word' id='word_1_157' title='bbox 285 1486 479 1544; x_wconf 86' lang='lat' dir='ltr'>aurigam</span> <span class='ocrx_word' id='word_1_158' title='bbox 501 1494 700 1529; x_wconf 88' lang='lat' dir='ltr'>sanctum</span> <span class='ocrx_word' id='word_1_159' title='bbox 722 1486 984 1544; x_wconf 87' lang='lat' dir='ltr'>prophetam</span> <span class='ocrx_word' id='word_1_160' title='bbox 1005 1486 1162 1541; x_wconf 91' lang='lat' dir='ltr'>Eliam,</span> <span class='ocrx_word' id='word_1_161' title='bbox 1180 1490 1256 1547; x_wconf 91' lang='lat' dir='ltr'>qui</span> <span class='ocrx_word' id='word_1_162' title='bbox 1278 1491 1458 1549; x_wconf 89' lang='lat' dir='ltr'>quadri-</span> 
     </span>
     <span class='ocr_line' id='line_1_20' title="bbox 63 1556 1456 1617; baseline 0.006 -17"><span class='ocrx_word' id='word_1_163' title='bbox 63 1573 132 1617; x_wconf 77' lang='lat' dir='ltr'>gae</span> <span class='ocrx_word' id='word_1_164' title='bbox 161 1558 300 1615; x_wconf 85' lang='lat' dir='ltr'>igneae</span> <span class='ocrx_word' id='word_1_165' title='bbox 339 1556 748 1615; x_wconf 82' lang='lat' dir='ltr'>superimpositus2,</span> <span class='ocrx_word' id='word_1_166' title='bbox 784 1565 954 1600; x_wconf 90' lang='lat' dir='ltr'>tantum</span> <span class='ocrx_word' id='word_1_167' title='bbox 986 1558 1204 1614; x_wconf 84' lang='lat' dir='ltr'>cucurrit,</span> <span class='ocrx_word' id='word_1_168' title='bbox 1239 1569 1290 1604; x_wconf 89' lang='lat' dir='ltr'>ut</span> <span class='ocrx_word' id='word_1_169' title='bbox 1321 1571 1456 1608; x_wconf 89' lang='lat' dir='ltr'>metas</span> 
     </span>
     <span class='ocr_line' id='line_1_21' title="bbox 63 1626 1455 1688; baseline 0.005 -17"><span class='ocrx_word' id='word_1_170' title='bbox 63 1626 298 1688; x_wconf 89' lang='lat' dir='ltr'>prenderet</span> <span class='ocrx_word' id='word_1_171' title='bbox 318 1626 434 1671; x_wconf 88' lang='lat' dir='ltr'>coeli.</span> <span class='ocrx_word' id='word_1_172' title='bbox 457 1628 514 1669; x_wconf 89' lang='lat' dir='ltr'>Et</span> <span class='ocrx_word' id='word_1_173' title='bbox 535 1626 570 1669; x_wconf 92' lang='lat' dir='ltr'>si</span> <span class='ocrx_word' id='word_1_174' title='bbox 589 1626 854 1671; x_wconf 87' lang='lat' dir='ltr'>adversarios</span> <span class='ocrx_word' id='word_1_175' title='bbox 870 1661 881 1681; x_wconf 93' lang='lat'>,</span> <span class='ocrx_word' id='word_1_176' title='bbox 906 1643 1014 1686; x_wconf 91' lang='lat' dir='ltr'>quos</span> <span class='ocrx_word' id='word_1_177' title='bbox 1037 1638 1080 1673; x_wconf 89' lang='lat' dir='ltr'>et</span> <span class='ocrx_word' id='word_1_178' title='bbox 1100 1644 1202 1674; x_wconf 86' lang='lat' dir='ltr'>vera</span> <span class='ocrx_word' id='word_1_179' title='bbox 1231 1631 1368 1676; x_wconf 88' lang='lat' dir='ltr'>virtus</span> <span class='ocrx_word' id='word_1_180' title='bbox 1389 1635 1455 1678; x_wconf 89' lang='lat' dir='ltr'>vi-</span> 
     </span>
     <span class='ocr_line' id='line_1_22' title="bbox 65 1695 1455 1760; baseline 0.004 -17"><span class='ocrx_word' id='word_1_181' title='bbox 65 1699 140 1753; x_wconf 89' lang='lat' dir='ltr'>cit,</span> <span class='ocrx_word' id='word_1_182' title='bbox 164 1707 204 1742; x_wconf 84' lang='lat' dir='ltr'>et</span> <span class='ocrx_word' id='word_1_183' title='bbox 225 1712 334 1756; x_wconf 92' lang='lat' dir='ltr'>quos</span> <span class='ocrx_word' id='word_1_184' title='bbox 356 1695 429 1740; x_wconf 90' lang='lat' dir='ltr'>ille</span> <span class='ocrx_word' id='word_1_185' title='bbox 446 1696 637 1740; x_wconf 87' lang='lat' dir='ltr'>volando</span> <span class='ocrx_word' id='word_1_186' title='bbox 660 1697 843 1751; x_wconf 88' lang='lat' dir='ltr'>transiit,</span> <span class='ocrx_word' id='word_1_187' title='bbox 869 1706 1000 1757; x_wconf 90' lang='lat' dir='ltr'>atque</span> <span class='ocrx_word' id='word_1_188' title='bbox 1023 1714 1075 1743; x_wconf 81' lang='lat' dir='ltr'>ex</span> <span class='ocrx_word' id='word_1_189' title='bbox 1107 1716 1297 1760; x_wconf 87' lang='lat' dir='ltr'>quorum</span> <span class='ocrx_word' id='word_1_190' title='bbox 1317 1704 1455 1750; x_wconf 87' lang='lat' dir='ltr'>victo-</span> 
     </span>
     <span class='ocr_line' id='line_1_23' title="bbox 65 1765 1451 1828; baseline 0.006 -16"><span class='ocrx_word' id='word_1_191' title='bbox 65 1769 127 1812; x_wconf 87' lang='lat' dir='ltr'>ria</span> <span class='ocrx_word' id='word_1_192' title='bbox 144 1768 334 1827; x_wconf 87' lang='lat' dir='ltr'>palmam</span> <span class='ocrx_word' id='word_1_193' title='bbox 351 1778 551 1826; x_wconf 75' lang='lat' dir='ltr'>supernae</span> <span class='ocrx_word' id='word_1_194' title='bbox 568 1765 833 1812; x_wconf 83' lang='lat' dir='ltr'>celsitudinis</span> <span class='ocrx_word' id='word_1_195' title='bbox 851 1769 1032 1828; x_wconf 88' lang='lat' dir='ltr'>accepit,</span> <span class='ocrx_word' id='word_1_196' title='bbox 1046 1770 1195 1815; x_wconf 84' lang='lat' dir='ltr'>videre</span> <span class='ocrx_word' id='word_1_197' title='bbox 1206 1772 1424 1820; x_wconf 88' lang='lat' dir='ltr'>desideras</span> <span class='ocrx_word' id='word_1_198' title='bbox 1442 1796 1451 1821; x_wconf 92' lang='lat'>:</span> 
     </span>
     <span class='ocr_line' id='line_1_24' title="bbox 69 1837 1454 1904; baseline 0.008 -24"><span class='ocrx_word' id='word_1_199' title='bbox 69 1856 90 1881; x_wconf 94' lang='lat'>«</span> <span class='ocrx_word' id='word_1_200' title='bbox 111 1840 274 1883; x_wconf 89' lang='lat' dir='ltr'>Currus</span> <span class='ocrx_word' id='word_1_201' title='bbox 307 1837 542 1882; x_wconf 89' lang='lat' dir='ltr'>Pharaonis</span> <span class='ocrx_word' id='word_1_202' title='bbox 565 1846 609 1881; x_wconf 86' lang='lat' dir='ltr'>ct</span> <span class='ocrx_word' id='word_1_203' title='bbox 645 1852 820 1882; x_wconf 90' lang='lat' dir='ltr'>omnem</span> <span class='ocrx_word' id='word_1_204' title='bbox 849 1839 1055 1884; x_wconf 89' lang='lat' dir='ltr'>virtutem</span> <span class='ocrx_word' id='word_1_205' title='bbox 1077 1842 1168 1901; x_wconf 88' lang='lat' dir='ltr'>ejus</span> <span class='ocrx_word' id='word_1_206' title='bbox 1202 1845 1386 1904; x_wconf 87' lang='lat' dir='ltr'>projecit</span> <span class='ocrx_word' id='word_1_207' title='bbox 1409 1847 1454 1890; x_wconf 91' lang='lat' dir='ltr'>in</span> 
     </span>
     <span class='ocr_line' id='line_1_25' title="bbox 66 1910 320 1952; baseline -0.004 0"><span class='ocrx_word' id='word_1_208' title='bbox 66 1926 88 1949; x_wconf 74' lang='lat' dir='ltr'>n</span> <span class='ocrx_word' id='word_1_209' title='bbox 112 1910 272 1952; x_wconf 81' lang='lat' dir='ltr'>mare3.</span> <span class='ocrx_word' id='word_1_210' title='bbox 300 1925 320 1949; x_wconf 90' lang='lat'>»</span> 
     </span>
    </p>

    <p class='ocr_par' dir='ltr' id='par_1_2' title="bbox 0 1976 1454 2537">
     <span class='ocr_line' id='line_1_26' title="bbox 123 1976 1454 2046; baseline 0.008 -25"><span class='ocrx_word' id='word_1_211' title='bbox 123 1980 201 2021; x_wconf 88' lang='lat' dir='ltr'>IV.</span> <span class='ocrx_word' id='word_1_212' title='bbox 236 1977 359 2022; x_wconf 85' lang='lat' dir='ltr'>Alius</span> <span class='ocrx_word' id='word_1_213' title='bbox 377 1976 568 2022; x_wconf 86' lang='lat' dir='ltr'>fortassis</span> <span class='ocrx_word' id='word_1_214' title='bbox 585 1977 744 2022; x_wconf 86' lang='lat' dir='ltr'>theatri</span> <span class='ocrx_word' id='word_1_215' title='bbox 760 1988 926 2024; x_wconf 87' lang='lat' dir='ltr'>amator</span> <span class='ocrx_word' id='word_1_216' title='bbox 943 1979 1245 2028; x_wconf 90' lang='lat' dir='ltr'>admonendus</span> <span class='ocrx_word' id='word_1_217' title='bbox 1259 1985 1328 2040; x_wconf 92' lang='lat' dir='ltr'>sit,</span> <span class='ocrx_word' id='word_1_218' title='bbox 1346 1986 1454 2046; x_wconf 90' lang='lat' dir='ltr'>quid</span> 
     </span>
     <span class='ocr_line' id='line_1_27' title="bbox 63 2048 1453 2115; baseline 0.007 -23"><span class='ocrx_word' id='word_1_219' title='bbox 63 2048 229 2106; x_wconf 80' lang='lat' dir='ltr'>fugiat,</span> <span class='ocrx_word' id='word_1_220' title='bbox 254 2058 298 2093; x_wconf 90' lang='lat' dir='ltr'>et</span> <span class='ocrx_word' id='word_1_221' title='bbox 327 2064 417 2109; x_wconf 89' lang='lat' dir='ltr'>quo</span> <span class='ocrx_word' id='word_1_222' title='bbox 438 2049 711 2094; x_wconf 89' lang='lat' dir='ltr'>delectetur:</span> <span class='ocrx_word' id='word_1_223' title='bbox 747 2065 796 2094; x_wconf 87' lang='lat' dir='ltr'>ac</span> <span class='ocrx_word' id='word_1_224' title='bbox 827 2051 887 2095; x_wconf 90' lang='lat' dir='ltr'>sic</span> <span class='ocrx_word' id='word_1_225' title='bbox 923 2051 1194 2098; x_wconf 87' lang='lat' dir='ltr'>voluntatem</span> <span class='ocrx_word' id='word_1_226' title='bbox 1230 2059 1453 2115; x_wconf 83' lang='lat' dir='ltr'>spectandi</span> 
     </span>
     <span class='ocr_line' id='line_1_28' title="bbox 63 2118 1452 2181; baseline 0.006 -18.61"><span class='ocrx_word' id='word_1_227' title='bbox 63 2130 154 2163; x_wconf 88' lang='lat' dir='ltr'>non</span> <span class='ocrx_word' id='word_1_228' title='bbox 176 2118 345 2177; x_wconf 84' lang='lat' dir='ltr'>perdat,</span> <span class='ocrx_word' id='word_1_229' title='bbox 370 2119 446 2162; x_wconf 85' lang='lat' dir='ltr'>sed</span> <span class='ocrx_word' id='word_1_230' title='bbox 464 2128 618 2164; x_wconf 87' lang='lat' dir='ltr'>mutet.</span> <span class='ocrx_word' id='word_1_231' title='bbox 647 2123 698 2164; x_wconf 90' lang='lat' dir='ltr'>In</span> <span class='ocrx_word' id='word_1_232' title='bbox 720 2121 899 2166; x_wconf 89' lang='lat' dir='ltr'>theatris</span> <span class='ocrx_word' id='word_1_233' title='bbox 919 2121 1039 2167; x_wconf 88' lang='lat' dir='ltr'>labes</span> <span class='ocrx_word' id='word_1_234' title='bbox 1056 2138 1257 2181; x_wconf 83' lang='lat' dir='ltr'>morum,</span> <span class='ocrx_word' id='word_1_235' title='bbox 1289 2126 1452 2171; x_wconf 88' lang='lat' dir='ltr'>discere</span> 
     </span>
     <span class='ocr_line' id='line_1_29' title="bbox 63 2187 1450 2257; baseline 0.007 -24"><span class='ocrx_word' id='word_1_236' title='bbox 63 2189 222 2248; x_wconf 83' lang='lat' dir='ltr'>turpia,</span> <span class='ocrx_word' id='word_1_237' title='bbox 249 2187 398 2232; x_wconf 88' lang='lat' dir='ltr'>audire</span> <span class='ocrx_word' id='word_1_238' title='bbox 421 2188 665 2245; x_wconf 85' lang='lat' dir='ltr'>inhonesta,</span> <span class='ocrx_word' id='word_1_239' title='bbox 685 2191 833 2236; x_wconf 90' lang='lat' dir='ltr'>videre</span> <span class='ocrx_word' id='word_1_240' title='bbox 846 2194 1097 2252; x_wconf 86' lang='lat' dir='ltr'>perniciosa.</span> <span class='ocrx_word' id='word_1_241' title='bbox 1119 2195 1203 2241; x_wconf 91' lang='lat' dir='ltr'>Sed</span> <span class='ocrx_word' id='word_1_242' title='bbox 1216 2197 1450 2257; x_wconf 89' lang='lat' dir='ltr'>adjuvante</span> 
     </span>
     <span class='ocr_line' id='line_1_30' title="bbox 62 2259 1450 2326; baseline 0.007 -22"><span class='ocrx_word' id='word_1_243' title='bbox 62 2260 249 2304; x_wconf 88' lang='lat' dir='ltr'>Domino</span> <span class='ocrx_word' id='word_1_244' title='bbox 283 2274 333 2303; x_wconf 90' lang='lat' dir='ltr'>ea</span> <span class='ocrx_word' id='word_1_245' title='bbox 355 2275 405 2302; x_wconf 77' lang='lat' dir='ltr'>ex</span> <span class='ocrx_word' id='word_1_246' title='bbox 426 2259 631 2304; x_wconf 91' lang='lat' dir='ltr'>cordibus</span> <span class='ocrx_word' id='word_1_247' title='bbox 653 2263 804 2306; x_wconf 89' lang='lat' dir='ltr'>vestris</span> <span class='ocrx_word' id='word_1_248' title='bbox 834 2263 1015 2309; x_wconf 88' lang='lat' dir='ltr'>firmiter</span> <span class='ocrx_word' id='word_1_249' title='bbox 1047 2266 1321 2326; x_wconf 88' lang='lat' dir='ltr'>repellamus.</span> <span class='ocrx_word' id='word_1_250' title='bbox 1350 2269 1450 2314; x_wconf 90' lang='lat' dir='ltr'>Sin-</span> 
     </span>
     <span class='ocr_line' id='line_1_31' title="bbox 62 2330 1450 2399; baseline 0.008 -26"><span class='ocrx_word' id='word_1_251' title='bbox 62 2330 163 2388; x_wconf 87' lang='lat' dir='ltr'>gula</span> <span class='ocrx_word' id='word_1_252' title='bbox 180 2330 358 2388; x_wconf 85' lang='lat' dir='ltr'>singulis</span> <span class='ocrx_word' id='word_1_253' title='bbox 379 2345 695 2389; x_wconf 90' lang='lat' dir='ltr'>comparemus.</span> <span class='ocrx_word' id='word_1_254' title='bbox 713 2331 808 2376; x_wconf 89' lang='lat' dir='ltr'>Illic</span> <span class='ocrx_word' id='word_1_255' title='bbox 824 2332 1052 2379; x_wconf 87' lang='lat' dir='ltr'>intuentur</span> <span class='ocrx_word' id='word_1_256' title='bbox 1068 2347 1329 2396; x_wconf 87' lang='lat' dir='ltr'>spectatores</span> <span class='ocrx_word' id='word_1_257' title='bbox 1347 2351 1450 2399; x_wconf 87' lang='lat' dir='ltr'>pro-</span> 
     </span>
     <span class='ocr_line' id='line_1_32' title="bbox 61 2401 1449 2463; baseline 0.009 -20"><span class='ocrx_word' id='word_1_258' title='bbox 61 2401 253 2458; x_wconf 88' lang='lat' dir='ltr'>positum</span> <span class='ocrx_word' id='word_1_259' title='bbox 269 2401 553 2461; x_wconf 87' lang='lat' dir='ltr'>nescioquem</span> <span class='ocrx_word' id='word_1_260' title='bbox 565 2402 801 2448; x_wconf 87' lang='lat' dir='ltr'>confictum</span> <span class='ocrx_word' id='word_1_261' title='bbox 816 2404 948 2448; x_wconf 91' lang='lat' dir='ltr'>deum</span> <span class='ocrx_word' id='word_1_262' title='bbox 962 2407 987 2449; x_wconf 86' lang='lat' dir='ltr'><strong>J</strong></span> <span class='ocrx_word' id='word_1_263' title='bbox 991 2422 1132 2463; x_wconf 88' lang='lat' dir='ltr'>ovem,</span> <span class='ocrx_word' id='word_1_264' title='bbox 1148 2417 1190 2453; x_wconf 92' lang='lat' dir='ltr'>et</span> <span class='ocrx_word' id='word_1_265' title='bbox 1205 2408 1449 2456; x_wconf 87' lang='lat' dir='ltr'>adulteran-</span> 
     </span>
     <span class='ocr_line' id='line_1_33' title="bbox 61 2473 1443 2537; baseline 0.008 -23"><span class='ocrx_word' id='word_1_266' title='bbox 61 2479 172 2525; x_wconf 87' lang='lat' dir='ltr'>tem,</span> <span class='ocrx_word' id='word_1_267' title='bbox 196 2479 238 2514; x_wconf 88' lang='lat' dir='ltr'>et</span> <span class='ocrx_word' id='word_1_268' title='bbox 251 2480 475 2516; x_wconf 86' lang='lat' dir='ltr'>tonantem</span> <span class='ocrx_word' id='word_1_269' title='bbox 497 2492 505 2517; x_wconf 93' lang='lat'>:</span> <span class='ocrx_word' id='word_1_270' title='bbox 526 2473 596 2516; x_wconf 92' lang='lat' dir='ltr'>hic</span> <span class='ocrx_word' id='word_1_271' title='bbox 612 2473 861 2533; x_wconf 85' lang='lat' dir='ltr'>respicimus</span> <span class='ocrx_word' id='word_1_272' title='bbox 878 2490 1031 2521; x_wconf 87' lang='lat' dir='ltr'>verum</span> <span class='ocrx_word' id='word_1_273' title='bbox 1049 2481 1187 2524; x_wconf 90' lang='lat' dir='ltr'>Deum</span> <span class='ocrx_word' id='word_1_274' title='bbox 1204 2480 1443 2537; x_wconf 86' lang='lat' dir='ltr'>Christum,</span> 
     </span>
    </p>
   </div>
   <div class='ocr_carea' id='block_1_2' title="bbox 110 2554 1018 2603">
    <p class='ocr_par' dir='ltr' id='par_1_3' title="bbox 110 2554 1018 2603">
     <span class='ocr_line' id='line_1_34' title="bbox 110 2554 1018 2603; baseline 0.01 -19"><span class='ocrx_word' id='word_1_275' title='bbox 110 2561 122 2576; x_wconf 89' lang='lat'>1</span> <span class='ocrx_word' id='word_1_276' title='bbox 144 2554 221 2587; x_wconf 81' lang='lat' dir='ltr'>Act.</span> <span class='ocrx_word' id='word_1_277' title='bbox 244 2565 292 2596; x_wconf 88' lang='lat'>111,</span> <span class='ocrx_word' id='word_1_278' title='bbox 312 2555 396 2588; x_wconf 83' lang='lat'>8.—-</span> <span class='ocrx_word' id='word_1_279' title='bbox 410 2562 424 2577; x_wconf 81' lang='lat'>2</span> <span class='ocrx_word' id='word_1_280' title='bbox 438 2555 459 2597; x_wconf 71' lang='grc'>4</span> <span class='ocrx_word' id='word_1_281' title='bbox 475 2559 606 2598; x_wconf 81' lang='lat' dir='ltr'>Reg.11‚</span> <span class='ocrx_word' id='word_1_282' title='bbox 632 2568 684 2590; x_wconf 82' lang='lat'>11.</span> <span class='ocrx_word' id='word_1_283' title='bbox 701 2574 740 2581; x_wconf 93' lang='lat'>—</span> <span class='ocrx_word' id='word_1_284' title='bbox 760 2556 773 2581; x_wconf 86' lang='lat'>3</span> <span class='ocrx_word' id='word_1_285' title='bbox 791 2559 889 2592; x_wconf 75' lang='lat' dir='ltr'>Exod.</span> <span class='ocrx_word' id='word_1_286' title='bbox 915 2570 972 2603; x_wconf 82' lang='lat' dir='ltr'>xv,</span> <span class='ocrx_word' id='word_1_287' title='bbox 987 2559 1018 2603; x_wconf 67' lang='grc'>4.</span> 
     </span>
    </p>
   </div>
  </div>
 </body>
</html>
