1729 3143
167 201 250 239 590
594 208 626 237 S.
662 208 747 238 Aue
755 212 892 238 Us'rml
924 212 1105 239 EPISCOPI

163 291 319 336 magna
343 289 448 321 voce
473 283 515 318 et
544 289 702 335 magna
723 275 1022 336 indignatione
1043 275 1232 321 dixeritis
1252 311 1262 332 ,
1288 292 1368 336 ego
1392 293 1465 322 vos
1486 278 1550 322 le-

161 347 261 392 nius
297 344 574 404 interrogabo
605 345 660 391 ad
693 347 812 391 hunc
832 347 1016 392 modum
1044 366 1052 392 z
1077 349 1232 394 Nonne
1253 362 1328 392 vos
1350 348 1448 392 estis
1471 348 1550 408 qui

162 418 273 462 filios
295 417 472 476 gignere
491 452 503 474 ,
529 433 580 463 6ο
602 416 724 479 quod
745 418 900 463 animae
924 419 1113 479 ligentur
1135 419 1181 463 in
1201 434 1355 475 carne,
1379 419 1550 478 gravius

160 488 323 548 putatis
345 503 435 535 esse
458 499 687 550 peccatum
704 525 715 547 ‚
740 505 874 552 quam
895 492 1038 552 ipsum
1059 491 1373 537 concubitum?
1394 493 1549 537 Nonne

160 574 236 605 vos
253 560 352 606 estis
369 596 382 617 ‚
407 562 485 622 qui
506 577 584 608 nos
601 562 804 608 solebatis
822 578 999 609 monere
1011 599 1021 619 ‚
1047 572 1097 608 ut
1110 572 1327 623 quantum
1344 562 1437 606 fieri
1454 577 1551 622 pos-

159 639 254 687 set,
290 631 620 678 observaremus
653 642 826 693 tempus
847 669 859 690 ‚
894 650 984 695 quo
1015 635 1071 679 ad
1099 643 1364 694 conceptum
1394 632 1551 677 mulier

158 710 255 760 post
275 702 530 761 genitalium
552 704 765 749 viscerum
786 705 1093 764 purgationem
1110 714 1211 764 apta
1233 713 1343 748 esset
1362 739 1374 760 ,
1410 718 1550 763 eoque

160 781 355 833 tempore
383 789 408 819 a
436 775 674 820 concubitu
699 784 1062 834 temperaremus,
1088 791 1143 820 ne
1165 777 1285 821 carni
1304 775 1449 820 anima
1466 775 1551 819 im-

157 844 418 903 plicaretur?
440 847 505 890 Ex
527 861 616 906 quo
637 844 750 890 illud
767 845 990 906 sequitur,
1011 855 1061 890 ut
1078 861 1168 891 non
1188 847 1432 890 liberorum
1449 861 1553 905 pro-

156 914 448 962 creandorum
467 931 595 962 causa
609 951 620 972 ‚
656 915 731 960 sed
753 916 964 962 satiandae
991 916 1183 961 libidinis
1205 915 1367 960 habere
1392 917 1547 975 conju-

157 1001 256 1046 gem
276 988 501 1032 censeatis.
533 987 709 1047 Nuptiae
741 996 887 1032 autem
909 1022 919 1043 ,
952 996 1002 1032 ut
1024 988 1127 1048 ipsae
1149 986 1366 1047 nuptiales
1389 986 1550 1031 tabulae

156 1057 347 1103 clamant
361 1093 373 1114 ‚
402 1058 640 1103 liberorum
669 1057 1040 1118 procreandorum
1062 1074 1189 1103 causa
1212 1072 1375 1102 marem
1397 1056 1549 1102 foemi-

155 1144 347 1190 namque
359 1131 635 1191 conjungunt
651 1150 660 1177 z
676 1131 871 1192 quisquis
882 1146 985 1190 ergo
997 1145 1225 1191 procreare
1239 1129 1398 1175 liberos
1410 1144 1544 1190 quam

153 1201 445 1246 concumbere
463 1203 634 1262 gravius
654 1201 760 1247 dicit
781 1217 870 1247 esse
887 1210 1116 1262 peccatum
1135 1236 1146 1257 ,
1171 1201 1376 1261 prohibet
1393 1200 1546 1259 utique

153 1272 355 1332 nuptias3
387 1282 429 1318 et
451 1288 542 1318 non
564 1274 656 1333 jam
677 1288 882 1328 uxorem,
909 1272 985 1318 sed
1017 1272 1291 1317 meretricem
1319 1271 1549 1316 foeminam

155 1342 283 1400 lacit,
308 1359 409 1405 quae
439 1343 614 1390 donatis
641 1345 723 1390 sibi
744 1345 871 1390 certis
891 1345 1018 1390 rebus
1039 1380 1049 1400 ‚
1084 1345 1178 1390 viro
1205 1344 1260 1389 ad
1288 1342 1550 1403 explendam

153 1416 244 1475 ejus
271 1414 501 1461 libidinem
515 1417 731 1477 jungitur.
762 1417 805 1462 Si
827 1417 943 1460 enim
969 1431 1079 1461 uxor
1103 1425 1194 1471 est,
1220 1414 1549 1459 matrimonium

155 1494 234 1531 est.
259 1486 356 1532 Non
384 1495 532 1532 autem
558 1487 887 1532 matrimonium
915 1495 978 1531 est
1007 1486 1085 1530 ubi
1112 1486 1242 1531 datur
1264 1501 1395 1545 opera
1416 1500 1472 1529 ne
1496 1485 1551 1528 sit

156 1565 294 1602 mater
331 1576 340 1602 :
376 1573 466 1603 non
499 1557 634 1617 igitur
667 1573 789 1602 uxor.
828 1557 1040 1611 Quocirca
1072 1557 1246 1617 nuptias
1279 1556 1516 1616 prohibetis
1535 1590 1546 1611 ,

156 1642 236 1672 nec
253 1627 307 1673 ab
328 1628 413 1673 hoc
434 1627 614 1673 crimine
632 1663 643 1685 ,
671 1627 793 1689 quod
814 1627 920 1673 olim
944 1644 967 1673 a
994 1628 1157 1688 Spiritu
1179 1636 1329 1673 sancto
1351 1626 1406 1672 de
1426 1627 1549 1672 vobis

154 1699 415 1759 praedictum
432 1709 498 1745 est
512 1735 524 1756 ‚
551 1699 641 1745 ulla
663 1715 739 1745 vos
763 1700 932 1745 ratione
954 1698 1206 1744 defenditis.

213 1773 370 1817 LXVI.
397 1774 423 1816 J
426 1786 600 1817 amvero
616 1785 717 1816 cum
733 1771 1014 1815 vehementer
1029 1771 1217 1829 satagitis
1236 1804 1247 1825 ‚
1271 1785 1327 1813 ne
1348 1784 1424 1828 per
1441 1784 1547 1814 con-

155 1840 356 1887 cubitum
379 1842 522 1886 anima
540 1841 701 1901 ligetur
724 1841 769 1885 in
789 1856 918 1885 carne
935 1875 946 1896 ‚
971 1850 1015 1884 et
1036 1841 1316 1885 vehementer
1335 1840 1518 1886 asseritis
1534 1874 1545 1894 ,

154 1928 232 1972 per
271 1921 521 1959 sanctorum
556 1913 707 1958 cibum
747 1913 935 1956 animam
973 1910 1028 1956 de
1065 1911 1304 1955 seminibus
1341 1910 1516 1955 liberari
1533 1946 1543 1966 ,

156 1999 305 2030 nonne
326 1983 592 2030 confirmatis
608 2018 619 2040 ‚
641 1999 667 2028 o
687 1983 858 2038 miseri,
884 1982 1006 2042 quod
1025 1982 1080 2027 de
1099 1982 1220 2027 vobis
1240 1982 1437 2026 homines
1455 1997 1549 2026 sus-

154 2058 389 2117 picantur?
410 2058 501 2104 Cur
517 2056 637 2101 enim
655 2055 710 2100 de
732 2056 876 2101 tritico
893 2090 904 2110 ‚
927 2064 970 2099 et
984 2055 1039 2099 de
1054 2054 1158 2099 faba
1173 2089 1183 2109 ‚
1205 2063 1248 2099 et
1269 2055 1323 2099 de
1341 2054 1550 2098 lenticula

155 2128 336 2190 aliisque
352 2127 592 2174 seminibus
609 2162 621 2183 ,
647 2142 749 2172 cum
770 2126 838 2170 his
859 2125 1108 2180 vescimini,
1132 2124 1318 2169 liberare
1339 2140 1415 2170 vos
1439 2124 1549 2169 velle

158 2202 349 2247 animam
369 2199 562 2247 creditur
576 2235 588 2256 ‚
614 2197 669 2244 de
685 2197 942 2244 animalium
958 2196 1197 2242 seminibus
1214 2212 1303 2242 non
1321 2195 1549 2241 credatur?

158 2275 257 2320 Non
277 2273 395 2318 enim
415 2281 466 2318 ut
486 2272 624 2332 ipsam
644 2285 820 2316 carnem
842 2269 1004 2314 mortui
1023 2268 1254 2314 animantis
1275 2265 1549 2312 immundam

161 2359 249 2390 esse
266 2343 427 2400 dicitis,
453 2343 574 2405 quod
594 2344 783 2388 animam
805 2357 896 2387 non
917 2340 1052 2386 habet
1072 2360 1083 2398 3
1118 2340 1201 2385 hoc
1223 2340 1282 2384 ita
1306 2339 1484 2399 potestis
1506 2346 1549 2383 et

161 2414 215 2460 de
237 2416 466 2462 animantis
488 2415 650 2461 semine
671 2414 814 2460 dicere
830 2448 841 2469 ‚
868 2414 913 2458 in
936 2428 1025 2474 quo
1049 2412 1237 2457 animam
1256 2446 1266 2465 ‚
1293 2426 1393 2470 quae
1412 2425 1548 2470 appa-

162 2486 276 2532 rebit
296 2488 342 2532 in
363 2486 485 2547 prole
502 2522 513 2542 ‚
545 2485 793 2546 colligatam
813 2499 903 2529 esse
929 2482 1110 2528 censetis
1126 2517 1137 2538 ‚
1168 2491 1211 2525 et
1240 2483 1282 2525 in
1307 2497 1396 2541 quo
1417 2481 1547 2540 ipsius

164 2558 391 2605 Manichaei
426 2559 616 2604 animam
649 2555 914 2618 implicatam
950 2555 1082 2601 fuisse
1115 2553 1327 2599 fatemini.
1360 2555 1417 2597 Et
1447 2551 1546 2610 quia

1631 2409 1646 2414 Ι
