1729 3143
441 190 492 215 DE
526 188 675 215 menno
707 184 921 222 Animum,
956 186 1038 212 ΜΒ.
1074 185 1120 210 11.
1388 170 1470 211 329

98 254 397 313 unusquisque
425 253 468 296 id
491 268 569 297 nec
597 267 689 296 mea
705 286 715 306 ‚
746 266 825 294 nec
848 261 921 294 tua
940 285 950 305 ,
983 265 1061 294 nec
1089 250 1344 308 cujusquam
1366 248 1472 292 alte-

96 324 184 367 rius
201 358 212 377 ,
238 323 313 367 sed
334 339 409 367 sua
429 333 573 368 mente
594 321 850 380 conspiciat,
872 336 971 364 cum
989 320 1032 363 id
1050 320 1170 380 quod
1192 319 1470 378 conspicitur,

95 393 298 437 omnibus
313 393 676 453 conspicientibus
692 391 981 435 communiter
998 399 1152 449 praesto
1170 389 1239 443 sit,
1258 388 1474 449 numquid

93 479 252 521 negare
270 465 538 522 poterimus?
559 466 610 506 E.
636 461 764 506 Nullo
786 459 933 504 modo.
955 463 1006 503 Α.
1035 463 1142 503 Item
1166 462 1189 503 J
1195 468 1289 503 uste
1306 474 1395 503 esse
1412 459 1470 504 vi-

92 532 286 577 vendum
305 569 314 587 ,
346 533 556 576 deteriora
585 531 834 575 melioribus
869 545 958 573 csse
991 528 1218 573 subdenda
1237 564 1248 583 ,
1282 538 1325 573 et
1356 530 1474 588 paria

92 602 266 660 paribus
280 601 585 661 comparanda,
604 611 646 644 et
664 600 835 659 propria
852 599 938 642 suis
956 599 1204 658 quibusque
1221 598 1471 653 tribuenda,

91 687 238 716 nonne
260 672 463 716 fateberis
485 688 573 716 esse
595 672 862 715 verissimum
879 706 888 724 ,
916 679 958 714 et
989 679 1078 714 tam
1100 669 1207 712 mihi
1239 685 1369 728 quam
1397 669 1475 712 tibi

91 752 222 801 atque
256 743 457 785 omnibus
484 742 529 785 id
561 741 809 785 videntibus
841 749 998 799 praesto
1032 755 1120 783 esse
1155 739 1475 783 communiter?

89 815 141 855 E.
167 812 401 856 Assentior.
434 816 486 856 A.
514 812 629 865 Quid
655 813 958 870 incorruptum
988 810 1140 854 melius
1176 824 1265 853 esse
1292 825 1475 868 corrup-

89 891 133 926 to
149 918 159 937 ,
186 892 398 927 aeternum
425 883 676 942 temporali,
702 882 950 926 inviolabile
974 881 1168 926 violabili
1188 916 1198 936 ,
1225 881 1383 939 poteris
1403 895 1474 923 ne-

87 968 187 1008 gare
206 956 222 990 ⁵?
246 956 296 992 Ε.
324 953 427 1002 Quis
450 955 624 1009 potest?
646 957 697 993 A.
728 955 819 994 Hoc
838 965 940 1007 ergo
959 964 1108 992 verum
1127 954 1268 1006 potest
1290 951 1474 1009 quisque

87 1034 214 1062 suum
243 1021 467 1078 proprium
501 1019 669 1073 dicere,
703 1034 804 1063 cum
827 1018 1245 1063 incommutabiliter
1274 1029 1475 1063 contem-

86 1088 295 1147 plandum
333 1088 443 1132 adsit
478 1089 697 1142 omnibus,
736 1088 811 1148 qui
850 1090 932 1133 hoc
970 1088 1255 1147 contemplari
1293 1089 1438 1133 valent
1457 1092 1474 1133 Ξ)

83 1160 135 1201 Ε.
161 1156 316 1201 Nullus
348 1159 430 1202 hoc
464 1173 562 1201 vere
597 1158 773 1211 dixerit,
798 1173 925 1201 suum
957 1173 1044 1201 esse
1076 1159 1331 1217 proprium,
1372 1174 1473 1202 cum

85 1236 174 1270 tam
197 1227 250 1269 sit
272 1241 410 1270 unum
429 1234 559 1285 atque
581 1228 780 1270 omnibus
799 1243 1053 1281 commune,
1075 1243 1206 1287 quam
1224 1243 1376 1271 verum
1391 1238 1468 1273 est.

86 1299 138 1341 Α.
164 1299 274 1339 Item
302 1312 325 1339 a
359 1296 638 1354 corruptione
673 1298 958 1340 avertendum
997 1298 1190 1341 animum
1210 1333 1220 1350 ,
1254 1307 1383 1358 atque
1417 1299 1472 1342 ad

84 1366 453 1425 incorruptionem
478 1365 823 1410 convertendum
843 1381 931 1409 esse
948 1400 959 1420 ,
984 1367 1029 1411 id
1060 1377 1146 1423 est,
1174 1384 1264 1412 non
1286 1384 1471 1428 corrup·

84 1436 245 1480 tionem
259 1470 269 1489 ,
302 1435 378 1479 sed
404 1435 778 1493 incorruptionem
800 1434 1063 1493 diligendam
1084 1451 1173 1479 esse
1195 1439 1290 1494 quis
1308 1441 1471 1497 negat?

82 1509 172 1550 Aut
195 1507 291 1566 quis
311 1522 411 1550 cum
434 1521 585 1550 verum
606 1522 694 1550 esse
716 1505 932 1561 fateatur,
959 1521 1048 1550 non
1073 1507 1204 1550 etiam
1226 1507 1474 1552 incommu-

83 1575 218 1619 tabile
245 1575 488 1634 intelligat,
520 1587 651 1636 atque
680 1577 883 1620 omnibus
912 1576 1132 1620 mentibus
1157 1576 1199 1619 id
1225 1576 1470 1622 valentibus

84 1645 270 1697 intueri,
301 1646 592 1689 communiter
613 1655 771 1704 praesto
795 1661 882 1690 esse
903 1647 1083 1690 videat?
1112 1650 1163 1690 E.
1191 1647 1470 1693 Verissimum

84 1725 161 1759 est.
189 1719 240 1759 A.
267 1716 383 1769 Quid
402 1732 496 1760 eam
517 1717 649 1760 vitam
670 1732 769 1776 quae
785 1715 916 1760 nullis
931 1716 1263 1761 adversitatibus
1282 1718 1336 1761 de
1354 1728 1470 1764 certa

83 1793 126 1828 et
161 1785 341 1830 honesta
369 1787 581 1830 sententia
619 1786 914 1840 demovetur,
938 1786 1162 1831 dubitabit
1195 1786 1349 1847 aliquis
1380 1805 1470 1833 csse

81 1853 322 1909 meliorem,
340 1870 473 1915 quam
488 1870 582 1899 eam
598 1870 696 1914 quae
713 1854 838 1899 facile
854 1855 1138 1901 incommodis
1155 1858 1470 1916 temporalibus

82 1924 298 1982 frangitur
319 1935 451 1984 atque
471 1926 735 1969 subvertitur
752 1928 769 1966 ἰ)
792 1928 842 1969 Ε.
870 1927 975 1979 Quis
993 1926 1292 1971 dubitaverit?

140 1997 306 2039 XXIX.
337 1999 389 2039 Α.
427 1998 523 2040 Jam
557 1995 807 2055 hujusmodi
835 1995 960 2055 plura
991 2013 1080 2041 non
1111 2014 1304 2058 quaeram
1335 2019 1342 2043 :
1369 2001 1469 2045 satis

81 2064 197 2107 enim
220 2074 282 2108 est
304 2064 425 2123 quod
450 2066 550 2109 istas
577 2075 784 2125 tanquam
807 2066 976 2124 regulas
998 2077 1040 2111 et
1068 2068 1268 2127 quaedam
1301 2068 1468 2115 lumina

81 2134 310 2187 virtutum,
336 2144 379 2177 et
406 2149 506 2178 vera
527 2144 570 2178 et
593 2135 978 2191 incommutabilia,
1007 2147 1049 2181 et
1078 2139 1164 2181 sive
1190 2139 1356 2197 singula
1381 2141 1468 2185 sive
1505 2182 1511 2189 ,

81 2204 227 2246 omnia
256 2205 546 2247 communiter
584 2205 730 2248 adesse
767 2205 821 2248 ad
856 2207 1244 2267 contemplandum
1275 2210 1355 2265 eis,
1392 2212 1468 2270 qui

80 2273 174 2315 haec
193 2272 337 2316 valent
353 2289 429 2317 sua
448 2274 631 2333 quisque
648 2275 814 2318 ratione
831 2291 879 2319 ac
898 2286 1043 2321 mente
1064 2279 1330 2337 conspicere,
1354 2281 1465 2340 pari-

81 2352 147 2386 ter
168 2358 340 2386 mecum
358 2345 491 2398 vides,
509 2345 880 2405 certissimumque
898 2362 987 2391 esse
1005 2348 1219 2393 concedis.
1241 2350 1349 2395 Sede
1364 2367 1464 2396 sane

81 2427 247 2471 quaero,
266 2423 416 2457 utrum
429 2415 523 2459 haec
542 2416 620 2459 tibi
637 2415 867 2460 videantur
884 2417 939 2461 ad
957 2419 1208 2478 sapientiam
1222 2421 1458 2479 pertinere:

82 2496 182 2526 narn
205 2482 335 2528 credo
353 2483 490 2528 videri
516 2485 597 2529 tibi
618 2501 717 2531 eum
746 2487 822 2546 qui
843 2488 1094 2547 sapientiam
1127 2500 1345 2536 assecutus
1367 2502 1459 2540 est..
