1729 3143
193 178 212 214 -ί
227 178 274 214 ²20
634 192 661 214 5.
702 188 929 213 AUGUSTINJ
966 186 1141 214 EPlSCOPI

198 273 212 291 »ν
244 256 355 297 bona
395 252 600 294 valde1.»
636 253 748 295 Cum
778 251 893 294 enim
925 249 980 294 de
1003 251 1180 309 singulis
1210 262 1374 309 ageret,
1399 253 1571 298 dicebat

190 333 361 367 tantum
384 341 394 367 2
424 321 579 365 «Vidit
600 324 713 366 Deus
735 323 835 382 quia
860 322 1025 366 bonum
1055 331 1118 366 est
1143 342 1151 367 :
1183 341 1201 363 «
1221 338 1320 366 cum
1351 333 1493 367 autem
1517 323 1572 367 de

190 393 390 438 omnibus
413 391 628 436 diceretur
644 427 655 447 ,
683 408 835 452 parum
859 392 942 437 fuit
964 391 1108 437 dicere
1140 412 1160 435 «
1177 393 1314 447 bona,
1339 411 1359 434 »
1385 393 1466 437 nisi
1496 394 1574 438 ad-

189 464 363 507 deretur
386 472 429 506 et
455 461 631 507 «valde.
650 484 666 504 ³>
697 463 738 509 Si
761 464 876 508 enim
899 462 1068 522 singula
1086 479 1216 523 opera
1241 464 1317 507 Dei
1346 479 1446 507 cum
1469 479 1576 508 con-

188 532 436 576 siderantur
460 549 482 577 a
505 532 817 592 prudentibus,
844 534 1128 578 inveniuntur
1148 534 1308 577 habere
1336 532 1576 577 laudabiles

188 617 433 658 mensuras,
461 611 504 647 et
521 618 740 659 numeros,
773 614 816 648 et
849 604 1021 649 ordines
1043 604 1089 648 in
1110 619 1189 648 suo
1210 618 1398 664 quaeque
1421 618 1577 662 genere

187 673 439 728 constituta,
460 683 626 734 quanto
641 674 775 733 magis
797 675 942 719 omnia
959 674 1103 727 simul,
1128 673 1173 718 id
1190 683 1269 729 est,
1290 674 1380 733 ipsa
1398 673 1577 717 univer—

184 743 283 786 sitas
301 779 312 797 ,
338 760 437 804 quae
459 744 548 789 istis
570 744 746 803 singulis
766 745 812 788 in
835 759 973 789 unum
995 744 1187 789 collectis
1216 743 1440 803 impletur.
1469 745 1577 787 Om-

186 813 252 857 nis
285 814 400 858 enim
432 814 715 874 pulchritudo
751 831 850 875 quae
885 816 1082 875 partibus
1113 824 1307 870 constat,
1342 813 1482 858 multo
1517 823 1580 858 est

188 884 449 931 laudabilior
470 887 515 931 in
545 896 636 931 toto
659 902 791 942 quam
811 887 857 925 in
879 896 1002 941 parte
1032 906 1040 928 :
1068 887 1180 931 sicut
1204 887 1249 930 in
1282 901 1464 945 corpore
1492 887 1581 929 hu-

189 972 332 1010 mano,
355 958 388 999 si
411 956 639 999 laudamus
663 952 811 998 oculos
834 952 969 1008 solos,
996 953 1029 997 si
1051 968 1205 997 nasum
1228 956 1368 998 solum
1384 990 1395 1010 ,
1422 958 1455 999 si
1472 957 1582 1000 solas

188 1042 317 1084 genas
335 1061 345 1080 ,
372 1034 446 1069 aut
465 1024 606 1068 solum
629 1033 762 1083 caput
779 1059 789 1079 ,
817 1033 892 1068 aut
915 1023 1025 1069 solas
1053 1040 1206 1068 manus
1223 1059 1233 1079 ,
1268 1033 1343 1068 aut
1366 1024 1480 1070 solos
1504 1040 1583 1084 pe-

187 1095 275 1150 des,
294 1105 336 1139 et
350 1104 501 1138 caetera
517 1096 549 1138 si
563 1094 746 1154 pulchra
770 1093 939 1152 singula
962 1103 1006 1139 et
1028 1094 1118 1140 sola
1139 1094 1396 1154 laudamus,
1415 1105 1583 1156 quanto

189 1166 320 1223 magis
345 1174 482 1209 totum
507 1181 663 1224 corpus
686 1167 756 1209 cui
778 1166 924 1210 omnia
948 1166 1160 1220 membra,
1182 1181 1282 1226 quae
1305 1167 1474 1224 singula
1488 1166 1585 1225 pul-

189 1237 291 1280 chra
315 1246 415 1280 sunt
433 1271 443 1291 ,
469 1236 703 1280 conserunt
717 1236 1091 1296 pulchritudinem
1108 1252 1229 1281 suam
1252 1256 1260 1280 :
1286 1237 1344 1280 ita
1362 1246 1411 1281 ut
1428 1251 1584 1281 manus

192 1306 394 1366 pulchra,
428 1322 528 1366 quae
551 1308 677 1351 etiam
700 1306 790 1351 sola
811 1307 1075 1351 laudabatur
1096 1308 1141 1351 in
1167 1322 1348 1366 corpore
1366 1342 1377 1362 ,
1403 1307 1437 1350 si
1458 1323 1583 1367 sepa-

192 1386 311 1421 retur
334 1394 355 1422 a
379 1394 561 1437 corpore
577 1414 588 1432 ,
613 1388 656 1422 et
679 1379 770 1438 ipsa
793 1378 964 1422 amittat
987 1379 1169 1437 gratiam
1191 1393 1313 1422 suam
1331 1413 1342 1433 ,
1368 1387 1411 1422 et
1428 1388 1584 1423 caetera

191 1448 282 1491 sine
303 1448 376 1492 illa
398 1449 627 1492 inhonesta
651 1448 736 1493 sint
761 1467 770 1492 ε
798 1457 918 1492 tanta
941 1458 1003 1492 est
1032 1449 1094 1492 vis
1116 1457 1159 1492 et
1185 1449 1378 1507 potentia
1400 1448 1585 1507 integri-

194 1519 288 1562 tatis
312 1528 353 1562 et
378 1519 576 1574 unitatis,
603 1528 653 1564 ut
674 1519 804 1563 etiam
827 1536 926 1580 quae
949 1518 1087 1564 multa
1103 1528 1205 1564 sunt
1229 1521 1344 1564 bona
1368 1529 1473 1564 tunc
1490 1519 1586 1579 pla-

192 1601 339 1647 ceant,
363 1607 465 1636 curn
488 1593 534 1635 in
555 1592 807 1636 universum
831 1592 995 1652 aliquid
1021 1593 1291 1637 conveniunt
1312 1601 1443 1653 atque
1476 1608 1585 1637 con—

194 1672 390 1707 currunt.
434 1663 692 1707 Universum
726 1673 872 1708 autem
906 1664 961 1708 ab
998 1665 1167 1708 unitate
1205 1679 1368 1709 nomen
1398 1665 1579 1723 accepit.

194 1732 325 1785 Quod
348 1733 381 1776 si
403 1733 633 1777 Manichaei
655 1734 980 1778 considerarent
998 1769 1008 1788 ,
1034 1733 1265 1778 laudarent
1298 1734 1587 1778 universitatis

195 1811 416 1846 auctorem
436 1812 478 1846 et
501 1802 771 1846 conditorem
789 1806 928 1847 Deum
949 1824 960 1861 3
984 1812 1026 1847 et
1044 1803 1166 1863 quod
1188 1819 1259 1848 eos
1289 1813 1466 1863 propter
1484 1819 1590 1848 con-

196 1871 407 1916 ditionem
431 1883 587 1917 nostrae
611 1873 883 1918 mortalitatis
901 1875 947 1918 in
968 1885 1090 1934 parte
1106 1876 1291 1920 offendit
1308 1911 1318 1929 ,
1346 1875 1590 1934 redigerent

198 1943 252 1987 ad
276 1944 465 1988 universi
487 1944 864 2004 pulchritudinem
883 1980 894 1999 ,
922 1954 965 1989 et
992 1945 1189 1989 viderent
1215 1945 1587 2006 quemadmodum

198 2018 311 2058 Deus
325 2014 474 2060 fecerit
491 2017 636 2060 omnia
649 2031 738 2060 non
753 2015 895 2060 solum
910 2015 1041 2071 bona,
1067 2015 1142 2059 sed
1159 2017 1288 2060 etiam
1312 2017 1427 2061 hona
1442 2015 1584 2061 valde,

199 2085 304 2137 Quia
328 2086 457 2129 etiam
488 2086 534 2129 in
561 2102 759 2130 sermone
788 2085 935 2146 aliquo
963 2096 1117 2131 ornato
1139 2096 1270 2146 atque
1292 2087 1533 2146 composito
1555 2087 1590 2131 si

203 2156 526 2202 consideremus
539 2157 729 2216 singulas
744 2157 948 2216 syllabas,
970 2157 1039 2201 vel
1056 2158 1184 2202 etiam
1199 2158 1389 2217 singulas
1405 2158 1586 2212 litteras,

201 2243 299 2287 quse
322 2244 422 2272 cum
447 2229 672 2274 sonuerint
694 2230 837 2273 statim
859 2238 1112 2284 transeunt,
1137 2245 1227 2273 non
1255 2229 1299 2272 in
1328 2230 1387 2273 eis
1418 2230 1588 2273 inveni-

202 2312 296 2342 mus
319 2299 427 2359 quid
450 2299 636 2344 delectet
656 2309 786 2359 atque
817 2299 1087 2344 laudandum
1111 2301 1180 2344 sit.
1210 2302 1344 2345 Totus
1367 2300 1485 2344 enim
1516 2298 1588 2342 ille

202 2382 340 2413 sermo
364 2386 452 2414 non
482 2370 535 2414 de
558 2369 735 2428 singulis
757 2369 934 2427 syllabis
956 2378 1031 2414 aut
1056 2369 1209 2414 litteris
1225 2404 1236 2424 ,
1261 2369 1337 2413 scd
1359 2368 1413 2413 de
1443 2368 1585 2413 omni—

208 2436 286 2479 bus
307 2439 488 2495 pulcher
511 2451 588 2484 est.

257 2522 405 2562 ·'Ge11.1,
428 2523 480 2553 31.

1714 2007 1720 2039 l

1699 2110 1711 2202 ἰ,

1702 2210 1710 2368 ἓ

1706 2364 1729 2429 Γ

1712 2532 1717 2620 ἰ
