1729 3143
391 226 473 252 LlB.
511 227 558 252 11.
594 226 648 252 DE
681 226 865 254 MORIBUS
896 222 1238 253 MANJCHAEORUM.
1422 212 1505 252 559

126 290 288 334 necet?
318 291 553 343 Quomodo
584 291 715 335 istum
738 290 981 335 tenebimus
1013 304 1160 344 reum,
1189 290 1264 349 qui
1291 302 1371 332 nec
1402 303 1503 342 ore,

126 372 207 403 nec
239 360 456 415 manibus,
483 376 563 405 nec
592 361 690 406 sinu
727 360 952 420 peccavit?
989 360 1073 406 Sed
1106 374 1209 404 cum
1243 373 1306 413 os,
1339 358 1504 418 inquit,

126 431 307 476 nomino
326 465 337 487 ‚
388 447 536 476 omnes
578 446 726 476 sensus
766 431 843 491 qui
880 439 980 475 sunt
1018 431 1065 474 in
1105 429 1246 489 capite
1264 463 1276 484 ,
1326 427 1529 504 intelligi}

126 501 250 559 volo;
273 517 374 547 cum
397 512 543 547 autem
565 518 760 558 manum,
787 517 960 547 omnem
983 502 1306 562 operationem,
1329 514 1430 545 cum
1450 501 1529 565 si-{

126 586 250 627 num,
276 588 449 617 omnem
471 572 697 618 libidinem
718 572 983 617 seminalem.
1007 575 1105 626 Quo
1125 586 1236 634 *ergo
1260 570 1390 616 vultis
1407 568 1533 630 per-J}

125 641 263 687 tinere
284 643 600 704 blasphemias?
622 643 677 689 ad
696 659 758 699 os,
784 658 838 688 an
863 642 916 687 ad
940 644 1144 687 manum?
1165 645 1242 687 Est
1270 643 1383 686 enim
1401 656 1509 701 ope-

123 713 234 758 ratio
254 714 333 758 ista
354 730 432 774 per
452 715 661 774 linguam.
698 717 851 774 Itaque
867 714 900 758 si
922 729 1012 758 uno
1034 728 1189 772 genere
1210 713 1509 773 operationem

124 798 299 828 omnem
329 785 609 842 concluditis,
642 801 719 830 cur
748 785 1043 845 operationem
1067 784 1229 844 pedum
1247 783 1509 844 conjungitis

122 854 341 910 manibus,
366 855 528 914 linguae
548 856 781 915 separatis?
804 859 868 900 An
893 856 995 916 quia
1018 856 1165 913 lingua
1188 855 1332 900 verbis
1351 855 1509 914 signifi-

121 933 191 968 cat
206 925 389 984 aliquid,
407 941 501 970 eam
517 925 648 971 vultis
664 926 889 985 sejungere
906 926 961 970 ab
979 941 1029 970 ea
1045 926 1297 985 operatione
1308 941 1407 985 quae
1421 939 1511 969 non

121 995 394 1054 significandi
426 998 561 1056 gratia
589 998 654 1051 fit,
687 997 745 1041 ita
776 1006 826 1040 ut
850 996 1085 1041 definiatur
1112 996 1386 1055 signaculum
1415 1010 1510 1039 ma-

121 1079 277 1121 nuum,
296 1066 353 1110 ab
369 1068 620 1126 operatione
632 1066 763 1121 mala,
780 1083 879 1127 quae
897 1082 985 1111 non
1000 1067 1270 1126 significandi
1282 1081 1410 1110 causa
1428 1075 1508 1120 est,

120 1135 421 1180 continentia?
443 1136 527 1182 Sed
549 1136 654 1196 quid
677 1135 834 1182 facturi
852 1137 973 1192 estiS,
998 1136 1032 1181 si
1054 1137 1152 1197 quis
1174 1145 1324 1197 peccet
1344 1136 1511 1195 signifi-

120 1205 261 1250 cando
292 1205 460 1265 aliquid
493 1207 712 1261 manibus,
742 1216 792 1251 ut
818 1208 868 1251 fit
892 1223 992 1252 cum
1017 1208 1260 1262 scribimus,
1294 1206 1364 1251 vel
1386 1215 1511 1265 gestu

120 1274 287 1335 aliquid
303 1275 425 1336 quod
444 1276 711 1336 intelligatur
732 1278 1033 1323 ostendimus?
1056 1279 1138 1323 hoc
1159 1278 1274 1322 enim
1295 1277 1360 1322 ori
1380 1286 1510 1336 atque

119 1346 282 1405 linguae
299 1347 492 1391 tribuere
510 1363 600 1393 non
621 1350 815 1408 potestis,
839 1350 941 1409 quia
959 1350 1160 1394 manibus
1175 1349 1240 1393 fit.
1259 1348 1376 1402 Quid
1394 1348 1509 1392 enim

120 1417 368 1473 absurdius,
388 1434 521 1479 quam
538 1429 588 1463 ut
609 1435 709 1463 cum
728 1420 809 1463 tria
825 1419 1027 1465 dicantur
1042 1419 1279 1479 signacula,
1300 1419 1401 1472 oris,
1422 1433 1510 1462 ma-

119 1502 259 1532 nuum
279 1497 323 1532 et
344 1488 484 1543 sinus,
511 1489 714 1549 quaedam
743 1499 919 1548 peccata
944 1489 1214 1548 deprehensa
1239 1490 1286 1532 in
1307 1488 1509 1533 manibus

119 1558 367 1603 tribuantur
384 1560 471 1604 ori?
489 1560 531 1605 Si
548 1569 693 1604 autem
708 1560 901 1619 operatio
918 1560 1124 1617 generalis
1142 1559 1343 1604 manibus
1361 1558 1506 1614 datur,

120 1645 221 1690 quae
247 1629 425 1674 tandem
457 1631 565 1675 ratio
599 1641 662 1675 est
695 1630 857 1690 pedum
886 1631 1183 1690 operationem
1206 1630 1309 1674 huic
1330 1629 1506 1685 addere,

119 1698 281 1758 linguae
299 1715 389 1745 non
406 1700 595 1745 addere?
617 1701 849 1745 Vidisti-ne
870 1700 1093 1761 quomodo
1114 1700 1316 1744 novitatis
1338 1701 1510 1760 appeti-

121 1770 183 1815 tio
205 1772 363 1816 comite
386 1786 529 1816 errore
550 1773 597 1815 in
620 1787 798 1830 magnas
820 1772 1064 1816 deducatur
1086 1771 1333 1830 angustias?
1355 1772 1509 1816 Tribus

121 1855 311 1901 namque
327 1841 416 1885 istis
437 1841 683 1900 signaculis,
709 1857 808 1902 quae
825 1857 937 1886 nova
958 1841 1147 1902 quadam
1166 1840 1376 1886 divisione
1398 1857 1509 1901 prae-

121 1909 289 1965 dicatis,
304 1912 528 1970 quomodo
542 1910 776 1956 includatis
789 1913 985 1956 omnium
999 1920 1278 1970 peccatorum
1289 1913 1510 1970 purgatio-

120 1997 220 2026 nem
235 1997 327 2026 non
341 1982 558 2025 invenitis.

179 2054 278 2097 XX.
316 2051 401 2097 Sed
417 2051 597 2097 dividite
614 2060 664 2095 ut
677 2050 830 2106 vultis,
844 2050 1162 2110 praetermittite
1178 2051 1393 2111 quidquid
1408 2052 1508 2098 vul-

119 2122 198 2167 tis:
222 2137 273 2167 ea
300 2138 399 2182 quae
432 2121 616 2166 maxime
650 2120 794 2166 soletis
826 2120 1131 2166 commendare
1161 2129 1410 2166 tractemus.
1439 2123 1508 2167 Ad

118 2192 203 2237 oris
224 2192 342 2236 enim
363 2191 636 2251 signaculum
657 2190 797 2234 dicitis
816 2191 1029 2249 pertinere
1043 2225 1055 2245 ,
1077 2190 1130 2234 ab
1148 2191 1266 2236 omni
1282 2192 1506 2237 continere

119 2261 402 2322 blasphemia.
428 2265 505 2306 Est
526 2270 671 2306 autem
689 2260 955 2321 blasphemia
971 2296 981 2316 ,
1013 2276 1113 2306 cum
1130 2261 1274 2322 aliqua
1298 2262 1412 2307 mala
1435 2263 1506 2307 di-

120 2343 280 2378 cuntur
301 2334 356 2378 de
378 2334 517 2377 bonis.
554 2335 706 2392 Itaque
722 2333 812 2392 jam
833 2332 964 2390 vulgo
985 2331 1255 2392 blasphemia
1276 2348 1367 2378 non
1395 2335 1506 2379 acci-

120 2405 252 2464 pitur,
278 2404 361 2448 nisi
384 2403 497 2448 mala
516 2403 647 2447 verba
668 2404 724 2446 de
743 2406 831 2446 Deo
848 2402 990 2446 dicere
1015 2422 1023 2447 z
1051 2401 1105 2446 de
1122 2403 1371 2448 hominibus
1386 2420 1506 2449 nam·

119 2491 205 2535 que
227 2474 418 2519 dubitari
447 2483 588 2533 potest
613 2493 620 2518 :
648 2477 760 2517 Deus
790 2489 891 2517 vero
920 2474 1010 2518 sine
1042 2476 1330 2519 controversia
1364 2476 1505 2521 bonus

120 2554 198 2590 est.
229 2545 272 2591 Si
294 2559 394 2604 ergo
411 2544 520 2590 ratio
543 2543 791 2599 convicerit,
811 2544 1029 2589 neminem
1042 2543 1097 2588 de
1113 2547 1201 2590 Deo
1213 2546 1359 2606 pejora
1372 2562 1504 2607 quam
