1729 3143
574 235 629 262 nr:
660 234 828 273 οΕΝΕεῙ,
862 234 945 262 Lm.
980 235 1028 262 Π.
1408 223 1492 264 453

121 321 143 346 »
176 317 295 358 rem,
318 311 363 347 ¹et
378 301 652 347 manducavi.
686 303 742 347 Et
774 300 882 345 dixit
910 303 1025 345 Deus
1053 299 1253 345 mulieri:
1278 299 1396 354 Quid
1411 301 1496 347 hoc

119 392 141 417 »
176 372 345 418 fecisti?
365 375 422 416 Et
439 373 549 417 dixit
570 370 725 416 mulier
755 389 764 415 ε
797 372 980 430 Serpens
996 370 1167 416 seduxit
1181 386 1252 416 me
1267 406 1279 427 ‚
1303 379 1347 416 et
1371 387 1499 417 man-

119 462 140 486 »
176 444 349 489 ducavi.
387 446 445 487 Et
477 442 582 486 dixit
616 441 825 487 Dominus
856 444 970 486 Deus
1007 443 1196 502 serpenti
1226 461 1236 487 ε
1270 443 1381 496 Quia
1414 443 1500 489 hoc

119 531 140 556 »
174 512 340 568 fecisti,
364 511 620 557 maledictus
641 521 691 557 tu
712 511 766 556 ab
788 511 904 556 omni
927 527 1082 571 pecore
1100 547 1111 568 ‚
1137 521 1182 557 et
1203 513 1322 558 omni
1344 528 1501 572 genere

117 602 139 626 »
175 584 427 628 bestiarum.
456 586 635 629 Pectore
657 591 700 627 et
722 590 874 627 ventre
896 597 1018 641 repes
1033 617 1044 638 ,
1070 591 1113 627 et
1128 591 1287 628 terram
1309 585 1501 630 mandu-

119 673 141 697 »
175 654 293 699 cabis
309 653 513 699 omnibus
536 653 689 698 diebus
707 652 807 697 vitae
827 659 915 697 tuae
937 671 946 697 ε
971 655 1027 698 Et
1049 652 1317 699 inimicitiam
1340 670 1501 714 ponam

117 744 140 768 »
174 726 288 770 inter
305 735 348 770 te
365 734 409 769 et
430 724 656 769 mulierem
677 760 688 780 ,
713 733 757 769 et
772 725 886 768 inter
902 739 1048 769 semen
1066 733 1192 769 tuum
1211 760 1222 782 ‚
1248 736 1291 771 et
1307 727 1421 771 inter
1436 742 1505 771 se-

118 815 140 839 »
174 811 276 841 men
297 795 430 842 illius.
456 799 554 856 Ipsa
575 805 702 841 tuum
723 795 970 842 observabit
992 805 1123 856 caput
1137 831 1149 852 ‚
1175 806 1217 842 et
1232 806 1283 842 tu
1302 799 1394 858 ejus
1411 798 1504 843 cal-

116 886 137 910 »
173 883 372 913 caneum.
405 870 462 912 Et
488 867 660 912 mulieri
688 866 798 911 dixit
829 886 838 912 :
871 866 1168 927 Multiplicans
1201 867 1503 929 multiplicabo

115 957 137 981 »
173 938 343 984 dolores
357 947 455 983 tuos
469 973 480 992 ‚
505 948 549 979 et
564 936 746 994 suspiria
761 944 835 978 tua
851 968 862 988 ‚
884 943 927 978 et
941 936 987 978 in
1001 936 1226 980 doloribus
1240 939 1378 995 paries
1391 940 1502 985 filios

116 1030 134 1050 »
170 1018 267 1052 tuos
295 1028 303 1052 :
329 1016 371 1050 et
401 1006 455 1050 ad
475 1006 616 1050 virum
639 1013 765 1049 tuum
794 1005 1017 1049 conversio
1038 1014 1139 1060 tua,
1171 1015 1214 1050 et
1241 1006 1314 1052 ille
1333 1010 1399 1053 tui
1422 1009 1503 1056 do-

113 1096 135 1120 »
170 1077 424 1123 minabitur.
454 1078 511 1120 Et
540 1085 646 1120 tunc
673 1075 780 1119 dixit
807 1078 919 1119 Deus
949 1076 1003 1120 ad
1027 1074 1197 1121 Adam:
1219 1079 1327 1130 Quia
1346 1080 1505 1127 audisti

112 1166 134 1190 »
169 1162 321 1192 vocem
350 1145 544 1190 mulieris
566 1155 680 1200 tuae,
717 1154 759 1189 et
785 1143 1057 1190 manducasti
1088 1146 1142 1190 de
1172 1146 1292 1206 ligno
1322 1149 1377 1194 de
1413 1168 1503 1212 quo

111 1238 132 1261 »
169 1232 466 1278 praeceperam
483 1217 563 1261 tibi
583 1251 594 1271 ,
616 1232 667 1260 ex
682 1215 757 1261 illo
775 1217 866 1261 solo
879 1232 934 1260 ne
948 1218 1095 1262 ederes
1108 1253 1120 1274 ,
1139 1219 1372 1266 maledicta
1389 1231 1505 1270 terra

111 1308 132 1331 »
171 1289 252 1333 erit
274 1286 354 1332 tibi
375 1287 420 1330 in
442 1286 646 1331 omnibus
672 1286 874 1346 operibus
902 1287 987 1332 tuis
1002 1323 1012 1343 ‚
1038 1297 1081 1332 et
1102 1288 1148 1332 in
1170 1289 1342 1335 tristitia
1362 1301 1404 1337 et
1430 1308 1505 1352 ge-

114 1379 133 1401 »
169 1359 282 1403 mitu
309 1367 387 1403 tuo
418 1356 702 1401 manducabis
729 1372 780 1401 ex
802 1372 851 1401 ea
873 1357 1078 1402 omnibus
1099 1357 1251 1405 diebus
1272 1361 1373 1406 vitae
1396 1372 1500 1409 tuae.

113 1451 132 1473 »
174 1431 326 1489 Spinas
360 1438 404 1473 et
430 1428 614 1472 tribulos
649 1429 908 1487 germinabit
938 1429 1049 1485 tibi,
1087 1438 1130 1473 et
1158 1430 1260 1476 edes
1288 1434 1503 1492 pabulum

110 1518 130 1543 >›
167 1501 259 1560 agri
280 1500 359 1545 tui.
382 1502 436 1543 In
451 1498 608 1543 sudore
629 1499 778 1543 vultus
799 1500 863 1543 tui
885 1499 984 1544 edes
1000 1515 1159 1560 panem
1176 1511 1302 1546 tuum
1322 1539 1334 1559 ‚
1359 1505 1500 1552 donec

16 1566 19 1576 '
58 1560 61 1563 ¹
108 1589 130 1614 »
165 1571 390 1617 revertaris
410 1571 456 1614 in
478 1580 637 1615 terram
652 1604 663 1625 ‚
689 1569 745 1613 de
765 1586 852 1631 qua
874 1581 1073 1631 sumptus
1090 1588 1161 1631 es3
1183 1575 1287 1634 quia
1302 1584 1415 1621 terra
1434 1593 1494 1635 es,

108 1660 129 1684 »
165 1650 208 1686 et
224 1642 269 1686 in
290 1650 451 1686 terram
471 1639 569 1685 ibis.
593 1642 650 1684 Et
666 1648 773 1684 tunc
796 1639 937 1685 Adam
959 1641 1167 1701 imposuit
1188 1659 1351 1691 nomen
1372 1649 1497 1693 uxori

107 1731 128 1755 »
163 1728 281 1767 suae,
308 1713 435 1769 Vita3
471 1711 573 1771 quia
594 1720 731 1756 mater
752 1720 815 1756 est
842 1713 1039 1757 omnium
1064 1714 1277 1760 vivorum.
1310 1719 1368 1763 Et
1390 1728 1496 1764 tunc

106 1803 128 1827 »
163 1782 267 1828 fecit
289 1783 500 1828 Dominus
522 1786 636 1826 Deus
659 1781 767 1827 Adae
797 1791 842 1827 et
862 1783 1034 1827 mulieri
1057 1786 1147 1845 ejus
1171 1787 1338 1832 tunicas
1363 1789 1493 1848 pelli-

105 1873 126 1897 »
162 1869 257 1899 ceas
275 1888 286 1910 ,
312 1862 356 1898 et
377 1851 523 1897 induit
544 1852 654 1898 illos.
688 1855 745 1897 Et
768 1852 876 1898 dixit
907 1873 916 1899 ι
951 1857 1064 1900 Ecce
1091 1855 1235 1901 Adam
1259 1856 1399 1905 sactus
1433 1870 1495 1906 est

105 1944 125 1968 »
162 1935 372 1984 tanquam
392 1939 506 1968 unus
527 1939 578 1967 ex
602 1924 727 1968 nobis
744 1958 756 1979 ,
782 1923 837 1968 ad
858 1925 1080 1970 scientiam
1102 1930 1391 1987 cognoscendi
1409 1932 1491 1978 bo-

105 2018 124 2040 »
159 2011 268 2041 num
304 2003 347 2039 et
383 1993 564 2039 malum.
596 1996 654 2038 Et
678 2003 784 2039 tunc
816 2010 871 2039 ne
898 1998 1138 2056 porrigeret
1167 2014 1347 2045 manum
1368 2019 1490 2049 suam

103 2087 124 2111 »
159 2067 298 2114 Adam
323 2064 379 2109 ad
401 2066 600 2110 arborem
624 2065 723 2109 vitae
745 2074 788 2110 et
808 2076 998 2116 sumeret
1020 2068 1099 2113 sibi
1126 2070 1250 2127 inde,
1276 2081 1320 2118 et
1340 2073 1488 2120 ederet

105 2159 124 2181 »
159 2147 202 2182 et
231 2138 393 2182 viveret
424 2137 469 2180 in
497 2144 736 2192 aeternum,
761 2136 921 2182 dimisit
943 2153 1043 2183 eum
1066 2142 1276 2187 Dominus
1298 2146 1411 2190 Deus
1431 2146 1487 2190 de

99 2225 124 2251 »
153 2206 354 2268 paradiso
384 2207 603 2250 suavitatis
627 2241 639 2262 ‚
676 2215 727 2250 ut
759 2218 1012 2267 operaretur
1045 2219 1205 2256 terram
1234 2212 1289 2258 de
1323 2231 1410 2274 qua
1442 2224 1486 2261 et

101 2298 122 2321 »
157 2286 355 2337 sumptus
382 2275 538 2320 fuerat.
564 2279 621 2320 Et
645 2277 806 2336 ejectus
829 2277 942 2323 foras
964 2280 1019 2325 de
1039 2283 1238 2341 paradiso
1253 2319 1264 2340 ‚
1289 2295 1482 2332 moratus

102 2369 122 2392 »
158 2358 221 2393 est
243 2357 393 2392 contra
414 2347 661 2407 paradisum
685 2348 936 2409 voluptatis.
963 2354 1020 2397 Et
1041 2354 1280 2400 Cherubim
1297 2366 1340 2401 et
1361 2357 1480 2402 illam

102 2439 121 2462 »
158 2418 402 2463 flammeam
426 2417 634 2468 frameam
651 2434 749 2479 quae
770 2430 964 2466 versatur
979 2457 991 2480 ,
1015 2425 1160 2483 posuit
1181 2428 1294 2472 Deus
1314 2428 1369 2473 ad
1388 2443 1480 2474 cus-

101 2508 123 2533 »
156 2488 409 2535 todiendam
430 2489 544 2534 viam
561 2489 724 2536 arboris
740 2491 840 2538 vitae
853 2494 884 2537 1.
918 2511 939 2536 »

147 2583 158 2599 ¹
179 2578 257 2610 Gen.
281 2586 331 2617 111,
352 2587 364 2611 1
386 2586 483 2617 usque
499 2575 540 2610 ad
553 2576 657 2611 finem.
