1729 3143
482 199 536 225 DE
569 196 796 226 nnmn’rss
827 199 1005 226 sensim.
1352 191 1432 229 193

58 275 147 306 esse
167 260 452 306 Christianus.
478 262 829 318 Concordemus,
865 262 1044 319 fratres,
1081 263 1271 308 colentes
1298 279 1435 308 unum

58 333 213 386 Deum,
239 339 289 375 ut
310 341 353 376 et
382 330 479 376 illos
507 331 702 376 deserere
723 331 885 376 multos
907 332 1010 378 deos
1031 333 1306 378 exhortemur
1327 349 1440 393 quo-

55 400 157 444 dam
178 400 310 446 modo
332 411 478 446 nostra
498 400 745 455 concordia,
768 410 818 445 ut
837 401 893 445 ad
914 417 1065 461 pacem
1087 412 1130 447 et
1149 402 1205 447 ad
1226 403 1440 448 unitatem

0 514 1 518 ,
56 471 234 515 veniant
264 471 436 516 colendi
467 487 607 515 unum
638 475 792 515 Deum.
830 474 886 515 Et
913 473 948 515 si
975 471 1087 517 forte
1116 472 1372 529 fastidiunt,
1398 484 1442 518 et

0 528 1 554 ³
56 540 160 585 hinc
181 543 306 586 nobis
327 541 664 596 calumniantur,
685 541 806 601 quod
827 542 1041 586 unitatem
1061 543 1175 587 inter
1196 560 1273 589 nos
1291 544 1442 589 Chris-

54 610 162 654 tiani
186 626 275 655 non
294 612 523 666 habemus,
551 620 594 656 et
609 610 713 655 inde
735 620 836 655 sunt
855 613 968 656 tardi
990 621 1033 656 et
1055 613 1166 671 pigri
1188 629 1243 657 ne
1263 614 1442 659 veniant

59 681 113 724 ad
132 681 316 725 salutem
334 701 346 740 3
371 681 568 741 alloquar
590 691 633 726 et
654 682 766 742 ipsos
795 682 1024 742 paululum
1039 717 1050 739 ,
1077 692 1120 728 et
1140 682 1305 739 dicam,
1326 685 1445 744 quod

59 750 118 793 eis
139 749 305 795 dicatis.
331 754 428 797 Non
449 752 684 810 praeferant
704 752 832 797 nobis
854 753 977 813 quasi
999 753 1277 798 concordiam
1296 770 1417 798 suam
1434 789 1445 808 ‚

57 834 147 863 non
168 819 248 864 sibi
270 829 481 880 tanquam
503 821 558 865 de
580 823 748 866 unitate
764 839 840 867 sua
857 822 1073 882 placeant.
1092 825 1272 868 Hostem
1287 824 1450 882 quippe

58 904 190 948 quem
206 890 414 948 patimur,
435 890 605 936 illinon
619 893 848 951 patiuntur
869 912 877 938 ε
903 892 1000 938 illos
1017 903 1059 938 et
1076 909 1166 938 non
1179 894 1258 938 ista
1276 902 1452 951 agentes

56 959 146 1016 ipse
166 960 370 1015 possidetv
399 961 530 1003 Videt
552 977 624 1005 eos
646 963 894 1006 adoratores
911 964 1123 1008 falsorum
1144 963 1328 1008 deorum
1348 984 1359 1014 ς
1385 963 1453 1005 vi-

57 1027 132 1071 det
153 1041 225 1071 eos
242 1040 402 1080 servos,
429 1033 472 1068 et
493 1039 638 1068 servos
662 1023 981 1068 daemoniorum
1008 1043 1016 1069 :
1043 1023 1152 1084 quid
1173 1023 1238 1068 illi
1258 1024 1369 1070 lucri
1392 1038 1455 1073 est

57 1098 159 1156 quia
182 1097 379 1154 litigant,
418 1106 490 1138 aut
513 1094 621 1154 quid
643 1094 792 1137 damni
825 1103 888 1138 est
915 1095 1017 1153 quia
1047 1111 1137 1139 non
1164 1094 1368 1154 litigant?
1399 1102 1456 1144 Et

57 1181 196 1212 unum
215 1164 413 1225 quamvis
435 1163 595 1208 falsum
612 1172 655 1207 et
676 1178 840 1207 vanum
868 1164 1097 1208 sentientes
1115 1199 1126 1219 ,
1151 1164 1324 1226 sibique
1348 1184 1456 1212 con-

4 1235 7 1291 ζ
57 1237 290 1281 sentientes
308 1270 319 1291 ‚
345 1236 405 1280 sic
430 1250 501 1279 eos
522 1234 728 1294 possidet.
755 1237 813 1278 At
834 1249 936 1279 vero
959 1249 1061 1279 cum
1083 1234 1356 1282 desereretur
1370 1273 1380 1293 ,
1412 1249 1456 1284 et

4 1297 7 1303 ¹
58 1305 186 1350 multi
207 1304 264 1350 ad
285 1319 428 1349 unum
450 1307 591 1349 Deum
613 1313 941 1359 concurrerent,
967 1306 1058 1364 ejus
1081 1304 1289 1363 sacrilega
1311 1322 1455 1353 sacra-

60 1385 208 1420 menta
235 1374 516 1429 desererent,
550 1374 716 1432 templa
743 1383 985 1418 everterent
1001 1408 1011 1428 ,
1035 1373 1152 1418 idola
1174 1374 1426 1434 frangerent
1442 1413 1453 1434 ,

6 1451 7 1454 ’
60 1445 267 1491 sacrificia
299 1445 607 1504 prohiberent,
632 1443 741 1488 vidit
769 1459 812 1488 se
842 1442 1077 1502 perdidisse
1110 1459 1220 1502 quos
1250 1446 1452 1503 tenebat,

61 1516 171 1562 vidit
192 1531 216 1560 a
238 1531 315 1559 sua
345 1513 508 1558 familia
547 1514 782 1568 recessisse,
819 1528 972 1558 verum
1003 1517 1142 1558 Deum
1173 1517 1452 1573 cognovisse:

7 1637 9 1648 ,
63 1585 170 1646 quid
198 1584 393 1629 faceret?
414 1582 639 1643 quomodo
661 1582 971 1627 insidiaretur?
993 1584 1242 1629 Concordes
1270 1601 1348 1630 nos
1378 1588 1456 1632 scit

62 1654 185 1715 quod
201 1653 419 1714 possidere
436 1669 526 1698 non
539 1654 689 1712 possit,
709 1668 847 1697 unum
863 1656 1002 1697 Deum
1017 1654 1143 1698 nobis
1161 1654 1353 1699 dividere
1366 1672 1456 1701 non

0 1725 10 1781 J
63 1733 221 1785 potest,
245 1724 376 1768 falsos
399 1723 502 1768 deos
525 1723 652 1767 nobis
669 1738 915 1782 supponere
933 1739 1022 1768 non
1036 1733 1194 1784 potest,
1219 1726 1349 1769 sentit
1365 1741 1455 1771 esse

0 1818 2 1822 v
63 1795 199 1839 vitam
213 1802 406 1838 nostram
421 1792 692 1848 charitatem,
710 1803 896 1838 mortem
910 1803 1104 1838 nostram
1119 1794 1428 1840 dissensionem
1443 1816 1451 1841 ι

0 1855 11 1870 ⁵
63 1866 160 1910 lites
182 1864 362 1909 immisit
382 1865 497 1908 inter
518 1864 806 1919 Christianos,
833 1865 934 1924 quia
956 1865 1117 1910 multos
1137 1865 1240 1911 deos
1263 1881 1353 1911 non
1375 1883 1454 1925 po-

64 1936 149 1979 tuit
170 1934 382 1979 fabricare
400 1934 652 1980 Christianis
671 1954 682 1991 ς
707 1943 842 1978 sectas
864 1933 1186 1993 multiplicavit,
1211 1950 1375 1980 errores
1392 1952 1453 1981 se·

10 2021 13 2034 ¹
65 2005 273 2059 minavit,
307 2005 491 2048 haereses
512 2005 716 2049 instituit.
745 2004 829 2049 Sed
851 2004 1069 2065 quidquid
1091 2003 1219 2060 fecit,
1250 2005 1305 2050 de
1330 2006 1453 2065 palea

12 2114 13 2118 ,
66 2075 284 2120 dominica
302 2073 420 2118 fecit.
439 2077 552 2118 Ecce
567 2074 773 2119 securitas
790 2075 916 2119 nobis
929 2083 1008 2130 est,
1024 2074 1125 2119 licet
1137 2075 1213 2120 illo
1230 2076 1449 2131 saeviente,

66 2145 169 2190 licet
182 2143 257 2188 illo
276 2144 525 2197 insidiante,
545 2152 588 2187 et
604 2143 887 2189 dissensiones
907 2145 1045 2190 varias
1063 2146 1176 2190 inter
1188 2146 1454 2191 Christianos

68 2216 307 2260 seminante
329 2234 338 2259 2
361 2215 396 2258 si
418 2217 557 2257 Deum
580 2223 776 2259 nostrum
799 2230 1098 2273 agnoscamus,
1125 2218 1158 2261 si
1179 2217 1452 2262 concorditer

0 2315 3 2326 ,-
68 2295 308 2337 teneamus,
334 2284 368 2327 si
390 2283 524 2327 fidem
545 2299 780 2339 servemus,
806 2286 946 2328 securi
967 2301 1130 2331 sumus.
1153 2290 1342 2342 Fratres,
1360 2287 1451 2331 fru-

0 2375 3 2398 ι
69 2365 268 2400 mentum
296 2354 350 2397 de
373 2370 468 2398 area
493 2365 567 2399 aut
589 2371 678 2399 non
701 2355 863 2399 recedit
879 2390 889 2410 ,
915 2365 990 2400 aut
1016 2357 1128 2401 redit
1148 2377 1156 2401 :
1185 2358 1350 2416 aliquid
1371 2373 1450 2416 pa-

70 2427 236 2471 learum
259 2424 401 2468 aufert
421 2436 576 2470 ventus
605 2427 878 2481 tentationis,
913 2427 1030 2471 unde
1062 2428 1185 2472 nobis
1212 2429 1340 2473 faciat
1361 2444 1451 2473 non

15 2523 17 2531 ι
72 2497 185 2541 viam
209 2495 479 2555 perditionis,
503 2496 579 2541 sed
611 2511 720 2556 opus
742 2497 1070 2543 exercitationis.
1104 2500 1322 2551 Quantam
1350 2513 1452 2544 vero

211 2577 397 2607 cxxxiv.
1220 2571 1269 2608 13
