1729 3143
592 217 645 244 DE
676 217 843 255 Gummi,
879 219 960 245 Lm.
997 219 1026 244 1.
1416 207 1499 248 445

120 281 350 326 declinatio
373 297 396 325 a
417 282 648 341 juventute
670 284 726 327 ad
746 292 1014 328 senectutem
1030 318 1041 338 ‚
1066 282 1263 328 nondum
1285 293 1497 339 senectus,

119 351 192 396 sed
202 353 291 412 jam
306 367 393 397 non
405 353 611 412 juventus
629 372 638 398 :
659 369 757 414 quae
779 354 955 398 senioris
971 363 1074 398 aetas
1088 363 1193 410 ‚sest
1209 370 1341 415 quem
1362 355 1502 400 Graeci

119 429 292 475 πρεσὲύτης
319 433 489 467 vocant.
528 426 638 470 Nam
672 439 800 468 senex
837 424 955 482 apud
992 440 1062 469 eos
1101 441 1189 470 non
1223 432 1396 479 πρεσεύτην
1428 425 1503 470 sed

118 501 214 545 γέρων
244 492 416 537 dicitur.
458 496 514 538 Et
546 509 691 539 revera
713 494 773 538 sic
799 495 878 538 ista
905 504 1006 539 aetas
1034 511 1058 540 a
1087 496 1208 554 regni
1244 496 1400 541 robore
1436 497 1502 540 ἰη-

118 561 276 608 clinata
293 572 336 608 et
353 563 487 608 fracta
507 575 571 610 est
583 566 626 609 in
644 564 807 625 populo
825 568 850 609 J
854 565 1080 611 udaeorum
1098 602 1109 622 ‚
1132 567 1504 627 quemadmodum

118 632 250 677 homo
273 649 296 677 a
309 634 541 693 juventute
563 636 613 680 fit
635 635 791 680 senior.
818 638 874 680 Et
896 636 1009 680 bene
1030 647 1307 696 comparatur
1329 637 1391 682 illi
1419 637 1505 682 diei

117 704 301 763 quinto,
342 720 428 764 quo
464 706 580 750 facta
613 715 714 750 sunt
746 706 791 750 in
829 707 951 766 aquis
988 707 1189 751 animalia
1208 743 1218 763 ‚
1250 718 1293 752 et
1312 709 1505 753 volatilia

118 773 243 829 coeli,
279 782 562 834 posteaquam
588 774 653 819 illi
680 776 876 820 homines
905 777 1019 821 inter
1053 787 1200 835 gentes
1222 787 1431 839 tanquam
1458 779 1505 823 in

117 845 225 888 mari
247 845 390 890 vivere
411 856 666 906 coeperunt,
692 856 735 892 et
762 847 924 892 habere
944 848 1153 892 incertam
1182 848 1327 893 sedem
1350 859 1393 893 et
1413 850 1504 894 ins-

118 915 296 960 tabilem
313 951 324 972 ‚
350 916 462 961 sicut
486 917 680 962 volantes
712 933 825 959 aves.
868 919 952 959 Sed
985 918 1112 973 plane
1133 929 1255 963 erant
1282 920 1343 962 ibi
1375 920 1505 963 etiam

117 987 199 1030 ceti
228 988 373 1043 magni
391 1020 401 1039 ‚
426 985 474 1028 id
498 994 586 1039 est,
611 984 674 1028 illi
701 985 847 1043 magni
878 985 1075 1030 homines
1102 987 1178 1046 qui
1204 990 1340 1047 magis
1368 989 1506 1034 domi-

117 1055 210 1099 nari
232 1054 439 1099 fluctibus
461 1055 608 1100 saeculi
626 1090 637 1111 ,
663 1071 796 1115 quam
817 1056 975 1100 servire
998 1056 1042 1099 in
1063 1056 1137 1101 illa
1159 1058 1408 1116 captivitate
1426 1075 1506 1119 po-

117 1134 313 1170 tuerunt.
349 1128 445 1170 Non
474 1125 591 1169 enim
621 1124 676 1169 ad
709 1125 877 1170 cultum
910 1125 1125 1171 idolorum
1163 1127 1310 1188 aliquo
1342 1138 1505 1175 terrore

118 1195 340 1254 depravati
362 1204 478 1239 sunt.
506 1195 591 1239 Ubi
608 1211 709 1239 sane
730 1196 1166 1241 animadvertendum
1182 1208 1272 1251 est,
1298 1200 1417 1257 quod
1433 1200 1507 1244 be-

117 1265 280 1311 nedixit
311 1269 424 1310 Deus
449 1266 522 1310 illa
544 1265 745 1310 animalia
763 1266 910 1310 dicens
932 1285 941 1311 ;
973 1286 993 1308 «
1014 1268 1201 1311 Crescite
1224 1277 1267 1312 et
1288 1269 1504 1329 multipli-

120 1354 140 1378 »
159 1335 335 1390 camini,
347 1345 389 1379 et
401 1335 577 1395 implete
592 1352 724 1396 aquas
738 1337 881 1391 maris,
894 1346 936 1381 et
951 1337 1142 1382 volatilia
1157 1338 1504 1398 multiplicentur

126 1428 142 1449 »
161 1422 290 1467 super
311 1416 470 1451 terram
486 1410 515 1452 1.
546 1426 565 1448 »
591 1408 702 1461 Quia
725 1423 869 1452 revera
896 1423 1000 1467 gens
1022 1411 1046 1453 J
1054 1408 1281 1454 udaeorum
1298 1445 1308 1465 ‚
1331 1425 1383 1454 ex
1415 1428 1504 1471 quo

120 1477 309 1538 dispersa
325 1487 388 1522 est
405 1493 481 1537 per
505 1487 670 1538 gentes,
696 1477 822 1523 valde
836 1477 1123 1538 multiplicata
1143 1490 1220 1526 est.
1239 1483 1378 1541 Hujus
1391 1483 1500 1536 diei,

120 1549 203 1593 hoc
217 1558 280 1593 est
300 1584 311 1603 ‚
335 1549 464 1608 hujus
486 1550 624 1594 aetatis
646 1549 766 1608 quasi
793 1564 967 1608 vespera
991 1559 1054 1593 est
1076 1550 1381 1610 multiplicatio
1405 1569 1505 1612 pcc-

120 1630 316 1664 catorum
332 1620 375 1664 in
392 1620 556 1679 populo
575 1620 856 1678 Judaeorum3
880 1620 980 1680 quia
1003 1620 1062 1665 sic
1083 1623 1282 1666 exeaecati
1301 1632 1403 1667 sunt
1418 1659 1428 1679 ‚
1455 1634 1504 1669 ut

121 1692 250 1735 etiam
272 1691 506 1736 Dominum
533 1694 680 1736 Jesum
702 1692 923 1737 Christum
946 1707 1035 1738 non
1058 1703 1230 1751 possent
1254 1709 1498 1753 agnoscere.

179 1765 272 1806 XL.
297 1765 426 1806 Mane
448 1771 593 1806 autem
611 1763 661 1806 fit
681 1777 731 1805 ex
751 1761 1059 1821 praedicatione
1081 1755 1305 1822 Evangelii
1325 1780 1401 1824 per
1418 1769 1504 1810 Do-

120 1833 289 1877 minum
310 1842 507 1877 nostrum
521 1835 669 1878 Jesum
687 1833 909 1878 Christum
926 1869 937 1890 ,
962 1843 1005 1879 et
1021 1835 1171 1879 finitur
1186 1834 1276 1880 dies
1293 1837 1472 1896 quintus
1491 1856 1499 1882 :

122 1904 129 1910 '
168 1904 274 1962 cipit
305 1912 446 1947 sextus
463 1938 473 1958 ‚
499 1903 545 1946 in
576 1919 664 1962 quo
694 1912 892 1948 senectus
919 1905 1075 1948 veteris
1097 1905 1284 1950 hominis
1306 1917 1499 1966 apparet.

89 1919 212 2046 &ac
242 1975 357 2017 enim
381 1982 508 2018 aetate
535 1973 644 2017 illud
674 1973 843 2017 carnale
865 1989 1048 2032 regnum
1073 1976 1354 2033 vehementer
1382 1979 1504 2022 attri-

120 2032 213 2089 sffin
233 2054 316 2099 est,
337 2043 513 2104 quando
530 2045 798 2103 ethtemplum
811 2045 1029 2106 dejectum
1045 2033 1184 2163 εὲξῑ
1196 2047 1402 2094 sacrificia
1414 2050 1505 2108 ipsa

119 2125 421 2173 cessaverunt3
448 2125 490 2159 et
507 2131 625 2160 nuuc
643 2131 691 2160 ea
715 2131 834 2175 gens,
860 2127 1073 2177 quantum
1092 2135 1114 2163 a
1169 2120 1289 2178 regni
1308 2119 1373 2163 sui
1395 2120 1505 2164 vires

120 2187 275 2232 attinet
293 2222 303 2241 ‚
330 2187 452 2246 quasi
469 2195 703 2230 extremam
724 2187 857 2231 vitam
877 2188 1021 2233 trahit.
1045 2192 1096 2233 In
1115 2190 1196 2234 ista
1213 2199 1358 2234 tamen
1377 2200 1504 2235 aetate

123 2266 328 2317 tanquam
353 2258 399 2301 in
421 2266 642 2301 senectute
669 2258 823 2301 veteris
845 2258 1057 2314 hominis,
1082 2261 1214 2305 horno
1243 2277 1380 2307 novus
1404 2278 1502 2306 nas-

119 2328 261 2382 citur,
296 2329 372 2388 qui
401 2329 490 2387 jam
521 2327 768 2387 spiritaliter
790 2329 910 2373 vivit.
944 2332 1213 2387 Sextaaenim
1245 2331 1315 2376 die
1337 2332 1502 2377 dictum

120 2408 211 2443 erat
275 2418 293 2440 «
324 2399 540 2443 Producat
564 2408 675 2442 terra
700 2400 885 2443 animam
908 2397 1119 2477 vivam—‚J
1135 2405 1243 2447 Nam
1261 2404 1415 2462 quinto
1432 2402 1502 2446 die

122 2459 402 2514 dictuffi‘ei‘at
430 2489 438 2513 ;
469 2489 487 2512 «.
516 2469 762 2514 Producant
783 2486 907 2531 aquae
931 2506 941 2525 ⁷
979 2487 1066 2517 uon
1103 2473 1289 2519 animam
1328 2475 1467 2519 vivam
1486 2509 1497 2529 ,

166 2558 315 2597 'Gen.1‚
334 2560 386 2589 28.
