<?xml version="1.0" encoding="UTF-8"?>
<!DOCTYPE html PUBLIC "-//W3C//DTD XHTML 1.0 Transitional//EN"
    "http://www.w3.org/TR/xhtml1/DTD/xhtml1-transitional.dtd">
<html xmlns="http://www.w3.org/1999/xhtml" xml:lang="en" lang="en">
 <head>
  <title>
</title>
<meta http-equiv="Content-Type" content="text/html;charset=utf-8" />
  <meta name='ocr-system' content='tesseract 3.04.00' />
  <meta name='ocr-capabilities' content='ocr_page ocr_carea ocr_par ocr_line ocrx_word'/>
</head>
<body>
  <div class='ocr_page' id='page_1' title='image "./operaomniaaccura27auguuoft/operaomniaaccura27auguuoft_0160.png"; bbox 0 0 1729 3143; ppageno 0'>
   <div class='ocr_carea' id='block_1_1' title="bbox 199 166 1409 208">
    <p class='ocr_par' dir='ltr' id='par_1_1' title="bbox 199 166 1409 208">
     <span class='ocr_line' id='line_1_1' title="bbox 199 166 1409 208; baseline -0.002 -4"><span class='ocrx_word' id='word_1_1' title='bbox 199 166 281 204; x_wconf 88' lang='lat'>150</span> <span class='ocrx_word' id='word_1_2' title='bbox 430 174 463 204; x_wconf 91' lang='lat' dir='ltr'>s.</span> <span class='ocrx_word' id='word_1_3' title='bbox 501 175 732 203; x_wconf 69' lang='lat' dir='ltr'>Aveusnm</span> <span class='ocrx_word' id='word_1_4' title='bbox 764 173 946 200; x_wconf 71' lang='lat' dir='ltr'>Enscom</span> <span class='ocrx_word' id='word_1_5' title='bbox 980 172 1034 199; x_wconf 88' lang='lat' dir='ltr'>DE</span> <span class='ocrx_word' id='word_1_6' title='bbox 1066 171 1235 208; x_wconf 73' lang='lat' dir='ltr'><strong>QUARTA</strong></span> <span class='ocrx_word' id='word_1_7' title='bbox 1269 171 1409 201; x_wconf 65' lang='lat' dir='ltr'>fnum.</span> 
     </span>
    </p>
   </div>
   <div class='ocr_carea' id='block_1_2' title="bbox 127 236 1592 1003">
    <p class='ocr_par' dir='ltr' id='par_1_2' title="bbox 127 236 1592 1003">
     <span class='ocr_line' id='line_1_2' title="bbox 195 236 1582 289; baseline -0.001 -4"><span class='ocrx_word' id='word_1_8' title='bbox 195 241 374 285; x_wconf 82' lang='lat' dir='ltr'>donavit</span> <span class='ocrx_word' id='word_1_9' title='bbox 397 239 450 283; x_wconf 82' lang='lat' dir='ltr'>de</span> <span class='ocrx_word' id='word_1_10' title='bbox 480 237 812 283; x_wconf 82' lang='lat' dir='ltr'>annuntiatione</span> <span class='ocrx_word' id='word_1_11' title='bbox 841 236 963 281; x_wconf 85' lang='lat' dir='ltr'>verbi</span> <span class='ocrx_word' id='word_1_12' title='bbox 992 236 1082 280; x_wconf 85' lang='lat' dir='ltr'>Dei.</span> <span class='ocrx_word' id='word_1_13' title='bbox 1109 236 1227 289; x_wconf 84' lang='lat' dir='ltr'>Quid</span> <span class='ocrx_word' id='word_1_14' title='bbox 1248 239 1442 283; x_wconf 90' lang='lat' dir='ltr'>Christus</span> <span class='ocrx_word' id='word_1_15' title='bbox 1464 239 1518 282; x_wconf 88' lang='lat' dir='ltr'>sit</span> <span class='ocrx_word' id='word_1_16' title='bbox 1538 247 1582 284; x_wconf 90' lang='lat' dir='ltr'>et</span> 
     </span>
     <span class='ocr_line' id='line_1_3' title="bbox 196 306 1582 371; baseline -0.001 -17"><span class='ocrx_word' id='word_1_17' title='bbox 196 310 303 371; x_wconf 80' lang='lat' dir='ltr'>quid</span> <span class='ocrx_word' id='word_1_18' title='bbox 331 310 520 354; x_wconf 74' lang='lat' dir='ltr'>Ecclesia</span> <span class='ocrx_word' id='word_1_19' title='bbox 543 306 722 351; x_wconf 79' lang='lat' dir='ltr'>audistis</span> <span class='ocrx_word' id='word_1_20' title='bbox 739 342 749 362; x_wconf 82' lang='lat'>,</span> <span class='ocrx_word' id='word_1_21' title='bbox 775 307 1068 366; x_wconf 70' lang='lat' dir='ltr'>approbastis,</span> <span class='ocrx_word' id='word_1_22' title='bbox 1093 306 1307 352; x_wconf 83' lang='lat' dir='ltr'>clamastis</span> <span class='ocrx_word' id='word_1_23' title='bbox 1327 327 1336 352; x_wconf 75' lang='grc' dir='ltr'>ε</span> <span class='ocrx_word' id='word_1_24' title='bbox 1358 309 1432 353; x_wconf 90' lang='lat' dir='ltr'>sed</span> <span class='ocrx_word' id='word_1_25' title='bbox 1447 324 1582 369; x_wconf 84' lang='lat' dir='ltr'>quare</span> 
     </span>
     <span class='ocr_line' id='line_1_4' title="bbox 194 377 1583 438; baseline -0.001 -12"><span class='ocrx_word' id='word_1_26' title='bbox 194 391 315 427; x_wconf 88' lang='lat' dir='ltr'>tanta</span> <span class='ocrx_word' id='word_1_27' title='bbox 343 380 456 424; x_wconf 88' lang='lat' dir='ltr'>mala</span> <span class='ocrx_word' id='word_1_28' title='bbox 488 379 727 437; x_wconf 85' lang='lat' dir='ltr'>patiamur,</span> <span class='ocrx_word' id='word_1_29' title='bbox 751 377 823 423; x_wconf 88' lang='lat' dir='ltr'>vel</span> <span class='ocrx_word' id='word_1_30' title='bbox 852 378 1012 438; x_wconf 87' lang='lat' dir='ltr'>quibus</span> <span class='ocrx_word' id='word_1_31' title='bbox 1041 378 1205 422; x_wconf 82' lang='lat' dir='ltr'>meritis</span> <span class='ocrx_word' id='word_1_32' title='bbox 1239 388 1516 438; x_wconf 76' lang='lat' dir='ltr'>peccatorum</span> <span class='ocrx_word' id='word_1_33' title='bbox 1537 381 1583 425; x_wconf 91' lang='lat' dir='ltr'>in</span> 
     </span>
     <span class='ocr_line' id='line_1_5' title="bbox 194 447 1585 509; baseline -0.001 -13"><span class='ocrx_word' id='word_1_34' title='bbox 194 467 349 496; x_wconf 89' lang='lat' dir='ltr'>manus</span> <span class='ocrx_word' id='word_1_35' title='bbox 370 448 678 492; x_wconf 83' lang='lat' dir='ltr'>tribulantium</span> <span class='ocrx_word' id='word_1_36' title='bbox 701 464 780 493; x_wconf 91' lang='lat' dir='ltr'>nos</span> <span class='ocrx_word' id='word_1_37' title='bbox 803 447 952 493; x_wconf 83' lang='lat' dir='ltr'>traditi</span> <span class='ocrx_word' id='word_1_38' title='bbox 973 448 1203 504; x_wconf 76' lang='lat' dir='ltr'>fuerimus,</span> <span class='ocrx_word' id='word_1_39' title='bbox 1229 464 1331 493; x_wconf 90' lang='lat' dir='ltr'>cum</span> <span class='ocrx_word' id='word_1_40' title='bbox 1353 458 1454 493; x_wconf 88' lang='lat' dir='ltr'>ante</span> <span class='ocrx_word' id='word_1_41' title='bbox 1474 465 1585 509; x_wconf 88' lang='lat' dir='ltr'>pau-</span> 
     </span>
     <span class='ocr_line' id='line_1_6' title="bbox 193 517 1584 578; baseline -0.001 -13"><span class='ocrx_word' id='word_1_42' title='bbox 193 522 382 566; x_wconf 87' lang='lat' dir='ltr'>cissimos</span> <span class='ocrx_word' id='word_1_43' title='bbox 404 518 494 561; x_wconf 84' lang='lat' dir='ltr'>dies</span> <span class='ocrx_word' id='word_1_44' title='bbox 511 517 832 578; x_wconf 83' lang='lat' dir='ltr'>loqueremur1‚</span> <span class='ocrx_word' id='word_1_45' title='bbox 857 517 987 562; x_wconf 90' lang='lat' dir='ltr'>simul</span> <span class='ocrx_word' id='word_1_46' title='bbox 1007 520 1284 578; x_wconf 80' lang='lat' dir='ltr'>agnovimus,</span> <span class='ocrx_word' id='word_1_47' title='bbox 1309 520 1440 564; x_wconf 87' lang='lat' dir='ltr'>simul</span> <span class='ocrx_word' id='word_1_48' title='bbox 1458 519 1584 565; x_wconf 83' lang='lat' dir='ltr'>flevi-</span> 
     </span>
     <span class='ocr_line' id='line_1_7' title="bbox 191 589 1583 651; baseline -0.001 -15"><span class='ocrx_word' id='word_1_49' title='bbox 191 606 303 636; x_wconf 91' lang='lat' dir='ltr'>mus.</span> <span class='ocrx_word' id='word_1_50' title='bbox 338 592 463 636; x_wconf 91' lang='lat' dir='ltr'>Nunc</span> <span class='ocrx_word' id='word_1_51' title='bbox 493 589 624 633; x_wconf 88' lang='lat' dir='ltr'>etiam</span> <span class='ocrx_word' id='word_1_52' title='bbox 656 590 768 649; x_wconf 89' lang='lat' dir='ltr'>quid</span> <span class='ocrx_word' id='word_1_53' title='bbox 801 590 1022 649; x_wconf 86' lang='lat' dir='ltr'>accepturi</span> <span class='ocrx_word' id='word_1_54' title='bbox 1048 591 1173 647; x_wconf 81' lang='lat' dir='ltr'>estis,</span> <span class='ocrx_word' id='word_1_55' title='bbox 1206 591 1278 636; x_wconf 91' lang='lat' dir='ltr'>vel</span> <span class='ocrx_word' id='word_1_56' title='bbox 1309 592 1416 651; x_wconf 83' lang='lat' dir='ltr'>quid</span> <span class='ocrx_word' id='word_1_57' title='bbox 1440 591 1583 648; x_wconf 89' lang='lat' dir='ltr'>eritis,</span> 
     </span>
     <span class='ocr_line' id='line_1_8' title="bbox 191 660 1585 721; baseline 0.001 -16"><span class='ocrx_word' id='word_1_58' title='bbox 191 661 337 705; x_wconf 90' lang='lat' dir='ltr'>adhuc</span> <span class='ocrx_word' id='word_1_59' title='bbox 359 661 406 704; x_wconf 91' lang='lat' dir='ltr'>in</span> <span class='ocrx_word' id='word_1_60' title='bbox 429 660 607 705; x_wconf 88' lang='lat' dir='ltr'>auribus</span> <span class='ocrx_word' id='word_1_61' title='bbox 620 661 771 706; x_wconf 88' lang='lat' dir='ltr'>vestris</span> <span class='ocrx_word' id='word_1_62' title='bbox 786 661 957 706; x_wconf 90' lang='lat' dir='ltr'>insonat</span> <span class='ocrx_word' id='word_1_63' title='bbox 971 662 1174 721; x_wconf 87' lang='lat' dir='ltr'>strepitus</span> <span class='ocrx_word' id='word_1_64' title='bbox 1187 672 1345 707; x_wconf 85' lang='lat' dir='ltr'>nostrae</span> <span class='ocrx_word' id='word_1_65' title='bbox 1356 663 1473 707; x_wconf 89' lang='lat' dir='ltr'>vocis</span> <span class='ocrx_word' id='word_1_66' title='bbox 1489 681 1497 706; x_wconf 93' lang='lat'><strong>:</strong></span> <span class='ocrx_word' id='word_1_67' title='bbox 1514 663 1585 707; x_wconf 86' lang='lat' dir='ltr'>ad·</span> 
     </span>
     <span class='ocr_line' id='line_1_9' title="bbox 189 729 1590 792; baseline 0.001 -17"><span class='ocrx_word' id='word_1_68' title='bbox 189 746 420 775; x_wconf 86' lang='lat' dir='ltr'>monemus</span> <span class='ocrx_word' id='word_1_69' title='bbox 440 745 518 776; x_wconf 84' lang='lat' dir='ltr'>vos</span> <span class='ocrx_word' id='word_1_70' title='bbox 538 739 589 775; x_wconf 84' lang='lat' dir='ltr'>ut</span> <span class='ocrx_word' id='word_1_71' title='bbox 606 729 761 775; x_wconf 88' lang='lat' dir='ltr'>fratres</span> <span class='ocrx_word' id='word_1_72' title='bbox 773 766 785 787; x_wconf 88' lang='lat'>,</span> <span class='ocrx_word' id='word_1_73' title='bbox 806 731 1082 776; x_wconf 83' lang='lat' dir='ltr'>obsecramus</span> <span class='ocrx_word' id='word_1_74' title='bbox 1100 741 1150 776; x_wconf 92' lang='lat' dir='ltr'>ut</span> <span class='ocrx_word' id='word_1_75' title='bbox 1166 741 1308 792; x_wconf 89' lang='lat' dir='ltr'>patres</span> <span class='ocrx_word' id='word_1_76' title='bbox 1325 766 1336 787; x_wconf 91' lang='lat'>,</span> <span class='ocrx_word' id='word_1_77' title='bbox 1361 733 1590 776; x_wconf 83' lang='lat' dir='ltr'>hortamur</span> 
     </span>
     <span class='ocr_line' id='line_1_10' title="bbox 127 800 1590 861; baseline 0 -16"><span class='ocrx_word' id='word_1_78' title='bbox 127 850 129 852; x_wconf 77' lang='lat'>.</span> <span class='ocrx_word' id='word_1_79' title='bbox 186 809 237 845; x_wconf 87' lang='lat' dir='ltr'>ut</span> <span class='ocrx_word' id='word_1_80' title='bbox 258 800 387 845; x_wconf 91' lang='lat' dir='ltr'>filios.</span> <span class='ocrx_word' id='word_1_81' title='bbox 413 800 557 847; x_wconf 86' lang='lat' dir='ltr'>Nolite</span> <span class='ocrx_word' id='word_1_82' title='bbox 578 800 763 861; x_wconf 89' lang='lat' dir='ltr'>perdere</span> <span class='ocrx_word' id='word_1_83' title='bbox 782 810 958 846; x_wconf 88' lang='lat' dir='ltr'>tantum</span> <span class='ocrx_word' id='word_1_84' title='bbox 979 802 1166 846; x_wconf 87' lang='lat' dir='ltr'>bonum.</span> <span class='ocrx_word' id='word_1_85' title='bbox 1198 804 1334 846; x_wconf 89' lang='lat' dir='ltr'>Amor</span> <span class='ocrx_word' id='word_1_86' title='bbox 1362 801 1524 847; x_wconf 89' lang='lat' dir='ltr'>Christi</span> <span class='ocrx_word' id='word_1_87' title='bbox 1544 801 1590 845; x_wconf 90' lang='lat' dir='ltr'>in</span> 
     </span>
     <span class='ocr_line' id='line_1_11' title="bbox 187 871 1592 932; baseline 0.001 -17"><span class='ocrx_word' id='word_1_88' title='bbox 187 871 393 916; x_wconf 89' lang='lat' dir='ltr'>cordibus</span> <span class='ocrx_word' id='word_1_89' title='bbox 417 872 569 916; x_wconf 88' lang='lat' dir='ltr'>vestris</span> <span class='ocrx_word' id='word_1_90' title='bbox 591 888 683 917; x_wconf 91' lang='lat' dir='ltr'>non</span> <span class='ocrx_word' id='word_1_91' title='bbox 702 872 955 932; x_wconf 83' lang='lat' dir='ltr'>refrigescat</span> <span class='ocrx_word' id='word_1_92' title='bbox 982 891 992 917; x_wconf 76' lang='lat'>2</span> <span class='ocrx_word' id='word_1_93' title='bbox 1017 888 1138 917; x_wconf 85' lang='lat' dir='ltr'>amor</span> <span class='ocrx_word' id='word_1_94' title='bbox 1153 872 1302 917; x_wconf 88' lang='lat' dir='ltr'>matris</span> <span class='ocrx_word' id='word_1_95' title='bbox 1325 873 1456 932; x_wconf 86' lang='lat' dir='ltr'>hujus</span> <span class='ocrx_word' id='word_1_96' title='bbox 1478 872 1592 916; x_wconf 87' lang='lat' dir='ltr'>circa</span> 
     </span>
     <span class='ocr_line' id='line_1_12' title="bbox 187 943 1590 1003; baseline 0 -18"><span class='ocrx_word' id='word_1_97' title='bbox 187 956 264 986; x_wconf 86' lang='lat' dir='ltr'>vos</span> <span class='ocrx_word' id='word_1_98' title='bbox 286 957 376 986; x_wconf 92' lang='lat' dir='ltr'>non</span> <span class='ocrx_word' id='word_1_99' title='bbox 394 951 613 1002; x_wconf 84' lang='lat' dir='ltr'>torpescat</span> <span class='ocrx_word' id='word_1_100' title='bbox 635 962 644 988; x_wconf 90' lang='lat'>:</span> <span class='ocrx_word' id='word_1_101' title='bbox 669 958 769 1003; x_wconf 89' lang='lat' dir='ltr'>quae</span> <span class='ocrx_word' id='word_1_102' title='bbox 786 958 862 987; x_wconf 91' lang='lat' dir='ltr'>vos</span> <span class='ocrx_word' id='word_1_103' title='bbox 880 943 1084 1003; x_wconf 85' lang='lat' dir='ltr'>parturit,</span> <span class='ocrx_word' id='word_1_104' title='bbox 1099 959 1200 1003; x_wconf 88' lang='lat' dir='ltr'>quae</span> <span class='ocrx_word' id='word_1_105' title='bbox 1219 957 1370 987; x_wconf 89' lang='lat' dir='ltr'>curam</span> <span class='ocrx_word' id='word_1_106' title='bbox 1387 955 1590 999; x_wconf 86' lang='lat' dir='ltr'>magnam</span> 
     </span>
    </p>
   </div>
   <div class='ocr_carea' id='block_1_3' title="bbox 187 1011 1594 1141">
    <p class='ocr_par' dir='ltr' id='par_1_3' title="bbox 187 1011 1594 1141">
     <span class='ocr_line' id='line_1_13' title="bbox 187 1011 1589 1070; baseline 0.001 -16"><span class='ocrx_word' id='word_1_107' title='bbox 187 1026 268 1070; x_wconf 93' lang='lat' dir='ltr'>pro</span> <span class='ocrx_word' id='word_1_108' title='bbox 291 1011 430 1055; x_wconf 88' lang='lat' dir='ltr'>salute</span> <span class='ocrx_word' id='word_1_109' title='bbox 452 1021 608 1056; x_wconf 84' lang='lat' dir='ltr'>vestrae</span> <span class='ocrx_word' id='word_1_110' title='bbox 626 1013 783 1061; x_wconf 83' lang='lat' dir='ltr'>animae</span> <span class='ocrx_word' id='word_1_111' title='bbox 801 1013 934 1064; x_wconf 77' lang='lat' dir='ltr'>gerit,</span> <span class='ocrx_word' id='word_1_112' title='bbox 955 1029 1055 1066; x_wconf 84' lang='lat' dir='ltr'>quae</span> <span class='ocrx_word' id='word_1_113' title='bbox 1076 1028 1198 1066; x_wconf 84' lang='lat' dir='ltr'>spem</span> <span class='ocrx_word' id='word_1_114' title='bbox 1215 1021 1404 1054; x_wconf 84' lang='lat' dir='ltr'>vestram</span> <span class='ocrx_word' id='word_1_115' title='bbox 1426 1011 1589 1068; x_wconf 83' lang='lat' dir='ltr'>dirigit,</span> 
     </span>
     <span class='ocr_line' id='line_1_14' title="bbox 188 1075 1594 1141; baseline 0.001 -17"><span class='ocrx_word' id='word_1_116' title='bbox 188 1096 289 1141; x_wconf 87' lang='lat' dir='ltr'>quae</span> <span class='ocrx_word' id='word_1_117' title='bbox 309 1076 509 1138; x_wconf 86' lang='lat' dir='ltr'>quotidie</span> <span class='ocrx_word' id='word_1_118' title='bbox 530 1075 767 1120; x_wconf 90' lang='lat' dir='ltr'>redeuntes</span> <span class='ocrx_word' id='word_1_119' title='bbox 792 1085 993 1121; x_wconf 86' lang='lat' dir='ltr'>materno</span> <span class='ocrx_word' id='word_1_120' title='bbox 1018 1077 1115 1122; x_wconf 90' lang='lat' dir='ltr'>sinu</span> <span class='ocrx_word' id='word_1_121' title='bbox 1137 1079 1297 1138; x_wconf 85' lang='lat' dir='ltr'>excipit</span> <span class='ocrx_word' id='word_1_122' title='bbox 1312 1113 1324 1134; x_wconf 86' lang='lat'>‚</span> <span class='ocrx_word' id='word_1_123' title='bbox 1348 1095 1447 1139; x_wconf 85' lang='lat' dir='ltr'>quae</span> <span class='ocrx_word' id='word_1_124' title='bbox 1468 1081 1594 1125; x_wconf 88' lang='lat' dir='ltr'>vobis</span> 
     </span>
    </p>
   </div>
   <div class='ocr_carea' id='block_1_4' title="bbox 187 1146 1597 2176">
    <p class='ocr_par' dir='ltr' id='par_1_4' title="bbox 187 1146 1597 2176">
     <span class='ocr_line' id='line_1_15' title="bbox 188 1146 1595 1210; baseline 0 -16"><span class='ocrx_word' id='word_1_125' title='bbox 188 1148 403 1210; x_wconf 85' lang='lat' dir='ltr'>spiritales</span> <span class='ocrx_word' id='word_1_126' title='bbox 434 1148 555 1192; x_wconf 89' lang='lat' dir='ltr'>cibos</span> <span class='ocrx_word' id='word_1_127' title='bbox 584 1156 827 1207; x_wconf 83' lang='lat' dir='ltr'>praeparat,</span> <span class='ocrx_word' id='word_1_128' title='bbox 861 1163 961 1207; x_wconf 86' lang='lat' dir='ltr'>quae</span> <span class='ocrx_word' id='word_1_129' title='bbox 993 1146 1048 1192; x_wconf 89' lang='lat' dir='ltr'>ad</span> <span class='ocrx_word' id='word_1_130' title='bbox 1078 1157 1288 1192; x_wconf 84' lang='lat' dir='ltr'>aeternam</span> <span class='ocrx_word' id='word_1_131' title='bbox 1322 1150 1595 1194; x_wconf 89' lang='lat' dir='ltr'>saturitatem</span> 
     </span>
     <span class='ocr_line' id='line_1_16' title="bbox 187 1216 1595 1281; baseline 0 -17"><span class='ocrx_word' id='word_1_132' title='bbox 187 1219 431 1281; x_wconf 88' lang='lat' dir='ltr'>perducere</span> <span class='ocrx_word' id='word_1_133' title='bbox 467 1216 700 1262; x_wconf 87' lang='lat' dir='ltr'>desiderat.</span> <span class='ocrx_word' id='word_1_134' title='bbox 739 1218 1046 1262; x_wconf 87' lang='lat' dir='ltr'>Immaculatos</span> <span class='ocrx_word' id='word_1_135' title='bbox 1085 1217 1197 1262; x_wconf 89' lang='lat' dir='ltr'>filios</span> <span class='ocrx_word' id='word_1_136' title='bbox 1228 1221 1318 1263; x_wconf 91' lang='lat' dir='ltr'>Deo</span> <span class='ocrx_word' id='word_1_137' title='bbox 1348 1220 1466 1263; x_wconf 88' lang='lat' dir='ltr'>Patri</span> <span class='ocrx_word' id='word_1_138' title='bbox 1498 1219 1595 1264; x_wconf 85' lang='lat' dir='ltr'>vult</span> 
     </span>
     <span class='ocr_line' id='line_1_17' title="bbox 191 1287 1594 1348; baseline -0.001 -13"><span class='ocrx_word' id='word_1_139' title='bbox 191 1289 437 1348; x_wconf 84' lang='lat' dir='ltr'>assignare,</span> <span class='ocrx_word' id='word_1_140' title='bbox 461 1302 572 1347; x_wconf 89' lang='lat' dir='ltr'>quos</span> <span class='ocrx_word' id='word_1_141' title='bbox 596 1296 717 1332; x_wconf 87' lang='lat' dir='ltr'>tanta</span> <span class='ocrx_word' id='word_1_142' title='bbox 741 1303 845 1332; x_wconf 88' lang='lat' dir='ltr'>cura</span> <span class='ocrx_word' id='word_1_143' title='bbox 873 1303 922 1331; x_wconf 92' lang='lat' dir='ltr'>ac</span> <span class='ocrx_word' id='word_1_144' title='bbox 950 1287 1244 1332; x_wconf 88' lang='lat' dir='ltr'>sollicitudine</span> <span class='ocrx_word' id='word_1_145' title='bbox 1275 1288 1480 1347; x_wconf 86' lang='lat' dir='ltr'>dignatur</span> <span class='ocrx_word' id='word_1_146' title='bbox 1507 1305 1594 1334; x_wconf 90' lang='lat' dir='ltr'>nu-</span> 
     </span>
     <span class='ocr_line' id='line_1_18' title="bbox 192 1357 1594 1412; baseline 0.001 -9"><span class='ocrx_word' id='word_1_147' title='bbox 192 1359 312 1404; x_wconf 87' lang='lat' dir='ltr'>trire.</span> <span class='ocrx_word' id='word_1_148' title='bbox 348 1360 472 1402; x_wconf 88' lang='lat' dir='ltr'>Hanc</span> <span class='ocrx_word' id='word_1_149' title='bbox 504 1366 598 1402; x_wconf 88' lang='lat' dir='ltr'>toto</span> <span class='ocrx_word' id='word_1_150' title='bbox 627 1357 759 1401; x_wconf 88' lang='lat' dir='ltr'>corde</span> <span class='ocrx_word' id='word_1_151' title='bbox 797 1366 965 1412; x_wconf 85' lang='lat' dir='ltr'>amate,</span> <span class='ocrx_word' id='word_1_152' title='bbox 996 1358 1110 1401; x_wconf 88' lang='lat' dir='ltr'>hanc</span> <span class='ocrx_word' id='word_1_153' title='bbox 1144 1358 1332 1402; x_wconf 88' lang='lat' dir='ltr'>amando</span> <span class='ocrx_word' id='word_1_154' title='bbox 1364 1373 1594 1405; x_wconf 85' lang='lat' dir='ltr'>conservos</span> 
     </span>
     <span class='ocr_line' id='line_1_19' title="bbox 192 1425 1592 1489; baseline 0 -15"><span class='ocrx_word' id='word_1_155' title='bbox 192 1438 375 1484; x_wconf 87' lang='lat' dir='ltr'>vestros,</span> <span class='ocrx_word' id='word_1_156' title='bbox 395 1426 551 1472; x_wconf 89' lang='lat' dir='ltr'>fratres</span> <span class='ocrx_word' id='word_1_157' title='bbox 565 1436 745 1482; x_wconf 80' lang='lat' dir='ltr'>vestros,</span> <span class='ocrx_word' id='word_1_158' title='bbox 766 1428 845 1470; x_wconf 92' lang='lat' dir='ltr'>Dei</span> <span class='ocrx_word' id='word_1_159' title='bbox 865 1425 1084 1471; x_wconf 84' lang='lat' dir='ltr'>ministros</span> <span class='ocrx_word' id='word_1_160' title='bbox 1102 1442 1214 1485; x_wconf 72' lang='lat' dir='ltr'>puro</span> <span class='ocrx_word' id='word_1_161' title='bbox 1237 1443 1383 1473; x_wconf 90' lang='lat' dir='ltr'>amore</span> <span class='ocrx_word' id='word_1_162' title='bbox 1397 1428 1592 1489; x_wconf 85' lang='lat' dir='ltr'>diligite:</span> 
     </span>
     <span class='ocr_line' id='line_1_20' title="bbox 194 1496 1595 1559; baseline -0.001 -14"><span class='ocrx_word' id='word_1_163' title='bbox 194 1509 328 1559; x_wconf 85' lang='lat' dir='ltr'>atque</span> <span class='ocrx_word' id='word_1_164' title='bbox 356 1513 437 1557; x_wconf 92' lang='lat' dir='ltr'>pro</span> <span class='ocrx_word' id='word_1_165' title='bbox 465 1506 613 1542; x_wconf 90' lang='lat' dir='ltr'>nostra</span> <span class='ocrx_word' id='word_1_166' title='bbox 644 1496 847 1541; x_wconf 87' lang='lat' dir='ltr'>mercede</span> <span class='ocrx_word' id='word_1_167' title='bbox 869 1497 916 1541; x_wconf 92' lang='lat' dir='ltr'>in</span> <span class='ocrx_word' id='word_1_168' title='bbox 938 1496 1015 1542; x_wconf 92' lang='lat' dir='ltr'>illo</span> <span class='ocrx_word' id='word_1_169' title='bbox 1044 1498 1330 1543; x_wconf 89' lang='lat' dir='ltr'>sacratissimo</span> <span class='ocrx_word' id='word_1_170' title='bbox 1361 1498 1486 1544; x_wconf 84' lang='lat' dir='ltr'>fonte</span> <span class='ocrx_word' id='word_1_171' title='bbox 1515 1515 1595 1558; x_wconf 92' lang='lat' dir='ltr'>pro</span> 
     </span>
     <span class='ocr_line' id='line_1_21' title="bbox 192 1568 1596 1630; baseline -0.001 -15"><span class='ocrx_word' id='word_1_172' title='bbox 192 1569 320 1615; x_wconf 90' lang='lat' dir='ltr'>nobis</span> <span class='ocrx_word' id='word_1_173' title='bbox 342 1577 477 1614; x_wconf 87' lang='lat' dir='ltr'>orate.</span> <span class='ocrx_word' id='word_1_174' title='bbox 503 1569 635 1612; x_wconf 90' lang='lat' dir='ltr'>Orate</span> <span class='ocrx_word' id='word_1_175' title='bbox 659 1583 738 1627; x_wconf 91' lang='lat' dir='ltr'>pro</span> <span class='ocrx_word' id='word_1_176' title='bbox 761 1583 891 1627; x_wconf 84' lang='lat' dir='ltr'>pace,</span> <span class='ocrx_word' id='word_1_177' title='bbox 917 1577 1038 1612; x_wconf 91' lang='lat' dir='ltr'>orate</span> <span class='ocrx_word' id='word_1_178' title='bbox 1064 1584 1145 1628; x_wconf 88' lang='lat' dir='ltr'>pro</span> <span class='ocrx_word' id='word_1_179' title='bbox 1178 1568 1438 1614; x_wconf 89' lang='lat' dir='ltr'>liberatione</span> <span class='ocrx_word' id='word_1_180' title='bbox 1464 1571 1596 1630; x_wconf 88' lang='lat' dir='ltr'>hujus</span> 
     </span>
     <span class='ocr_line' id='line_1_22' title="bbox 194 1638 1596 1698; baseline 0 -14"><span class='ocrx_word' id='word_1_181' title='bbox 194 1650 321 1685; x_wconf 85' lang='lat' dir='ltr'>terrae</span> <span class='ocrx_word' id='word_1_182' title='bbox 344 1657 354 1683; x_wconf 87' lang='lat'>:</span> <span class='ocrx_word' id='word_1_183' title='bbox 379 1647 499 1682; x_wconf 89' lang='lat' dir='ltr'>orate</span> <span class='ocrx_word' id='word_1_184' title='bbox 529 1647 580 1682; x_wconf 92' lang='lat' dir='ltr'>ut</span> <span class='ocrx_word' id='word_1_185' title='bbox 608 1638 862 1682; x_wconf 88' lang='lat' dir='ltr'>misereatur</span> <span class='ocrx_word' id='word_1_186' title='bbox 884 1638 961 1698; x_wconf 88' lang='lat' dir='ltr'>qui</span> <span class='ocrx_word' id='word_1_187' title='bbox 985 1639 1102 1698; x_wconf 83' lang='lat' dir='ltr'>juste</span> <span class='ocrx_word' id='word_1_188' title='bbox 1131 1639 1400 1697; x_wconf 84' lang='lat' dir='ltr'>indignatur.</span> <span class='ocrx_word' id='word_1_189' title='bbox 1425 1640 1596 1686; x_wconf 90' lang='lat' dir='ltr'>Novelli</span> 
     </span>
     <span class='ocr_line' id='line_1_23' title="bbox 195 1709 1597 1768; baseline 0.001 -15"><span class='ocrx_word' id='word_1_190' title='bbox 195 1710 299 1764; x_wconf 87' lang='lat' dir='ltr'>filii,</span> <span class='ocrx_word' id='word_1_191' title='bbox 326 1709 434 1752; x_wconf 93' lang='lat' dir='ltr'>dum</span> <span class='ocrx_word' id='word_1_192' title='bbox 459 1709 504 1752; x_wconf 89' lang='lat' dir='ltr'>in</span> <span class='ocrx_word' id='word_1_193' title='bbox 525 1717 667 1753; x_wconf 87' lang='lat' dir='ltr'>vestra</span> <span class='ocrx_word' id='word_1_194' title='bbox 689 1717 836 1752; x_wconf 87' lang='lat' dir='ltr'>sancta</span> <span class='ocrx_word' id='word_1_195' title='bbox 866 1709 1092 1752; x_wconf 86' lang='lat' dir='ltr'>nativitate</span> <span class='ocrx_word' id='word_1_196' title='bbox 1114 1718 1237 1768; x_wconf 87' lang='lat' dir='ltr'>pater</span> <span class='ocrx_word' id='word_1_197' title='bbox 1270 1709 1436 1755; x_wconf 85' lang='lat' dir='ltr'>exultat</span> <span class='ocrx_word' id='word_1_198' title='bbox 1451 1745 1463 1762; x_wconf 92' lang='lat'>‚</span> <span class='ocrx_word' id='word_1_199' title='bbox 1499 1725 1597 1755; x_wconf 89' lang='lat' dir='ltr'>ves-</span> 
     </span>
     <span class='ocr_line' id='line_1_24' title="bbox 196 1779 1595 1839; baseline 0.001 -16"><span class='ocrx_word' id='word_1_200' title='bbox 196 1780 272 1824; x_wconf 90' lang='lat' dir='ltr'>tris</span> <span class='ocrx_word' id='word_1_201' title='bbox 290 1779 561 1823; x_wconf 89' lang='lat' dir='ltr'>orationibus</span> <span class='ocrx_word' id='word_1_202' title='bbox 577 1788 620 1822; x_wconf 90' lang='lat' dir='ltr'>et</span> <span class='ocrx_word' id='word_1_203' title='bbox 637 1779 813 1823; x_wconf 85' lang='lat' dir='ltr'>fletibus</span> <span class='ocrx_word' id='word_1_204' title='bbox 831 1779 1024 1837; x_wconf 82' lang='lat' dir='ltr'>mitigate</span> <span class='ocrx_word' id='word_1_205' title='bbox 1044 1780 1317 1834; x_wconf 87' lang='lat' dir='ltr'>irascentem,</span> <span class='ocrx_word' id='word_1_206' title='bbox 1344 1795 1475 1839; x_wconf 90' lang='lat' dir='ltr'>quem</span> <span class='ocrx_word' id='word_1_207' title='bbox 1498 1795 1595 1824; x_wconf 80' lang='lat' dir='ltr'>sen-</span> 
     </span>
     <span class='ocr_line' id='line_1_25' title="bbox 198 1849 1595 1909; baseline 0 -15"><span class='ocrx_word' id='word_1_208' title='bbox 198 1850 330 1894; x_wconf 88' lang='lat' dir='ltr'>simus</span> <span class='ocrx_word' id='word_1_209' title='bbox 358 1849 530 1894; x_wconf 88' lang='lat' dir='ltr'>fortiter</span> <span class='ocrx_word' id='word_1_210' title='bbox 551 1849 863 1894; x_wconf 88' lang='lat' dir='ltr'>vindicantem.</span> <span class='ocrx_word' id='word_1_211' title='bbox 891 1852 942 1893; x_wconf 89' lang='lat' dir='ltr'>In</span> <span class='ocrx_word' id='word_1_212' title='bbox 967 1865 1138 1893; x_wconf 90' lang='lat' dir='ltr'>summa</span> <span class='ocrx_word' id='word_1_213' title='bbox 1164 1858 1310 1894; x_wconf 84' lang='lat' dir='ltr'>autem</span> <span class='ocrx_word' id='word_1_214' title='bbox 1333 1850 1422 1905; x_wconf 86' lang='lat' dir='ltr'>rei,</span> <span class='ocrx_word' id='word_1_215' title='bbox 1453 1853 1595 1909; x_wconf 88' lang='lat' dir='ltr'>Apos-</span> 
     </span>
     <span class='ocr_line' id='line_1_26' title="bbox 199 1919 1597 1975; baseline 0.001 -11"><span class='ocrx_word' id='word_1_216' title='bbox 199 1919 392 1964; x_wconf 90' lang='lat' dir='ltr'>tolorum</span> <span class='ocrx_word' id='word_1_217' title='bbox 433 1931 683 1964; x_wconf 87' lang='lat' dir='ltr'>sanctorum</span> <span class='ocrx_word' id='word_1_218' title='bbox 719 1920 865 1965; x_wconf 87' lang='lat' dir='ltr'>verbis</span> <span class='ocrx_word' id='word_1_219' title='bbox 901 1928 1099 1975; x_wconf 88' lang='lat' dir='ltr'>utentes,</span> <span class='ocrx_word' id='word_1_220' title='bbox 1134 1919 1492 1964; x_wconf 88' lang='lat' dir='ltr'>commendamus</span> <span class='ocrx_word' id='word_1_221' title='bbox 1519 1935 1597 1965; x_wconf 84' lang='lat' dir='ltr'>vos</span> 
     </span>
     <span class='ocr_line' id='line_1_27' title="bbox 200 1989 1596 2050; baseline 0.001 -16"><span class='ocrx_word' id='word_1_222' title='bbox 200 1992 291 2034; x_wconf 94' lang='lat' dir='ltr'>Deo</span> <span class='ocrx_word' id='word_1_223' title='bbox 309 1990 355 2033; x_wconf 90' lang='lat' dir='ltr'>in</span> <span class='ocrx_word' id='word_1_224' title='bbox 377 1989 511 2034; x_wconf 92' lang='lat' dir='ltr'>verbo</span> <span class='ocrx_word' id='word_1_225' title='bbox 532 1991 679 2049; x_wconf 82' lang='lat' dir='ltr'>gratiae</span> <span class='ocrx_word' id='word_1_226' title='bbox 702 1991 791 2050; x_wconf 84' lang='lat' dir='ltr'>ejus</span> <span class='ocrx_word' id='word_1_227' title='bbox 809 2025 819 2044; x_wconf 94' lang='lat'>‚</span> <span class='ocrx_word' id='word_1_228' title='bbox 847 1990 922 2050; x_wconf 91' lang='lat' dir='ltr'>qui</span> <span class='ocrx_word' id='word_1_229' title='bbox 945 1999 1098 2049; x_wconf 90' lang='lat' dir='ltr'>potens</span> <span class='ocrx_word' id='word_1_230' title='bbox 1121 1998 1185 2034; x_wconf 88' lang='lat' dir='ltr'>est</span> <span class='ocrx_word' id='word_1_231' title='bbox 1206 1989 1426 2034; x_wconf 87' lang='lat' dir='ltr'>custodire</span> <span class='ocrx_word' id='word_1_232' title='bbox 1449 1991 1494 2034; x_wconf 91' lang='lat' dir='ltr'>in</span> <span class='ocrx_word' id='word_1_233' title='bbox 1515 2006 1596 2035; x_wconf 87' lang='lat' dir='ltr'>vo-</span> 
     </span>
     <span class='ocr_line' id='line_1_28' title="bbox 208 2059 1595 2120; baseline 0.004 -17"><span class='ocrx_word' id='word_1_234' title='bbox 208 2060 269 2103; x_wconf 81' lang='lat' dir='ltr'>bis</span> <span class='ocrx_word' id='word_1_235' title='bbox 291 2060 413 2120; x_wconf 87' lang='lat' dir='ltr'>quod</span> <span class='ocrx_word' id='word_1_236' title='bbox 439 2060 529 2120; x_wconf 87' lang='lat' dir='ltr'>ipse</span> <span class='ocrx_word' id='word_1_237' title='bbox 551 2059 771 2105; x_wconf 80' lang='lat' dir='ltr'>donavit2.</span> <span class='ocrx_word' id='word_1_238' title='bbox 798 2060 885 2120; x_wconf 91' lang='lat' dir='ltr'>Ipsi</span> <span class='ocrx_word' id='word_1_239' title='bbox 905 2060 1039 2119; x_wconf 83' lang='lat' dir='ltr'>gloria</span> <span class='ocrx_word' id='word_1_240' title='bbox 1061 2075 1162 2104; x_wconf 90' lang='lat' dir='ltr'>cum</span> <span class='ocrx_word' id='word_1_241' title='bbox 1186 2060 1351 2120; x_wconf 87' lang='lat' dir='ltr'>Spiritu</span> <span class='ocrx_word' id='word_1_242' title='bbox 1377 2069 1526 2107; x_wconf 87' lang='lat' dir='ltr'>sancto</span> <span class='ocrx_word' id='word_1_243' title='bbox 1548 2061 1595 2108; x_wconf 85' lang='lat' dir='ltr'>in</span> 
     </span>
     <span class='ocr_line' id='line_1_29' title="bbox 208 2130 912 2176; baseline -0.001 -1"><span class='ocrx_word' id='word_1_244' title='bbox 208 2132 251 2176; x_wconf 87' lang='lat' dir='ltr'>in</span> <span class='ocrx_word' id='word_1_245' title='bbox 265 2131 423 2175; x_wconf 87' lang='lat' dir='ltr'>saecula</span> <span class='ocrx_word' id='word_1_246' title='bbox 445 2130 721 2175; x_wconf 81' lang='lat' dir='ltr'>saeculorum.</span> <span class='ocrx_word' id='word_1_247' title='bbox 755 2134 912 2175; x_wconf 89' lang='lat' dir='ltr'>Amen.</span> 
     </span>
    </p>
   </div>
   <div class='ocr_carea' id='block_1_5' title="bbox 255 2224 1386 2269">
    <p class='ocr_par' dir='ltr' id='par_1_5' title="bbox 255 2224 1386 2269">
     <span class='ocr_line' id='line_1_30' title="bbox 255 2224 1386 2269; baseline -0.002 -11"><span class='ocrx_word' id='word_1_248' title='bbox 255 2232 264 2249; x_wconf 88' lang='lat'><em>¹</em></span> <span class='ocrx_word' id='word_1_249' title='bbox 284 2227 388 2259; x_wconf 77' lang='lat' dir='ltr'>Forte</span> <span class='ocrx_word' id='word_1_250' title='bbox 402 2228 434 2259; x_wconf 90' lang='lat' dir='ltr'>in</span> <span class='ocrx_word' id='word_1_251' title='bbox 450 2229 603 2260; x_wconf 86' lang='lat' dir='ltr'>Sermone</span> <span class='ocrx_word' id='word_1_252' title='bbox 622 2225 664 2258; x_wconf 85' lang='lat' dir='ltr'>de</span> <span class='ocrx_word' id='word_1_253' title='bbox 681 2228 846 2269; x_wconf 76' lang='lat' dir='ltr'>Tempore</span> <span class='ocrx_word' id='word_1_254' title='bbox 863 2225 1054 2259; x_wconf 75' lang='lat' dir='ltr'>barbarico.</span> <span class='ocrx_word' id='word_1_255' title='bbox 1071 2242 1112 2248; x_wconf 90' lang='lat'>—</span> <span class='ocrx_word' id='word_1_256' title='bbox 1133 2232 1146 2248; x_wconf 83' lang='lat'>²</span> <span class='ocrx_word' id='word_1_257' title='bbox 1164 2227 1236 2258; x_wconf 84' lang='lat' dir='ltr'>Act.</span> <span class='ocrx_word' id='word_1_258' title='bbox 1258 2234 1314 2266; x_wconf 82' lang='lat' dir='ltr'>xx,</span> <span class='ocrx_word' id='word_1_259' title='bbox 1334 2224 1386 2257; x_wconf 84' lang='lat'>32.</span> 
     </span>
    </p>
   </div>
   <div class='ocr_carea' id='block_1_6' title="bbox 1676 0 1721 907">
    <p class='ocr_par' dir='ltr' id='par_1_6' title="bbox 1676 0 1721 907">
     <span class='ocr_line' id='line_1_31' title="bbox 1676 0 1721 907; baseline 0 0"><span class='ocrx_word' id='word_1_260' title='bbox 1676 0 1721 907; x_wconf 95' lang='lat' dir='ltr'> </span> 
     </span>
    </p>
   </div>
   <div class='ocr_carea' id='block_1_7' title="bbox 1693 821 1712 1092">
    <p class='ocr_par' dir='ltr' id='par_1_7' title="bbox 1693 821 1712 1092">
     <span class='ocr_line' id='line_1_32' title="bbox 1693 821 1702 914; baseline 0 -12"><span class='ocrx_word' id='word_1_261' title='bbox 1693 821 1702 914; x_wconf 56' lang='grc' dir='ltr'><em>ξ</em></span> 
     </span>
     <span class='ocr_line' id='line_1_33' title="bbox 1694 909 1712 987; baseline 0 -72"><span class='ocrx_word' id='word_1_262' title='bbox 1694 909 1712 987; x_wconf 47' lang='lat'>3.</span> 
     </span>
     <span class='ocr_line' id='line_1_34' title="bbox 1694 989 1704 1092; baseline 0 -8"><span class='ocrx_word' id='word_1_263' title='bbox 1694 989 1704 1092; x_wconf 61' lang='lat' dir='ltr'>l</span> 
     </span>
    </p>
   </div>
   <div class='ocr_carea' id='block_1_8' title="bbox 1678 2636 1729 3143">
    <p class='ocr_par' dir='ltr' id='par_1_8' title="bbox 1678 2636 1729 3143">
     <span class='ocr_line' id='line_1_35' title="bbox 1678 2636 1729 3143; textangle 90"><span class='ocrx_word' id='word_1_264' title='bbox 1678 2886 1729 3143; x_wconf 31' lang='lat' dir='ltr'>htx-”ff</span> <span class='ocrx_word' id='word_1_265' title='bbox 1704 2811 1708 2879; x_wconf 40' lang='lat' dir='ltr'>mm</span> <span class='ocrx_word' id='word_1_266' title='bbox 1703 2636 1708 2805; x_wconf 27' lang='grc' dir='ltr'>--μη-</span> 
     </span>
    </p>
   </div>
  </div>
 </body>
</html>
