1729 3143
639 203 694 229 DE
727 203 979 231 HAERBSIBUS.
1415 198 1498 237 225

119 264 232 308 nius.
249 265 372 308 Hanc
392 273 540 309 autem
552 265 622 309 isti
641 265 840 310 divinum
858 266 1023 327 aliquid
1038 281 1127 311 esse
1140 268 1412 323 arbitrantes,
1432 274 1455 314 J
1460 287 1500 315 e-

119 334 305 378 rusalem
326 344 484 380 vocant
507 354 515 380 :
538 344 712 380 tantum
734 336 886 380 dantes
909 337 1165 382 mulieribus
1186 339 1498 398 principatum,

118 413 169 448 ut
195 406 436 451 sacerdotio
454 421 631 465 quoque
657 406 775 465 apud
798 421 869 450 eos
891 408 1177 452 honorentur.
1204 410 1366 454 Dicunt
1388 411 1502 455 enim

118 475 342 527 Quintillae
363 485 406 520 et
422 471 628 520 Priscillae
650 476 696 519 in
714 475 866 519 eadem
888 478 1060 521 civitate
1088 482 1257 536 Pepuza
1279 481 1503 525 Christum

117 546 260 603 specie
281 545 475 589 foeminae
495 544 734 589 revelatum
756 564 764 589 ε
791 545 909 589 unde
922 547 977 589 ab
990 547 1072 591 hac
1087 549 1362 600 Quintilliani
1375 552 1503 595 etiam

117 625 446 673 nuncupantur.
473 615 659 659 Faciunt
681 625 724 659 et
741 616 823 674 ipsi
843 616 898 659 de
920 617 1132 675 sanguine
1151 619 1330 663 infantis
1345 655 1357 674 ,
1382 621 1504 681 quod

115 684 411 742 Cataphryges
433 683 576 727 facere
598 699 727 743 supra
748 684 932 729 diximus
954 705 962 729 :
988 701 1090 730 nam
1111 695 1154 730 et
1184 688 1239 730 ab
1270 689 1329 732 eis
1351 691 1502 748 perhi-

114 753 276 796 bentur
296 753 447 796 exorti.
479 754 676 812 Denique
699 754 771 797 alii
793 756 906 799 hanc
931 759 1147 815 Pepuzam
1168 772 1259 801 non
1281 773 1372 802 esse
1395 761 1503 804 civi-

112 829 246 866 tatem
264 855 275 876 ,
297 821 373 865 sed
384 821 533 866 villam
547 822 699 867 dicunt
717 823 848 869 fuisse
862 827 1063 870 Montani
1076 835 1119 870 et
1132 828 1504 886 prophetissarum

114 892 206 950 ejus
225 891 382 935 Priscae
399 901 443 936 et
458 893 727 948 Maximillae,
746 904 787 939 et
805 896 906 954 quia
919 896 978 940 ibi
991 897 1215 952 vixerunt,
1237 899 1337 942 ideo
1358 897 1504 943 locum

114 961 318 1004 meruisse
342 960 550 1020 appellari
572 962 827 1008 Jerusalem.

174 1031 382 1074 XXVIII.
417 1033 671 1088 Artotyritae
698 1043 826 1087 sunt,
860 1035 1022 1093 quibus
1045 1035 1210 1081 oblatio
1242 1052 1396 1082 eorum
1423 1039 1508 1081 hoc

113 1115 273 1144 nomen
296 1099 416 1144 dedit
438 1121 445 1144 :
473 1102 658 1146 offerent
680 1104 796 1146 enim
820 1120 979 1163 panem
1009 1115 1052 1149 et
1080 1122 1277 1162 caseum,
1315 1109 1508 1152 dicentes

113 1183 137 1212 a
158 1169 306 1228 primis
323 1170 573 1215 hominibus
588 1171 826 1215 oblationes
842 1173 898 1210 de
917 1169 1135 1213 fructibus
1153 1181 1281 1217 terrae
1296 1182 1339 1220 et
1357 1177 1506 1221 ovium

113 1236 244 1281 fuisse
264 1239 516 1284 celebratas.
544 1244 632 1286 Hos
649 1237 904 1297 Pepuzianis
917 1237 1062 1295 jungit
1084 1240 1372 1296 Epiphanius.

172 1307 337 1350 XXIX.
378 1307 838 1349 Tessarescaedecatitae
871 1306 974 1349 hinc
1008 1306 1215 1366 appellati
1251 1320 1354 1354 sunt
1387 1315 1508 1371 quod

114 1391 205 1420 non
226 1376 306 1420 nisi
328 1384 482 1435 quarta
516 1373 683 1419 decima
711 1375 817 1419 luna
840 1377 1002 1420 Pascha
1035 1377 1258 1423 celebrant
1273 1413 1283 1433 ,
1319 1381 1509 1440 quilibet

115 1457 281 1507 septem
303 1445 474 1490 dierum
492 1454 691 1490 occurrat
713 1445 830 1503 dies,
855 1455 898 1489 et
920 1447 955 1489 si
977 1446 1068 1490 dies
1086 1449 1338 1494 Dominicus
1354 1466 1509 1497 occur-

114 1518 219 1562 rerit
236 1552 246 1572 ,
272 1518 366 1576 ipso
387 1516 458 1561 die
474 1517 676 1576 jejunant
696 1525 739 1560 et
760 1515 957 1575 vigilant.

174 1588 316 1630 XXX.
368 1585 490 1630 Aloci
528 1594 758 1644 propterea
801 1586 859 1629 sic
898 1595 1136 1641 vocantur,
1175 1597 1385 1649 tanquam
1418 1593 1508 1636 sine

116 1658 276 1712 verbo,
302 1658 431 1714 (λόγος
458 1656 573 1700 enim
603 1670 742 1714 graece
776 1656 961 1700 verbum
993 1656 1210 1715 dicitur,)
1238 1660 1340 1719 quia
1369 1663 1508 1706 Deum

115 1729 312 1773 Verbum
345 1727 536 1786 recipere
572 1726 811 1771 noluerunt
826 1761 836 1781 ,
876 1728 1054 1771 Joannis
1090 1729 1379 1788 Evangelium
1414 1748 1504 1776 res-

112 1807 295 1858 puentes
312 1833 322 1853 ,
349 1798 472 1857 cujus
493 1811 573 1840 nec
605 1795 900 1856 Apocalypsin
921 1798 1142 1856 accipiunt
1157 1834 1167 1854 ,
1199 1800 1277 1844 has
1299 1800 1503 1847 videlicet

115 1869 348 1928 scripturas
367 1877 573 1925 negantes
595 1882 684 1911 esse
705 1867 855 1926 ipsius.

173 1940 340 1983 XXXI.
376 1936 603 1982 Adamiani
633 1952 684 1980 ex
713 1938 855 1981 Adam
887 1936 1018 1992 dicti,
1051 1941 1174 1999 cujus
1202 1941 1431 1986 imitantur
1461 1944 1507 1987 in

118 2009 316 2067 paradiso
347 2007 592 2052 nuditatem
610 2041 621 2062 ,
657 2022 756 2066 quae
790 2006 874 2050 fuit
905 2016 1004 2051 ante
1037 2019 1283 2066 peccatum.
1317 2010 1443 2055 Unde
1465 2021 1508 2056 et

117 2079 290 2137 nuptias
305 2087 554 2122 aversantur
578 2096 587 2121 :
612 2078 716 2136 quia
732 2092 813 2122 nec
827 2077 945 2136 prius
959 2093 1091 2137 quam
1110 2089 1328 2138 peccasset
1346 2080 1504 2136 Adam,

118 2162 199 2191 nec
221 2147 340 2206 prius
358 2161 489 2206 quam
512 2145 710 2189 dimissus
732 2156 841 2190 esset
858 2146 913 2191 de
934 2147 1149 2206 paradiso,
1174 2150 1380 2208 cognovit
1397 2166 1508 2195 uxo-

117 2233 223 2261 rem.
249 2215 447 2261 Credunt
471 2230 571 2273 ergo
599 2215 720 2274 quod
742 2216 908 2274 nuptiae
928 2217 1090 2262 futurae
1119 2234 1209 2263 non
1232 2219 1416 2264 fuissent
1436 2257 1444 2272 ,
1472 2221 1507 2264 si

120 2301 250 2330 nemo
284 2294 515 2344 peccasset.
551 2284 667 2330 Nudi
691 2285 840 2344 itaque
868 2300 1005 2331 mares
1034 2288 1315 2349 foeminaeque
1344 2306 1508 2335 conve-

121 2357 280 2410 niunt,
317 2356 423 2399 nudi
449 2354 654 2399 lectiones
683 2355 868 2400 audiunt
886 2391 896 2411 ,
924 2357 1032 2401 nudi
1062 2369 1213 2414 orant,
1248 2361 1356 2404 nudi
1391 2359 1508 2405 cele-

122 2427 252 2470 brant
272 2435 561 2482 sacramenta,
587 2435 629 2471 et
651 2441 700 2470 ex
722 2426 805 2471 hoc
826 2426 1074 2486 paradisum
1097 2445 1218 2475 suam
1242 2432 1506 2477 arbitrantur

125 2495 379 2542 Ecclesiam.

287 2578 475 2608 cxxxiv.
1299 2574 1348 2612 15
