1729 3143
221 255 276 293 60
643 265 677 290 s.
713 261 943 306 Auensjnm
975 263 1156 291 Errscon

219 341 269 376 tu
290 346 498 391 resurgaS.
524 330 743 383 Diximus,
770 337 814 372 et
835 337 1049 388 quantum
1072 328 1144 372 ille
1169 327 1374 384 donavit,
1399 329 1600 389 exposui-

219 418 314 446 mus
335 403 410 446 has
433 410 517 445 tres
546 398 799 453 sententias,
824 398 944 457 quod
970 418 990 441 ‹<
1009 401 1145 443 Natus
1164 399 1216 442 sit
1238 398 1292 442 de
1319 399 1483 457 virgine
1503 402 1602 444 Ma-

225 492 243 514 »
271 473 331 516 ria
352 507 363 526 ,
388 471 614 515 crucifixus
632 469 713 513 sub
735 470 891 514 Pontio
913 469 1052 514 Pilato
1075 478 1118 513 et
1139 468 1332 528 sepultus
1347 503 1359 524 ,
1384 469 1511 513 tertia
1531 469 1602 512 die

223 560 242 583 »
270 559 293 586 a
312 541 492 586 mortuis
515 539 758 583 resurrexit.
786 557 806 580 n
836 540 879 583 Si
901 539 1015 583 enim
1038 538 1092 583 de
1114 538 1292 598 singulis
1308 574 1318 592 ,
1343 547 1394 582 ut
1415 537 1601 597 dignum

218 621 306 665 est,
331 611 454 670 loqui
475 625 695 669 possemus
713 645 724 663 ‚
746 609 968 669 prolixitas
993 610 1210 654 Sermonis
1233 609 1459 654 fastidium
1480 608 1603 654 vobis

218 697 350 742 quam
368 681 699 726 delectationem
721 681 952 725 incuteret.

275 755 396 796 XVI.
423 753 534 805 Quia
550 767 651 810 ergo
665 752 849 795 diximus
865 786 876 805 ,
897 767 985 810 quo
1003 766 1141 811 usque
1159 750 1231 794 ille
1244 750 1487 795 Altissimus
1504 750 1605 794 des-

217 822 412 866 cenderit
449 832 626 882 propter
663 838 741 867 nos
764 840 774 868 :
799 837 917 866 nunc
950 821 1144 866 dicamus
1169 820 1392 880 quomodo
1417 820 1462 864 id
1483 820 1605 881 quod

216 892 403 950 suscepit
425 906 476 935 ex
496 892 622 936 nobis
637 926 648 947 ,
682 892 727 936 in
748 891 911 936 coelum
931 891 1164 947 levaverit,
1190 890 1245 935 ad
1276 890 1498 935 dexteram
1523 894 1607 934 Pa-

215 963 292 1007 tris
313 962 589 1008 collocaverit
604 997 616 1017 ,
650 978 699 1007 ac
722 962 825 1006 fidei
847 971 1008 1006 nostrae
1029 971 1196 1006 certum
1218 962 1376 1020 pignus
1404 961 1603 1017 dederit,

215 1042 266 1077 ut
289 1049 435 1078 secura
460 1035 545 1079 sint
563 1034 759 1078 membra
781 1034 835 1077 de
857 1042 981 1077 tanto
1009 1033 1151 1091 capite
1169 1067 1179 1087 ,
1206 1032 1480 1091 fideliterque
1502 1046 1606 1090 spe-

215 1111 312 1145 rent
341 1102 396 1145 ad
424 1103 565 1160 ipsum
594 1116 638 1145 se
659 1116 782 1159 posse
804 1102 1030 1159 pervenire
1045 1136 1056 1155 ,
1082 1115 1215 1160 quem
1233 1101 1324 1158 jam
1345 1101 1532 1144 credunt
1548 1100 1603 1144 ad

215 1170 435 1214 dexteram
458 1170 595 1214 Patris
626 1170 790 1213 sedere.
826 1173 1084 1228 Assumptus
1111 1169 1156 1212 in
1186 1167 1336 1212 coelos.
1364 1170 1604 1213 Sessionem

214 1240 337 1283 istam
352 1274 363 1294 ,
384 1238 665 1293 dilectissimi,
689 1254 778 1283 non
795 1239 1012 1297 accipiatis
1034 1238 1236 1282 humanis
1259 1239 1464 1282 membris
1486 1240 1605 1298 posi-

214 1318 302 1353 tam
321 1344 332 1363 ,
363 1318 573 1369 tanquam
596 1312 723 1352 Pater
745 1308 891 1352 sedeat
917 1310 963 1351 in
988 1309 1159 1352 sinistra
1179 1343 1189 1363 ,
1223 1317 1273 1352 ut
1296 1309 1432 1352 Filius
1459 1309 1607 1354 sedeat

213 1379 269 1422 ad
291 1379 511 1422 dexteram
537 1397 547 1420 :
571 1378 647 1419 sed
670 1378 807 1434 ipsam
828 1376 1049 1420 dexteram
1068 1375 1294 1435 intelligite
1313 1387 1571 1436 potestatem
1590 1413 1602 1434 ,

210 1462 343 1506 quam
365 1445 530 1503 accepit
551 1445 684 1488 homo
713 1444 786 1487 ille
809 1454 1034 1503 susceptus
1062 1461 1085 1489 a
1112 1449 1223 1500 Deo,
1250 1455 1301 1490 ut
1321 1447 1465 1491 veniat
1483 1447 1606 1507 judi-

209 1525 383 1559 caturus
415 1514 489 1574 qui
526 1513 645 1572 prius
668 1521 845 1557 venerat
861 1513 1143 1572 judicandus.
1182 1514 1250 1558 Ad
1284 1516 1369 1559 hoc
1397 1517 1512 1559 enim
1537 1532 1604 1560 as-

207 1584 352 1630 cendit
373 1585 419 1627 in
440 1584 603 1627 coelum
624 1618 634 1637 ,
660 1593 710 1626 ut
730 1584 838 1627 fides
860 1599 990 1627 suum
1011 1584 1192 1643 impleat
1213 1585 1375 1629 locum.
1405 1586 1603 1631 Praedic-

208 1665 302 1699 tum
314 1654 478 1714 quippe
494 1653 578 1697 hoc
595 1653 815 1696 invenitur
827 1668 903 1712 per
918 1653 1052 1697 David
1068 1655 1325 1712 prophetam
1345 1676 1355 1710 ς
1377 1655 1438 1700 ait
1454 1656 1571 1699 enim
1593 1676 1601 1700 :

213 1744 232 1766 «
259 1723 546 1781 Congregatio
586 1722 852 1781 populorum
892 1722 1183 1767 circumdabit
1220 1733 1263 1767 te
1286 1759 1297 1779 ,
1339 1734 1383 1768 et
1424 1735 1603 1785 propter

214 1812 232 1835 »
258 1794 371 1836 hane
400 1793 446 1836 in
469 1792 605 1836 altum
629 1793 878 1851 regredere,
903 1793 1113 1836 Dominus
1131 1792 1299 1852 judicat
1322 1795 1552 1853 populos1.
1580 1814 1600 1837 »

212 1865 305 1908 Hoc
326 1863 488 1923 quippe
509 1862 595 1906 ait:
620 1863 835 1915 Quoniam
857 1863 1111 1907 humiliatus
1145 1878 1188 1906 es
1227 1864 1273 1906 in
1315 1862 1456 1908 forma
1493 1866 1603 1910 servi

211 1948 349 1993 usque
371 1933 425 1976 ad
447 1932 582 1976 crucis
605 1932 922 1990 opprobrium²
940 1966 950 1986 ,
977 1941 1020 1975 et
1041 1933 1086 1975 hi
1107 1933 1183 1991 qui
1205 1941 1247 1976 tc
1269 1932 1478 1978 viderunt
1499 1950 1604 1978 cru-

211 2004 385 2047 cifixum
405 2037 416 2057 ,
443 2002 576 2061 aliqui
595 2001 876 2046 crediderunt
892 2036 903 2057 ,
929 2001 1057 2045 multi
1075 2001 1422 2060 dubitaverunt3
1456 2019 1602 2047 resur—

214 2087 317 2130 gens
339 2087 363 2115 a
384 2072 566 2116 mortuis
587 2072 633 2114 in
663 2071 799 2115 altum
822 2070 1048 2129 regredere
1064 2106 1075 2126 ,
1105 2087 1234 2131 super
1256 2073 1392 2116 coelos
1422 2072 1603 2131 dignare

214 2140 444 2185 ascendere.
475 2160 483 2184 :
517 2149 568 2185 ut
593 2141 867 2198 congregatio
892 2141 1042 2200 populi
1079 2139 1218 2185 fidelis
1249 2151 1537 2200 congregetur
1558 2143 1604 2187 in

213 2226 351 2255 unum
373 2225 452 2269 per
476 2209 609 2253 fidem
624 2245 636 2265 ,
660 2219 710 2254 ut
741 2210 849 2255 fides
870 2209 1060 2255 deducat
1089 2226 1161 2256 eos
1193 2210 1248 2255 ad
1274 2214 1477 2269 speciem.
1505 2215 1601 2271 Ipsa

215 2291 278 2325 est
297 2282 434 2326 virtus
453 2281 779 2340 omnipotentiae
805 2289 891 2324 tuae
908 2316 918 2335 ,
944 2290 993 2325 ut
1010 2281 1108 2340 plus
1128 2283 1263 2341 possis
1282 2283 1326 2325 in
1341 2282 1441 2340 ipsis
1458 2282 1602 2326 fideli-

212 2351 294 2393 bus
310 2385 320 2405 ,
346 2351 523 2411 quando
545 2351 698 2395 absens
727 2351 782 2395 ab
807 2351 867 2394 eis
894 2352 939 2394 in
963 2352 1139 2396 homine
1171 2351 1246 2395 illo
1278 2361 1478 2411 suscepto
1501 2368 1601 2397 sen-

214 2420 319 2463 tiris.
343 2423 561 2465 Caeterum
578 2421 808 2480 praesentia
831 2429 918 2464 tuae
939 2422 1171 2482 majestatis
1194 2421 1249 2465 de
1270 2421 1476 2466 cordibus
1493 2421 1603 2466 fide-

211 2490 319 2533 lium
349 2498 527 2534 tuorum
550 2505 776 2550 nunquam
799 2489 993 2534 discedis.
1032 2492 1187 2537 Videte
1210 2500 1354 2536 autem
1372 2526 1384 2546 ,
1409 2492 1601 2537 dilectis-

260 2579 270 2594 ¹
292 2572 372 2605 Psal.
391 2583 448 2614 vu,
467 2573 499 2605 8.
518 2589 560 2598 —
576 2581 588 2596 ²
612 2573 724 2614 Philip.
744 2584 780 2614 n,
801 2573 833 2604 6.
