1729 3143
570 251 625 278 DE
657 251 829 287 GENEst,
864 250 947 276 ΠΒ.
982 250 1030 275 11.
1400 235 1484 274 489

113 318 171 362 tia
188 317 350 362 diaboli
368 317 577 375 corrigat?
595 320 660 361 An
678 315 791 360 forte
807 330 895 358 non
909 314 1085 358 audistis
1101 311 1355 372 Apostolum
1375 315 1487 355 Pau-

111 388 204 432 lum
236 388 481 433 dicentem:
512 408 528 427 «
556 387 680 441 Quod
710 385 868 430 tradidi
891 387 1085 438 Satanae,
1120 392 1170 427 ut
1199 383 1367 428 discant
1398 399 1487 427 non

113 477 133 499 »
161 458 459 518 blasphemare
475 460 521 502 1?
543 477 562 499 »
593 461 650 502 Et
669 456 723 501 de
740 471 783 500 se
802 456 895 514 ipso
916 456 1022 500 dicit
1044 475 1052 500 :
1083 474 1100 495 «
1122 457 1178 499 Et
1199 470 1255 498 ne
1275 454 1489 512 magnitu-

114 547 134 569 »
160 528 261 572 dine
294 528 607 572 revelationum
641 525 821 571 extollar
845 560 856 579 ,
894 526 1018 570 datus
1056 534 1119 569 est
1149 525 1253 568 mihi
1291 524 1489 568 stimulus

113 617 134 640 »
160 599 324 653 carnis,
350 599 527 657 angelus
568 601 735 643 Satanae
772 597 848 656 qui
881 611 950 639 me
984 595 1224 655 colaphizet
1238 598 1270 639 ².
1301 613 1320 637 »
1345 598 1486 654 Ergo,

110 670 318 730 inquiunt
338 704 348 724 ,
378 670 516 713 bonus
547 678 609 714 est
637 666 835 712 diabolus
852 701 862 720 ,
889 667 965 726 qui
987 666 1101 709 utilis
1121 668 1214 710 est?
1236 669 1330 710 Imo
1351 666 1490 710 malus

110 739 155 782 in
176 748 393 798 quantum
416 738 615 783 diabolus
641 747 704 782 est
719 773 729 792 ,
753 736 829 782 sed
853 736 996 780 bonus
1018 745 1060 779 et
1086 736 1360 794 omnipotens
1377 738 1490 779 Deus

110 817 173 852 est
192 843 202 863 ,
229 808 305 868 qui
326 808 456 852 etiam
478 809 533 852 de
554 807 716 852 malitia
739 808 831 867 ejus
852 805 990 850 multa
1001 806 1117 865 justa
1139 813 1181 849 et
1202 805 1318 849 bona
1335 821 1489 865 opera-

111 887 196 922 tur.
218 880 313 923 Non
338 878 452 921 enim
476 877 650 922 diabolo
671 878 913 934 imputatur
929 909 940 930 ,
964 875 1044 918 nisi
1066 874 1267 919 voluntas
1285 891 1382 930 sua,
1402 891 1490 936 qua

109 956 293 991 conatur
323 946 465 990 facere
486 945 625 999 male,
656 961 746 990 non
775 945 851 989 Dei
874 945 1143 1003 providentia
1161 979 1171 999 ,
1198 960 1298 1005 quae
1333 946 1387 989 de
1414 945 1490 990 illo

111 1017 222 1061 bene
242 1016 361 1061 facit.

167 1090 328 1131 XLIII.
356 1090 579 1132 Postremo
597 1087 804 1147 quoniam
822 1100 922 1131 cum
942 1086 1190 1131 Manichaeis
1208 1086 1334 1130 nobis
1352 1086 1405 1130 de
1423 1102 1491 1131 re-

111 1157 271 1216 ligione
289 1158 471 1217 quaestio
486 1167 575 1211 est,
600 1157 781 1216 quaestio
799 1166 942 1201 autem
961 1155 1180 1215 religionis
1197 1165 1288 1210 est,
1308 1156 1416 1216 quid
1436 1156 1490 1200 de

109 1231 200 1272 Deo
222 1228 292 1286 pie
313 1229 523 1271 sentiatur
537 1262 547 1281 ,
573 1228 779 1287 quoniam
807 1242 965 1286 negare
985 1243 1075 1271 non
1097 1237 1275 1286 possunt
1297 1229 1341 1270 in
1360 1228 1490 1271 mise-

112 1297 171 1341 ria
186 1306 462 1356 peccatorum
480 1312 571 1341 esse
592 1313 726 1356 genus
743 1298 987 1341 humanum
1006 1316 1015 1342 :
1038 1296 1105 1340 llli
1123 1296 1276 1341 dicunt
1290 1287 1490 1341 naturam

111 1368 188 1411 Dei
205 1383 293 1411 esse
311 1367 357 1411 in
372 1367 542 1412 miseria
565 1387 573 1412 ε
594 1370 679 1413 Nos
694 1383 902 1427 negamus
916 1402 927 1422 ,
954 1366 1029 1412 sed
1046 1366 1229 1412 dicimus
1245 1383 1339 1412 eam
1358 1377 1490 1413 natu-

110 1453 203 1482 ram
224 1453 313 1483 esse
333 1439 379 1482 in
395 1439 563 1483 miseria
580 1474 590 1494 ,
619 1454 749 1499 quam
766 1439 820 1482 de
835 1437 972 1483 nihilo
990 1436 1091 1482 fecit
1106 1441 1244 1493 Deus,
1272 1448 1315 1483 et
1335 1438 1391 1483 ad
1406 1439 1490 1484 hoc

109 1508 274 1552 venisse
294 1523 384 1553 non
404 1518 595 1553 coactam
613 1544 624 1564 ,
649 1508 723 1553 sed
750 1508 973 1553 voluntate
994 1508 1219 1568 peccandi.
1247 1508 1316 1553 Illi
1338 1509 1492 1554 dicunt

111 1587 310 1622 naturam
339 1579 415 1622 Dei
442 1579 537 1636 cogi
564 1578 620 1623 ab
649 1579 742 1638 ipso
773 1582 861 1623 Deo
883 1579 937 1622 ad
961 1579 1265 1638 poenitentiam
1287 1589 1490 1639 peccato-

112 1663 209 1692 rum
235 1667 243 1693 :
270 1651 356 1693 Nos
379 1663 586 1706 negamus
602 1683 612 1703 ,
650 1648 725 1692 sed
763 1647 944 1692 dicimus
987 1664 1081 1693 eam
1123 1659 1322 1695 naturam
1360 1665 1491 1709 quam

113 1722 225 1764 Deus
246 1719 351 1764 fecit
371 1718 426 1763 de
452 1719 588 1764 nihilo
603 1754 613 1774 ‚
639 1728 918 1779 posteaquam
940 1721 1133 1779 peccavit
1153 1756 1163 1776 ,
1201 1722 1298 1780 cogi
1319 1720 1375 1765 ad
1396 1736 1491 1781 poe-

112 1790 338 1834 nitentiam
360 1799 652 1848 peccatorum.
691 1788 758 1834 Illi
790 1789 942 1834 dicunt
972 1799 1172 1835 naturam
1205 1792 1281 1835 Dei
1313 1792 1367 1836 ab
1399 1793 1491 1850 ipso

113 1862 203 1904 Deo
239 1860 432 1919 accipere
464 1859 634 1903 veniam
667 1877 675 1902 ε
708 1862 794 1905 Nos
826 1875 1059 1918 negamus,
1094 1860 1170 1905 sed
1191 1862 1373 1906 dicimus
1396 1877 1492 1906 eam

113 1939 313 1974 naturam
337 1945 466 1989 quam
488 1929 592 1974 fecit
612 1933 726 1974 Deus
744 1930 798 1974 de
821 1931 957 1975 nihilo
975 1965 986 1985 ,
1011 1931 1044 1975 si
1071 1947 1114 1975 se
1146 1948 1169 1976 a
1197 1933 1381 1991 peccatis
1406 1933 1491 1977 suis

113 1999 166 2045 ad
185 2003 322 2044 Deum
341 2015 467 2043 suum
485 2002 745 2044 converterit
761 2035 771 2055 ,
798 2001 991 2059 accipere
1007 2001 1177 2046 veniam
1194 2011 1486 2061 peccatorum.

115 2069 183 2114 Illi
215 2069 368 2114 dicunt
395 2079 594 2113 naturam
623 2070 700 2114 Dei
720 2071 972 2115 necessitate
994 2086 1083 2115 esse
1106 2072 1358 2118 mutabilem
1378 2092 1386 2117 ε
1407 2075 1492 2120 Nos

114 2156 322 2199 negamus
341 2176 350 2195 ,
376 2141 451 2184 sed
474 2141 657 2186 dicimus
680 2156 775 2186 eam
797 2151 997 2186 naturam
1019 2158 1151 2203 quam
1173 2146 1287 2188 Deus
1316 2143 1418 2189 fecit
1439 2145 1494 2190 de

114 2210 276 2266 nihilo,
307 2210 532 2255 voluntate
565 2226 653 2255 esse
679 2221 890 2256 mutatam
914 2232 921 2257 :
946 2212 1015 2256 Illi
1044 2214 1196 2258 dicunt
1223 2224 1390 2259 naturae
1415 2217 1492 2260 Dei

114 2296 270 2326 nocere
300 2279 438 2324 aliena
470 2290 645 2340 peccata
666 2301 674 2325 ε
700 2284 785 2326 Nos
808 2297 1041 2341 negamus,
1076 2284 1150 2327 sed
1176 2283 1356 2329 dicimus
1382 2285 1493 2330 nulli

114 2360 280 2395 naturae
300 2366 456 2395 nocere
478 2359 652 2410 peccata
669 2385 679 2405 ,
704 2351 784 2395 nisi
806 2367 881 2396 sua
899 2373 908 2409 3
935 2361 976 2396 et
998 2356 1134 2397 Deum
1155 2353 1337 2400 dicimus
1360 2364 1492 2401 tantae

115 2420 320 2464 bonitatis
343 2421 458 2464 esse3
474 2455 485 2475 ,
516 2429 647 2464 tantae
672 2421 849 2480 justitiae
866 2456 876 2476 ,
901 2430 1034 2465 tantae
1055 2423 1389 2483 incorruptionis
1409 2461 1420 2481 ,
1444 2435 1494 2471 ut

116 2505 259 2550 neque
279 2500 455 2549 peccet,
482 2506 624 2551 neque
642 2491 732 2550 ipse
749 2490 877 2536 alicui
894 2502 1046 2537 noceat
1062 2494 1138 2554 qui
1155 2510 1331 2554 peccare
1347 2496 1495 2542 nolue-

163 2582 173 2596 1
193 2583 217 2616 ¹2
235 2575 315 2608 Tim.
334 2586 357 2617 1,
381 2587 408 2608 1.
422 2593 463 2600 —
481 2582 493 2598 ²
516 2589 528 2611 1
551 2577 624 2609 Cor.
645 2585 701 2617 xn,
721 2586 751 2617 7.
766 2574 835 2600 ..3
859 2587 869 2609 1
893 2577 1035 2611 Retract.
1054 2588 1126 2621 cap.
1147 2589 1181 2621 x,
1198 2589 1230 2612 n.
1248 2579 1279 2612 3.
