1729 3143
413 253 496 279 LIB.
532 253 580 278 11.
618 253 670 279 DE
702 253 887 280 MORlBth
919 252 1261 280 MAMCHAEORUM.
1446 243 1523 279 591

147 329 238 360 non
270 323 452 374 possunt
487 316 541 360 ab
571 316 842 362 auditoribus
864 318 1014 362 vestris
1036 316 1262 377 purganda
1284 315 1407 361 vobis
1431 315 1530 360 talia
1558 328 1565 358 ·.

149 385 313 430 semina
334 386 479 430 afferri
499 421 510 442 ‚
536 387 633 447 quis
655 403 744 432 non
766 388 1008 447 suspicetur
1024 396 1231 432 secretam
1252 386 1307 431 de
1324 386 1444 432 vobis
1461 386 1530 445 ip-

152 456 208 501 sis
228 457 342 501 inter
363 472 438 502 vos
468 458 560 502 fleri
583 459 713 503 talem
736 459 1036 519 purgationem
1063 468 1106 503 et
1140 458 1238 503 ideo
1264 457 1347 502 illis
1374 472 1429 501 ne
1457 471 1532 502 vos

149 526 350 573 deserant
381 528 624 574 occultari?
645 532 753 583 Quae
776 529 811 574 si
827 544 917 574 non
936 529 1077 574 facitis
1097 565 1109 585 ,
1141 528 1260 590 quod
1285 528 1454 573 utinam
1473 528 1532 572 ita

148 599 203 644 sit
219 633 231 655 ,
255 598 410 645 videtis
429 609 577 646 tamen
594 610 772 662 quantae
790 601 1023 660 suspicioni
1038 611 1178 647 vestra
1199 600 1444 660 superstitio
1462 614 1533 658 pa-

150 678 239 714 teat
257 704 269 725 ,
307 680 350 715 et
371 687 503 731 quam
524 687 614 717 non
634 672 688 716 sit
716 671 967 717 hominibus
988 672 1333 717 succensendum
1360 671 1406 715 id
1441 670 1533 729 opi-

148 742 354 786 nantibus
367 742 524 802 ‚'quod
546 743 602 788 de
622 751 762 789 vestra
783 742 1050 802 professione
1071 741 1291 801 colligitur
1305 777 1316 797 ‚
1341 756 1442 786 eum
1460 755 1534 784 vos

147 812 310 857 animas
339 828 418 872 per
439 828 581 858 escam
603 822 647 857 et
669 823 822 871 potum
844 813 899 856 de
920 813 1176 871 corporibus
1205 822 1250 857 et
1269 812 1462 857 sensibus
1478 811 1533 855 li-

147 880 300 926 berare
319 877 577 941 praedicatis.
601 881 712 927 Nolo
734 882 837 926 huic
858 880 1021 926 diutius
1042 882 1263 928 immorari
1285 902 1294 928 ι
1319 892 1361 927 et
1382 881 1534 927 videtis

146 960 337 1009 quantus
359 952 412 996 sit
435 951 690 996 invectionis
707 951 842 996 locus.
873 950 956 997 Sed
978 952 1080 1011 quia
1102 961 1144 996 et
1171 967 1237 996 res
1253 952 1348 996 talis
1370 960 1433 996 est
1449 986 1460 1008 ,
1485 959 1535 995 ut

148 1036 242 1065 eam
264 1022 408 1081 potius
430 1022 682 1067 reformidet
703 1037 835 1083 quam
858 1022 1095 1067 insectetur
1116 1023 1252 1067 oratio
1270 1057 1281 1078 ‚
1309 1031 1353 1067 et
1374 1037 1535 1082 propo-

147 1092 279 1137 situm
301 1092 412 1138 illud
441 1108 588 1138 meum
610 1109 686 1152 per
711 1103 854 1138 totum
875 1108 1119 1138 sermonem
1141 1092 1430 1138 animadverti
1452 1108 1534 1152 po-

151 1171 247 1219 test,
271 1178 362 1223 quo
378 1164 511 1209 statui
526 1164 637 1208 nihil
654 1180 926 1224 exaggerare,
946 1163 1021 1209 sed
1042 1165 1170 1208 nudis
1192 1164 1384 1225 quodam
1402 1164 1534 1210 modo

149 1234 279 1278 rebus
302 1244 345 1278 et
366 1235 606 1280 rationibus
623 1251 750 1294 agere
765 1271 776 1290 ,
799 1245 1066 1280 transeamus
1084 1235 1139 1279 ad
1162 1234 1295 1279 aliud.

208 1306 387 1350 LXVII.
423 1308 521 1350 Jam
542 1306 658 1351 enim
680 1307 778 1351 satis
801 1316 993 1366 apparet,
1016 1305 1160 1366 qualia
1184 1306 1268 1351 sint
1290 1306 1371 1350 tria
1391 1314 1534 1350 vestra

148 1375 384 1433 signacula.
416 1377 473 1421 Hi
503 1386 606 1421 sunt
626 1377 757 1421 vestri
783 1392 945 1432 mores,
983 1378 1053 1421 hic
1089 1377 1186 1421 finis
1215 1376 1534 1421 admirabilium

149 1456 484 1506 praeceptorum,
511 1448 587 1492 ubi
609 1448 720 1492 nihil
740 1458 923 1500 certum,
949 1448 1057 1493 nihil
1080 1457 1303 1503 constans,
1333 1446 1445 1492 nihil
1464 1463 1536 1492 ra-

152 1517 379 1574 tionabile,
415 1518 521 1562 nihil
557 1519 823 1578 inculpabile
848 1538 857 1564 :
882 1520 957 1563 sed
986 1521 1128 1563 omnia
1149 1519 1308 1573 dubia,
1343 1519 1537 1563 imovero

150 1589 240 1633 sine
262 1587 536 1634 dubitatione
559 1588 800 1644 falsissima,
826 1591 969 1634 omnia
992 1589 1294 1648 repugnantia,
1315 1588 1538 1633 abomina-

150 1659 269 1714 bilia,
295 1660 494 1705 absurda.
520 1661 716 1720 Denique
739 1669 824 1705 tam
846 1660 983 1704 multa
1005 1669 1049 1704 et
1072 1669 1161 1703 tam
1186 1659 1331 1718 gravia
1359 1668 1537 1718 peccata

150 1728 197 1774 in
214 1730 280 1774 his
303 1732 498 1776 moribus
519 1729 933 1790 deprehenduntur,
959 1740 1009 1774 ut
1034 1729 1068 1774 si
1090 1730 1185 1789 quis
1213 1744 1412 1774 accusare
1434 1730 1538 1774 velit

150 1801 296 1846 omnia
311 1835 323 1855 ‚
348 1801 481 1846 homo
511 1800 692 1860 alicujus
718 1799 938 1845 facultatis
972 1798 1141 1858 singula
1159 1833 1170 1854 ‚
1206 1809 1254 1844 ut
1274 1799 1503 1843 minimum
1522 1835 1534 1855 ,

151 1871 330 1930 singulis
351 1870 646 1915 voluminibus
660 1871 807 1929 possit.
835 1873 938 1915 Haec
959 1870 1090 1927 igitur
1106 1870 1140 1914 si
1154 1869 1426 1915 custodiretis
1444 1886 1537 1916 ves-

154 1952 350 2002 tramque
372 1941 606 2000 impleretis
637 1940 950 1999 professionem
966 1974 977 1994 ,
1004 1939 1114 1983 nihil
1137 1940 1259 1984 vobis
1281 1949 1391 1984 esset
1408 1943 1536 2000 inep-

153 2014 257 2068 tius,
288 2011 400 2056 nihil
419 2010 614 2067 stultius,
639 2010 750 2054 nihil
771 2010 1010 2070 imperitius
1033 2028 1042 2054 :
1067 2025 1168 2053 cum
1187 2019 1333 2054 autem
1349 2010 1535 2057 laudatis

155 2093 207 2128 et-
220 2082 384 2128 docetis
401 2083 507 2138 ista,
530 2097 610 2126 nec
627 2080 765 2126 facitis
780 2115 791 2136 ‚
817 2080 924 2141 quid
945 2080 1067 2125 vobis
1088 2078 1284 2125 fallacius
1300 2115 1311 2136 ,
1335 2080 1443 2141 quid
1464 2083 1535 2126 in-

156 2154 377 2209 sidiosius,
403 2152 511 2213 quid
529 2152 778 2197 malitiosius
800 2152 886 2196 dici
907 2160 982 2196 aut
1000 2151 1182 2196 inveniri
1200 2153 1369 2210 potest?

215 2228 418 2270 LXVIII.
454 2227 618 2271 Novem
643 2238 778 2267 annos
800 2231 912 2268 totos
929 2237 1087 2281 magna
1114 2237 1217 2267 cura
1247 2231 1290 2266 et
1310 2221 1534 2281 diligentia
1571 2223 1574 2228 ’

157 2312 233 2342 vos
259 2296 448 2351 audivi1,
483 2295 629 2340 nullus
655 2293 762 2338 mihi
793 2293 1029 2338 electorum
1062 2293 1331 2337 innotescere
1360 2293 1531 2352 potuit,

158 2370 235 2430 qui
269 2368 509 2415 secundum
544 2369 637 2412 haec
670 2375 884 2426 praecepta
914 2381 1004 2409 non
1037 2373 1113 2408 aut
1148 2364 1462 2423 deprehensus,
1488 2364 1536 2409 in

160 2449 354 2500 peccato,
371 2449 447 2485 aut
458 2447 573 2484 certe
592 2437 824 2496 suspicioni
844 2435 1044 2480 subditus
1062 2434 1210 2478 fuerit.
1228 2433 1356 2480 Multi
1370 2435 1416 2478 in
1433 2434 1534 2479 vino

160 2519 202 2554 et
225 2510 444 2565 carnibus,
471 2508 596 2553 multi
628 2507 817 2552 lavantes
838 2507 883 2549 in
905 2504 1069 2550 balneis
1100 2504 1264 2548 inventi
1297 2514 1414 2548 sunt.
1449 2504 1534 2550 Sed
1589 2506 1592 2508 ’

207 2603 218 2618 1
239 2598 379 2630 confess.
400 2595 454 2628 lib.
474 2606 518 2637 iv,
537 2605 609 2636 cap.
636 2606 664 2635 ε,
685 2598 716 2626 et
729 2603 833 2636 supra,
851 2592 906 2624 lib.
924 2601 949 2631 ι,
966 2591 1006 2624 de
1023 2589 1170 2624 Moribus
1186 2589 1308 2623 Eccles.
1325 2589 1444 2623 cathol.
