1729 3143
445 182 499 208 DE
532 179 766 209 Discit-niu
790 179 1057 222 cflfflszrrnivA.
1360 172 1441 210 115

63 260 163 302 cus3
187 244 403 305 quidquid
432 246 591 290 horum
621 253 706 298 est,
733 245 916 302 pecunia
946 244 1120 289 dicitur.
1153 247 1211 289 Et
1238 246 1356 289 unde
1382 257 1446 290 est

63 315 253 374 primum
275 323 424 359 vocata
448 314 662 374 pecunia?
678 311 783 357 Ideo
799 315 984 372 pecunia
999 314 1101 375 quia
1116 315 1284 375 antiqui
1301 324 1444 360 toturn

63 386 185 445 quod
205 385 450 445 habebant,
474 385 519 428 in
542 383 772 443 pecoribus
800 384 1038 430 habebant,
1062 389 1100 431 A
1123 401 1278 446 pecore
1307 401 1445 447 pecu-

62 455 136 499 nia
159 465 354 500 vocatur.
389 454 590 511 Legimus
622 453 824 512 antiquos
849 463 991 512 patres
1020 454 1151 499 fuisse
1172 455 1325 502 divites
1347 472 1446 516 pas—

62 534 189 570 tores.
227 528 342 582 Ergo
375 523 607 584 pecuniam
637 523 806 582 diligis,
846 539 872 569 o
906 525 1066 570 homo:
1092 527 1211 571 unde
1245 536 1373 587 putas
1404 537 1447 573 te

60 596 155 639 fieri
170 595 363 650 beatum,
389 594 572 654 pecunia
591 603 669 649 est,
694 603 737 639 et
752 594 944 639 multum
961 610 1057 640 eam
1082 595 1241 656 diligis.
1260 598 1448 644 Volebas

61 665 239 743 diligere
257 665 498 722 proximum
516 674 724 725 tanquam
746 675 790 710 te
811 666 971 726 ipsum,
992 665 1138 711 divide
1159 683 1261 712 cum
1282 669 1358 714 illo
1375 685 1449 729 pe-

60 736 235 780 cuniam
254 745 392 780 tuam.
414 735 529 788 Quid
545 751 654 781 esses
672 735 976 781 discutiebam.
1002 740 1214 783 Inventus
1236 754 1298 783 es·
1289 755 1451 799 ‚appa-

60 805 184 850 ruisti
212 805 315 861 tibi,
350 805 496 851 vidisti
518 815 586 859 te
617 807 899 851 considerasti
920 815 978 851 te.
1003 809 1101 853 Non
1122 824 1168 853 es
1191 819 1366 868 paratus
1388 810 1451 855 di-

59 875 205 920 videre
234 890 335 920 cum
362 876 559 935 proximo
590 877 820 935 pecuniam
843 885 980 921 tuam.
1003 878 1089 922 Sed
1111 878 1220 938 quid
1240 879 1347 923 mihi
1369 894 1451 923 res-

57 946 224 1006 pondet
238 946 426 1005 benigna
448 946 653 991 avaritia?
675 946 783 1007 quid
800 947 906 992 mihi
921 949 1187 1008 respondet?
1211 950 1252 995 Si
1266 950 1452 995 divisero

58 1030 160 1059 cum
181 1015 256 1060 illo
273 1051 283 1071 ,
308 1016 452 1060 minus
470 1017 549 1060 erit
567 1026 609 1060 et
631 1017 736 1061 mihi
756 1026 800 1062 et
821 1017 885 1061 illi
907 1037 916 1062 :
941 1019 1167 1064 minuetur
1190 1020 1311 1080 quod
1328 1035 1445 1075 amo,

56 1100 138 1128 nec
159 1093 302 1126 totum
325 1085 507 1126 habebit
523 1087 619 1135 ille,
644 1096 726 1125 nec
752 1093 897 1125 totum
919 1089 1095 1128 habebo
1116 1100 1213 1143 ego.
1242 1092 1327 1131 Sed
1345 1091 1448 1148 quia

57 1153 192 1212 diligo
218 1168 319 1198 eum
347 1161 557 1211 tanquam
586 1166 657 1195 me
683 1152 827 1211 ipsum
843 1186 854 1207 ‚
887 1161 991 1212 opto
1013 1152 1077 1197 illi
1099 1163 1149 1198 ut
1170 1164 1343 1201 tantum
1370 1160 1451 1204 ha-

58 1224 160 1268 beat
181 1243 190 1268 :
210 1233 262 1267 ut
282 1237 363 1266 nec
380 1237 528 1266 meum
545 1221 794 1276 minuatur,
815 1230 858 1265 et
880 1222 971 1281 ipse
996 1223 1104 1267 mihi
1126 1237 1395 1286 coaequetur.

116 1296 218 1337 VII.
253 1294 388 1352 Optas
409 1290 528 1335 unde
557 1290 672 1335 nihil
703 1291 856 1350 perdas
879 1311 887 1336 :
913 1301 1045 1353 atque
1072 1295 1242 1340 utinam
1265 1297 1348 1342 hoc
1374 1314 1449 1344 ve-

58 1378 158 1407 rum
179 1361 318 1417 dicas,
345 1361 415 1405 vel
437 1370 575 1420 optes.
603 1360 752 1404 Timeo
774 1362 892 1405 enim
909 1377 964 1406 ne
986 1363 1195 1410 invideas.
1217 1368 1449 1420 Quomodo

60 1433 177 1478 enim
212 1430 379 1478 socialis
406 1431 487 1475 erit
522 1431 705 1475 felicitas
736 1440 812 1476 tua
826 1466 838 1486 ,
879 1448 1013 1491 quam
1049 1443 1226 1494 torquet
1264 1437 1448 1484 felicitas

59 1502 212 1548 aliena.
234 1505 389 1547 Nonne
407 1516 508 1546 cum
531 1501 714 1559 coeperit
736 1501 945 1545 ditescere
965 1503 1131 1549 vicinus
1157 1514 1259 1551 tuus
1278 1542 1290 1563 ,
1322 1518 1366 1553 et
1387 1510 1447 1554 in-

59 1573 201 1632 cipere
223 1572 346 1632 quasi
362 1586 558 1629 surgere,
586 1578 629 1613 et
646 1570 708 1613 ire.
729 1579 827 1628 post
849 1580 914 1625 te,
940 1572 1065 1617 times
1080 1589 1136 1618 ne
1152 1586 1359 1635 sequatur
1377 1588 1419 1623 te
1433 1615 1444 1635 ,

60 1644 184 1688 times
199 1658 254 1687 ne
274 1650 466 1687 transeat
489 1650 530 1684 te
548 1643 566 1682 ?
596 1642 726 1685 Certe
751 1640 893 1699 diligis
915 1643 1162 1701 proximum
1177 1655 1385 1707 tanquam
1405 1660 1447 1696 te

57 1714 216 1772 ipsum.
237 1711 322 1757 Sed
334 1726 424 1755 non
442 1710 600 1770 loquor
613 1709 669 1754 de
685 1709 860 1754 invidis.
881 1714 1060 1758 Avertat
1077 1715 1195 1759 enim
1208 1719 1322 1762 Deus
1334 1720 1448 1766 hanc

58 1792 223 1843 pestem
251 1782 307 1827 ab
336 1780 490 1825 animis
521 1780 719 1824 omnium
751 1781 981 1826 hominum
1000 1818 1012 1838 ‚
1044 1784 1209 1830 nedum
1236 1789 1447 1836 Christia-

59 1868 217 1898 norum
239 1871 248 1896 :
267 1852 423 1896 vitium
445 1849 712 1894 diabolicum
729 1884 740 1905 ,
766 1866 854 1909 quo
878 1851 996 1896 solus
1015 1852 1218 1901 diabolus
1236 1873 1334 1905 reus
1364 1871 1443 1917 est,

58 1933 102 1968 et
121 1920 439 1983 inexpiabiliter
460 1936 573 1965 reus.
595 1923 694 1966 Non
715 1923 834 1965 enim
861 1922 1021 1967 dicitur
1043 1925 1221 1972 diabolo
1250 1939 1300 1974 ut
1320 1931 1446 1976 dam-

56 2003 188 2038 netur
209 2012 218 2038 :
243 1991 523 2037 Adulterium
560 1990 836 2045 commisisti,
873 1991 1046 2037 furtum
1087 1994 1252 2053 fecisti,
1297 2001 1444 2047 villam

58 2063 243 2108 alienam
259 2061 466 2120 rapuisti,
490 2060 567 2104 sed
591 2077 601 2105 ε
626 2060 805 2104 Homini
828 2063 958 2107 stanti
978 2063 1124 2123 lapsus
1146 2066 1351 2114 invidisti.
1372 2074 1446 2116 In-

56 2131 247 2179 videntia
264 2129 531 2174 diabolicum
551 2129 707 2173 vitium
731 2139 795 2174 est
813 2148 822 2175 z
843 2131 920 2176 sed
941 2133 1075 2178 habet
1098 2145 1281 2181 matrem
1301 2155 1440 2185 suam.

58 2201 272 2262 Superbia
288 2208 470 2245 vocatur
486 2206 624 2241 mater
644 2197 913 2244 invidentiae.
945 2204 1157 2262 Superbia
1184 2207 1353 2254 invidos
1376 2210 1444 2256 fa-

57 2273 130 2318 cit.
165 2272 339 2317 Suffoca
364 2278 571 2324 matrem,
597 2277 641 2312 et
664 2283 755 2313 non
783 2269 863 2313 erit
884 2270 988 2317 filia.
1019 2274 1126 2320 Ideo
1151 2277 1443 2327 humilitatem

58 2342 210 2390 docuit
231 2341 443 2387 Christus.
470 2343 568 2386 Non
590 2354 692 2398 ergo
716 2339 873 2399 loquor
895 2341 1052 2388 invidis
1067 2379 1079 2400 ,
1112 2346 1226 2391 bene
1247 2353 1442 2409 optanti-

54 2414 137 2459 bus
150 2413 323 2474 loquor.
342 2411 433 2456 Illis
447 2412 605 2471 loquor
618 2411 694 2470 qui
707 2419 860 2470 optant
873 2412 986 2457 bene
1005 2415 1169 2472 amicis,
1188 2428 1238 2463 ut
1251 2420 1441 2468 habeant

59 2493 229 2530 tantum
244 2491 460 2542 quantum
473 2482 637 2525 habent
652 2490 695 2525 et
708 2481 802 2540 ipsi.
821 2484 986 2542 Optant
1001 2484 1111 2530 bene
1129 2491 1372 2548 egentibus,
1390 2506 1439 2538 ut

1212 2562 1250 2599 ὅ.
