1729 3143
231 217 318 259 222
673 224 708 254 s.
743 223 977 253 Aueus‘nm
1008 225 1192 254 zmscom

227 294 433 348 sentiens,
450 293 584 337 vitam
600 289 799 333 omnium
815 290 1046 334 hominum
1063 298 1108 335 et
1121 291 1445 349 generationem
1457 292 1504 337 in
1516 306 1617 352 sep-

225 374 316 411 tem
330 362 542 408 sideribus
565 359 801 404 consistere
824 360 1064 405 affirmans.

281 435 399 477 XVI.
421 429 738 476 Herocleonitae
748 430 803 474 ab
813 429 1082 475 Heracleone
1094 430 1308 490 discipulo
1319 432 1611 490 superiorum,

221 505 312 549 duo
332 509 527 547 asserunt
540 501 766 561 principia,
790 516 932 546 unum
954 517 1006 546 ex
1028 500 1181 558 altero,
1209 511 1254 547 et
1277 517 1330 547 ex
1350 502 1415 546 his
1439 502 1616 547 duobus

223 574 304 618 alia
325 572 529 631 plurima.
553 574 775 616 Feruntur
797 583 945 617 autem
961 587 1060 618 suos
1082 572 1317 617 morientes
1344 587 1457 617 novo
1481 570 1617 616 modo

221 643 344 703 quasi
366 642 578 688 redimere
592 678 603 700 ,
628 643 676 688 id
696 653 760 689 est
775 679 786 699 ‚
811 659 890 704 per
911 645 1081 700 oleum,
1107 644 1353 689 balsamum
1370 653 1414 689 et
1434 658 1612 704 aquam,

224 723 267 758 et
286 715 581 762 invocationes
606 730 713 777 quas
735 714 964 762 Hebraicis
984 716 1129 762 verbis
1150 716 1307 761 dicunt
1324 730 1457 775 super
1478 714 1624 774 capita

224 801 400 831 eorum.
679 836 681 839 Α

282 859 428 902 XVII.
448 857 624 917 Ophitae
651 872 675 903 a
696 856 879 903 colubro
895 857 1111 902 nominati
1137 865 1264 902 sunt:
1289 855 1472 901 coluber
1497 854 1616 899 enim

224 942 363 986 graece
383 929 458 981 ὄφις
478 927 654 973 dicitur.
674 930 806 972 Hunc
821 936 968 972 autem
988 927 1211 973 Christum
1229 926 1496 970 arbitrantur
1515 914 1624 970 :sed

222 997 389 1042 habent
425 999 555 1042 etiam
585 1013 739 1043 verum
773 998 1006 1042 colubrum
1046 1005 1267 1041 assuetum
1304 1010 1458 1040 eorum
1487 1007 1624 1053 panes

221 1066 440 1123 lambere,
475 1077 608 1128 atque
643 1069 703 1113 ita
738 1068 797 1112 eis
832 1067 956 1113 velut
991 1067 1297 1112 eucharistiam
1332 1065 1623 1110 sanctificare.

221 1138 412 1191 Quidam
439 1139 594 1182 dicunt
623 1140 727 1177 istos
746 1140 930 1192 ophitas
954 1154 1006 1184 ex
1026 1137 1254 1185 Nicolaitis
1283 1137 1373 1183 sive
1409 1134 1628 1181 Gnosticis

220 1210 437 1261 extitisse,
476 1215 520 1250 et
551 1218 629 1263 per
655 1217 809 1247 eorum
841 1203 1043 1254 fabulosa
1068 1212 1275 1270 figmenta
1311 1207 1367 1254 ad
1389 1207 1627 1253 colubrum

222 1276 461 1323 colendum
478 1274 612 1318 fuisse
634 1282 913 1334 perventum.

279 1348 449 1391 XVIII.
484 1343 639 1389 Cai‘ani
660 1353 892 1404 propterea
918 1344 978 1388 sic
1007 1342 1233 1403 appellati,
1266 1344 1478 1403 quoniam
1506 1344 1621 1388 C-ai'n

222 1419 468 1469 honorant,
495 1414 689 1458 dicentes
711 1428 812 1457 eum
832 1413 1077 1458 fortissimae
1095 1428 1185 1458 esse
1206 1413 1396 1458 virtutis.
1422 1412 1562 1458 Simul
1579 1421 1624 1458 et

222 1491 247 1534 J
252 1488 381 1532 udam
403 1484 660 1530 traditorem
678 1483 878 1529 divinum
899 1484 1067 1544 aliquid
1089 1492 1247 1544 putant
1263 1519 1274 1539 ,
1299 1494 1343 1528 et
1364 1483 1505 1528 scelus
1529 1484 1621 1544 ejus
1688 1535 1690 1537 ,

224 1557 488 1603 beneficium
509 1555 752 1614 deputant3
777 1563 1013 1599 asserentes
1035 1569 1136 1598 eum
1164 1554 1384 1614 praescisse
1405 1563 1625 1614 quantum

225 1637 335 1673 esset
357 1626 504 1685 generi
524 1627 720 1670 humano
742 1625 912 1689 Christi
924 1626 1065 1685 passio
1083 1624 1330 1686 profutura,
1356 1635 1400 1670 et
1422 1625 1625 1671 occiden-

224 1698 332 1743 dum
355 1697 518 1741 Judaeis
540 1706 770 1756 propterea
786 1695 1030 1741 tradidisse.
1047 1695 1151 1741 Illos
1167 1697 1315 1752 etiam,
1342 1697 1421 1756 qui
1437 1697 1624 1741 schisma

222 1769 428 1813 facientes
442 1768 488 1811 in
505 1767 647 1826 primo
663 1765 829 1826 populo
845 1766 944 1820 Dei,
970 1775 1085 1811 terra
1102 1766 1356 1811 dehiscente
1373 1767 1618 1827 perierunt,

224 1849 266 1884 et
292 1838 554 1885 Sodomistas
579 1836 720 1881 colere
746 1836 1076 1895 perhibentur1.
1103 1837 1417 1895 Blasphemant
1439 1841 1620 1895 Legem,

225 1920 268 1956 et
282 1914 421 1955 Deum
434 1909 562 1968 Legis
578 1917 802 1953 auctorem
814 1908 1045 1967 carnisque
1062 1908 1426 1952 resurrectionem
1438 1915 1620 1965 negant.

284 1983 407 2025 XIX.
447 1980 640 2025 Sethiani
661 1993 824 2023 nomen
845 1986 1108 2037 aeceperunt
1130 1993 1153 2021 a
1174 1977 1264 2022 filio
1287 1977 1420 2031 Adae,
1448 1977 1524 2036 qui
1542 1992 1623 2021 vo-

228 2060 349 2096 catus
372 2059 435 2094 est
470 2050 605 2095 Seth:
631 2064 732 2093 eum
760 2048 924 2107 quippe
956 2048 1200 2102 honorant,
1235 2047 1312 2091 sed
1345 2045 1545 2091 fabulosa
1579 2055 1624 2090 et

227 2123 432 2167 haeretica
464 2120 670 2166 vanitate.
705 2119 867 2163 Dicunt
894 2119 1011 2162 enirn
1039 2132 1140 2162 eum
1173 2117 1229 2161 de
1259 2132 1449 2176 superna
1481 2123 1619 2160 matre

227 2202 404 2248 natum,
429 2207 563 2252 quam
585 2188 817 2250 perhibent
838 2188 1090 2233 convenisse
1112 2180 1215 2232 cum
1247 2201 1438 2246 superno
1465 2195 1588 2245 patre
1606 2220 1618 2240 ‚

229 2263 348 2308 unde
369 2262 570 2308 divinum
590 2275 738 2305 semen
759 2259 879 2303 aliud
900 2267 1164 2313 nasceretur,
1189 2255 1398 2316 tanquam
1426 2255 1618 2300 filiorum

230 2337 324 2379 Dei.
348 2334 405 2380 Hi
421 2347 599 2394 quoque
621 2332 760 2375 multa
776 2330 830 2374 de
847 2330 1163 2390 principatibus
1177 2337 1220 2373 et
1236 2327 1525 2387 potestatibus
1543 2342 1620 2371 va-

233 2406 405 2450 nissima
436 2404 706 2449 fabulantur.
733 2401 924 2456 Quidam
956 2415 1028 2446 eos
1061 2400 1214 2445 dicunt
1243 2401 1342 2444 Sem
1364 2397 1503 2442 filium
1526 2398 1618 2443 Noe‘

235 2477 455 2522 Christum
476 2485 647 2535 putare.

284 2567 292 2584 ¹
318 2562 409 2594 Num.
430 2571 499 2602 xvx,
524 2561 577 2592 31.
