1729 3143
433 239 486 265 DE
517 238 726 273 sYMBOLo‚
754 238 891 264 :si-:nmo
923 239 988 263 111.
1348 227 1400 263 83

25 322 45 345 »
71 305 153 347 bus
176 312 220 347 et
244 304 380 347 tribus
401 302 602 347 noctibus
623 304 652 344 ¹.
681 320 700 341 n
726 303 809 345 Sed
828 318 904 346 nos
926 311 1124 345 neutram
1149 317 1299 345 eorum
1329 318 1405 344 va-

22 382 198 418 cuantes
217 373 492 427 sententiam,
516 371 668 415 melius
683 380 844 426 tamen,
861 373 894 415 si
912 371 1076 430 placet,
1093 372 1138 415 in
1153 371 1218 415 his
1237 372 1407 430 spirita-

21 441 107 486 lem
138 443 407 503 requiramus
442 439 713 484 Intellectum
732 474 743 494 ‚
781 441 1005 499 quomodo
1045 441 1180 485 Filius
1218 441 1408 485 hominis

21 510 155 556 fuerit
176 512 221 556 in
238 512 368 557 corde
388 520 514 555 terrae
530 509 670 553 tribus
690 508 845 552 diebus
867 518 911 552 et
926 509 1065 554 tribus
1078 510 1280 555 noctibus
1300 530 1308 556 ε
1329 520 1410 555 tres

22 581 113 626 dies
125 582 205 626 tria
226 591 422 640 tempora
440 580 588 624 saeculi
608 589 822 638 ponentes
840 614 851 633 ,
875 588 975 622 ante
992 579 1131 638 legem
1150 616 1161 635 ‚
1187 581 1267 625 sub
1285 581 1380 640 lege
1395 616 1407 637 ‚

20 651 102 695 sub
114 651 247 708 gratia
266 671 277 707 3
302 659 346 694 et
365 659 452 693 tres
468 659 617 693 noctes
641 658 725 693 tres
737 658 897 693 mortes
911 684 922 704 ,
944 649 988 692 id
1002 658 1066 693 est
1079 683 1091 705 ,
1114 660 1201 694 tres
1216 661 1410 697 mortuos

19 735 127 780 quos
158 720 379 764 suscitavit
411 720 622 765 Dominus
653 735 841 779 praesens
859 720 906 764 in
928 736 1078 776 carne,
1102 721 1234 765 filiam
1266 723 1408 766 archi-

18 791 228 850 synagogi
243 791 289 835 in
303 790 435 835 domo
451 825 462 845 ‚
483 791 624 835 filium
640 791 786 836 viduae
802 792 906 836 foris
921 801 1090 851 portam
1106 826 1117 848 ‚
1139 801 1182 837 et
1197 796 1408 838 Lazarum

18 860 361 921 quatriduanum
387 860 443 905 de
479 861 680 920 sepulcro
700 865 733 906 2.
766 862 891 906 Unde
919 863 1034 907 enim
1057 878 1173 908 mors
1188 898 1200 918 ,
1225 863 1309 907 nisi
1330 878 1408 922 per

17 937 276 995 peccatum?
297 939 354 980 Et
385 934 493 996 quid
524 944 626 980 sunt
656 946 861 996 peccata,
897 938 978 982 nisi
1010 953 1180 997 magnae
1213 938 1408 982 tenebrae

18 1021 117 1065 quae
148 1004 317 1050 faciunt
352 1022 525 1065 gravem
561 1010 768 1052 noctem?
792 1011 856 1052 Ita
879 1024 982 1068 ergo
1004 1009 1084 1053 sibi
1106 1009 1374 1054 conveniunt
1394 1042 1406 1063 ‚

17 1085 66 1120 ut
86 1092 201 1121 unus
214 1077 304 1119 dies
317 1078 370 1117 sit
383 1086 483 1118 ante
500 1077 638 1131 legem
657 1109 669 1128 ,
689 1079 868 1134 quando
890 1089 1120 1134 peccatum
1140 1080 1307 1121 latebat
1330 1096 1338 1122 :
1363 1086 1406 1121 et

17 1145 120 1189 huic
138 1144 304 1189 accedit
326 1158 414 1187 nox
436 1142 508 1187 illa
523 1178 534 1198 ,
560 1142 678 1203 quod
701 1143 846 1203 puella
870 1154 1041 1189 mortua
1066 1145 1111 1189 in
1134 1145 1266 1192 domo
1283 1147 1406 1206 jace-

16 1215 110 1270 bat,
124 1223 335 1273 tanquam
348 1223 575 1273 peccatum
592 1213 702 1257 intra
718 1214 1026 1260 conscientiam
1042 1215 1223 1261 latebat.
1249 1218 1408 1262 Secun-

17 1284 99 1328 dus
111 1284 201 1328 dies
212 1284 266 1327 sit
278 1283 360 1327 sub
370 1283 480 1341 lege,
496 1282 674 1342 quando
687 1283 853 1327 dictum
868 1293 931 1328 est
943 1285 1110 1329 homini
1129 1305 1137 1331 z
1157 1304 1177 1328 «
1194 1288 1291 1332 Non
1306 1303 1408 1332 con·

21 1371 42 1395 »
67 1353 284 1412 cupisces3
298 1387 308 1407 ,
327 1371 346 1393 »
365 1362 408 1397 et
426 1361 656 1412 peccatum
675 1354 882 1411 processit
902 1353 956 1397 ad
976 1355 1224 1411 publicum:
1248 1367 1291 1402 et
1304 1358 1410 1402 huic

20 1422 186 1472 accedit
202 1437 288 1467 nox
303 1421 375 1465 illa
392 1453 404 1475 ,
424 1421 545 1480 quod
560 1421 674 1465 filius
691 1421 835 1465 viduae
852 1420 957 1465 foris
974 1431 1145 1480 portam
1162 1458 1173 1476 ,
1198 1436 1410 1486 tanquam

19 1502 246 1552 peceatum
268 1493 440 1545 animae,
463 1492 585 1550 quod
605 1493 723 1535 intus
741 1491 933 1546 latebat,
959 1495 1165 1550 processit
1181 1493 1235 1538 ad
1258 1497 1408 1553 publi-

19 1579 135 1608 cum.
163 1564 331 1607 Tertius
354 1561 445 1606 dies
468 1562 520 1605 sit
537 1562 620 1605 sub
643 1561 778 1620 gratia
793 1596 805 1615 ‚
830 1561 1008 1620 quando
1025 1563 1117 1622 jam
1138 1563 1236 1622 plus
1260 1576 1411 1624 peccat

20 1634 189 1689 anima,
220 1634 321 1693 quia
350 1633 429 1676 scit
449 1631 721 1676 voluntatem
744 1631 918 1675 Doinini
949 1632 1045 1686 sui,
1077 1643 1119 1677 et
1150 1632 1254 1678 facit
1276 1634 1409 1695 digna

19 1702 156 1762 plagis
173 1704 189 1728 ⁴
206 1737 217 1757 ‚
243 1711 286 1746 et
305 1703 384 1746 sub
402 1711 521 1745 tanta
548 1701 818 1759 plenitudine
839 1701 985 1758 gratiae
1001 1735 1012 1756 ‚
1037 1702 1190 1759 merito
1208 1715 1409 1763 peccato-

20 1789 117 1818 rum
135 1775 222 1833 jam
246 1782 371 1832 putet
395 1792 403 1817 :
429 1782 472 1816 et
494 1772 597 1816 huic
619 1771 785 1816 accedit
807 1787 895 1816 nox
911 1771 995 1816 *illa
1019 1774 1169 1818 mortis
1190 1777 1339 1820 Lazari
1363 1778 1408 1821 in

20 1843 219 1901 sepulcro
235 1843 416 1902 jacentis
432 1877 443 1895 ‚
469 1851 677 1901 tanquam
696 1842 852 1886 animae
875 1843 1061 1901 peccatis
1079 1844 1249 1890 obrutae
1270 1855 1314 1891 et
1332 1846 1409 1891 foe-

20 1913 165 1956 tentis.
192 1915 244 1956 In
278 1912 344 1956 his
366 1911 507 1955 tribus
530 1910 684 1955 diebus
719 1920 763 1955 et
793 1912 997 1957 noctibus
1031 1912 1115 1958 fuit
1135 1915 1332 1961 Christus
1361 1917 1407 1962 in

21 1982 151 2027 corde
173 1992 298 2027 terrae
312 2017 324 2037 ‚
347 1983 433 2026 hoc
453 1990 516 2026 est
535 2016 547 2035 ,
565 1981 702 2040 jacuit
727 1980 834 2025 fides
856 1983 1014 2027 Christi
1043 1984 1089 2028 in
1111 1986 1317 2032 cordibus
1339 2003 1410 2033 eo-

22 2068 120 2096 rum
139 2054 216 2114 qui
232 2053 430 2098 habitant
451 2052 497 2096 in
519 2061 647 2096 terra.
674 2052 849 2096 Habent
865 2067 968 2111 ergo
990 2054 1145 2098 animae
1167 2057 1213 2100 in
1230 2058 1296 2102 his
1313 2058 1408 2102 die-

23 2122 106 2166 bus
127 2132 170 2167 et
191 2123 391 2167 noctibus
408 2131 449 2166 et
470 2130 688 2181 praecepta
708 2121 812 2180 legis
835 2132 878 2166 et
894 2138 1020 2167 voces
1041 2126 1309 2184 poenitentiae
1323 2163 1334 2183 ‚
1360 2138 1410 2173 ut

22 2207 245 2251 resurgere
266 2192 429 2252 possint
453 2206 554 2234 cum
574 2191 762 2235 Christo.
787 2191 856 2235 Ad
878 2191 994 2237 diem
1012 2203 1055 2238 et
1073 2205 1246 2241 noctem
1267 2197 1409 2243 laten-

21 2262 76 2307 tis
104 2265 297 2322 peccati,
321 2262 388 2306 lex
426 2260 498 2304 illa
533 2269 596 2304 est
629 2260 838 2319 generalis
863 2280 873 2306 :
901 2281 922 2304 «
946 2263 1073 2316 Quod
1098 2266 1179 2310 tibi
1199 2267 1294 2311 fieri
1321 2285 1412 2314 non

22 2351 44 2374 »
69 2334 131 2377 vis
149 2368 160 2388 ,
200 2333 270 2377 alii
307 2348 363 2377 ne
397 2331 547 2376 feceris
569 2333 605 2374 5,
630 2349 651 2372 n
676 2333 733 2375 Et
768 2346 851 2375 vox
879 2334 1153 2390 poenitentiae
1181 2338 1271 2397 ejus
1302 2349 1365 2384 est
1391 2359 1401 2385 ε

26 2422 46 2446 «
70 2403 234 2448 Delicta
264 2403 505 2463 juventutis
538 2411 581 2446 et
610 2401 865 2461 ignorantiae
892 2418 1000 2449 meae
1025 2421 1080 2450 ne
1108 2423 1275 2454 memor
1304 2408 1404 2456 fue-

71 2509 83 2525 ¹
101 2501 220 2534 Matth.
240 2511 299 2540 m,
316 2498 370 2541 4ο.
387 2516 428 2523 -
441 2505 454 2522 ²
471 2498 594 2531 Matth.
611 2507 658 2538 nr,
675 2499 755 2540 Luc,
770 2496 834 2541 virs,
854 2502 886 2532 et
898 2500 991 2533 Joan.
1010 2511 1055 2535 ιι.
1072 2518 1114 2525 -
1129 2501 1144 2527 3
1160 2505 1258 2539 Exod-
1274 2516 1331 2549 xx,
1353 2517 1405 2549 ¹7·

25 2556 94 2588 -4
107 2560 184 2591 Luc.
209 2568 263 2599 xn,
284 2555 339 2598 47.
354 2573 397 2581 —
415 2554 430 2579 5
448 2554 567 2596 Tobiae,
586 2564 631 2596 ιν,
653 2553 706 2587 ι6.

1146 2615 1185 2655 6.
