1729 3143
221 181 307 222 430
633 195 664 220 s.
701 190 932 220 Auous'ruu
964 191 1145 219 nmscon

217 274 283 304 sas
299 273 402 304 vero
418 257 592 301 arbores
609 255 841 300 insultatur
852 255 1126 311 hominibus,
1143 263 1194 299 ut
1205 255 1450 314 intelligant
1466 268 1599 314 quam

218 331 272 375 sit
301 327 648 373 erubescendum
680 328 772 372 sine
801 328 949 372 fructu
983 328 1202 372 bonorum
1229 341 1410 386 operum
1437 341 1526 370 esse
1555 326 1600 369 in

219 416 321 458 agro
341 399 444 453 Dei,
472 400 553 443 hoc
571 408 634 443 est
649 434 660 454 ‚
692 399 738 443 in
755 399 972 457 Ecelesia3
995 408 1039 443 et
1061 398 1242 443 timeant
1265 413 1320 442 ne
1344 396 1512 442 deserat
1528 411 1601 440 eos

218 474 331 514 Deus
346 504 358 524 ‚
382 469 484 529 quia
504 479 548 514 et
568 470 648 530 ipsi
671 470 717 515 in
734 472 844 530 agris
864 472 950 515 suis
970 469 1261 514 infructuosas
1282 469 1456 513 arbores
1477 469 1601 512 dese-

215 548 343 594 runt,
368 555 449 584 nee
466 539 661 600 aliquam
678 541 894 586 culturam
911 541 970 585 eis
989 539 1216 584 adhibent.
1237 542 1352 585 Ante
1374 546 1601 598 peccatum

213 624 315 667 ergo
333 610 520 656 hominis
542 627 632 656 non
653 622 716 657 est
736 614 947 672 scriptum
963 647 975 668 ‚
1005 609 1128 672 quod
1158 619 1275 654 terra
1307 608 1425 654 aliud
1447 617 1602 669 protu-

212 680 311 725 lerit
342 682 423 726 uisi
457 683 639 727 herbam
663 683 813 743 pabuli
835 693 879 728 et
898 683 1017 742 ligna
1038 682 1262 727 fructuosa
1287 699 1296 725 :
1322 688 1418 739 post
1443 694 1603 738 pecca-

213 760 307 796 tum
330 763 475 798 autem
492 754 687 799 videmus
708 755 846 800 multa
864 755 1042 800 horrida
1063 763 1106 799 et
1126 752 1397 798 infructuosa
1413 750 1468 795 de
1491 759 1602 795 terra

212 824 331 867 nasci
352 859 364 879 ‚
400 825 532 870 credo
565 836 743 886 propter
779 842 875 871 eam
909 842 1084 872 causam
1114 841 1248 886 quam
1280 825 1482 869 diximus.
1530 821 1600 871 Sic.

212 893 326 936 enim
351 894 511 933 dicitur
543 897 599 934 ad
621 898 811 949 primum
830 898 1055 935 hominem
1077 906 1361 951 posteaquam
1377 893 1597 949 peccavit:

214 981 236 1005 «
259 960 493 1006 Maledicta
522 962 603 1005 erit·
625 971 738 1006 terra
771 962 849 1006 tibi
875 963 921 1007 in
953 963 1157 1007 omnibus
1189 962 1393 1022 operibus
1414 961 1499 1005 tuis
1522 979 1531 1005 :
1553 959 1599 1004 in

214 1049 234 1074 »
260 1032 433 1076 tristitia
450 1041 491 1076 et
513 1033 678 1091 gemitu
700 1033 800 1077 edes
821 1049 871 1078 ex
887 1049 938 1078 ea
959 1034 1162 1079 omnibus
1179 1033 1334 1078 diebus
1351 1032 1452 1077 vitae
1479 1040 1568 1075 tuae
1586 1049 1595 1075 ε

212 1121 233 1145 »
259 1103 402 1162 spinas
425 1113 467 1147 et
484 1104 670 1149 tribulos
687 1106 828 1167 eJ'iciet
846 1107 927 1151 tihi
945 1142 957 1162 ,
982 1115 1026 1151 et
1047 1106 1147 1151 edes
1165 1105 1376 1166 pabulum
1395 1104 1484 1162 agri
1501 1103 1566 1148 tui
1586 1121 1595 1147 ε

211 1191 232 1216 »
258 1174 303 1218 in
323 1174 481 1219 sudore
502 1176 649 1222 vultus
671 1178 736 1222 tui
758 1178 858 1223 edes
881 1194 1039 1238 panem
1062 1187 1188 1223 tuum
1204 1213 1216 1234 ,
1242 1177 1382 1222 donec
1404 1183 1598 1221 reverta-

211 1263 232 1287 »
257 1245 314 1289 ris
348 1246 393 1289 in
426 1256 585 1291 terram
613 1248 668 1292 de
694 1265 782 1310 qua
803 1259 1003 1310 sumptus
1024 1265 1098 1309 es;
1121 1249 1222 1310 quia
1247 1258 1361 1294 terra
1386 1263 1430 1292 es
1446 1282 1459 1304 ,
1488 1255 1531 1291 et
1552 1246 1598 1290 in

212 1335 231 1357 »
258 1324 417 1359 terram
434 1316 517 1361 ibis
533 1319 563 1361 1.
588 1336 609 1360 »

265 1388 363 1430 XX.
394 1406 414 1430 «
437 1390 493 1431 Et
514 1387 621 1433 dixit
644 1392 757 1434 Deus
777 1408 786 1435 ε
809 1390 938 1435 Fiant
956 1390 1095 1435 sidera
1111 1390 1158 1434 in
1174 1390 1452 1433 firmamento
1473 1386 1593 1442 coeli,

208 1473 229 1498 »
254 1456 314 1500 sic
344 1466 393 1502 ut
422 1457 597 1503 luceant
624 1475 753 1520 super
777 1470 937 1506 terram
954 1496 965 1516 ,
990 1470 1035 1506 et
1061 1460 1261 1506 dividant
1281 1459 1396 1514 inter
1417 1458 1534 1502 diem
1553 1466 1597 1502 et

209 1544 229 1568 »
254 1537 429 1572 noctem
446 1564 459 1585 ,
484 1539 528 1575 et
549 1530 635 1575 sint
657 1532 702 1575 in
719 1533 839 1591 signa
854 1568 866 1588 ‚
891 1542 935 1577 et
955 1533 1002 1577 in
1021 1542 1218 1593 tempora
1235 1566 1247 1587 ‚
1272 1540 1316 1576 et
1339 1531 1386 1575 in
1406 1530 1497 1574 dies
1515 1564 1527 1585 ‚
1552 1538 1596 1574 et

208 1615 229 1638 »
254 1598 300 1642 in
322 1614 458 1644 annos
473 1634 486 1656 ‚
525 1609 568 1645 et
599 1602 686 1647 sint
715 1603 763 1647 in
792 1603 1069 1663 splendorem
1090 1605 1137 1649 in
1162 1604 1439 1648 firmamento
1461 1600 1562 1646 coeli
1581 1634 1592 1655 ‚

206 1685 228 1711 u
251 1669 311 1714 sic
333 1679 383 1715 ut
402 1670 580 1716 luceant
596 1688 726 1733 super
747 1683 923 1720 terram.
951 1678 1006 1720 Et
1023 1676 1084 1720 sie
1105 1684 1169 1720 est
1192 1675 1375 1719 factum.
1406 1674 1463 1717 Et
1491 1671 1596 1716 feeit

207 1756 228 1780 »
255 1743 369 1785 Deus
392 1741 482 1786 duo
507 1741 738 1788 luminaria
755 1779 767 1800 ,
792 1746 929 1805 majus
951 1755 994 1790 et
1015 1745 1159 1789 minus
1185 1764 1195 1789 ι
1221 1745 1434 1787 luminare
1455 1743 1595 1801 majus

206 1827 227 1850 »
253 1810 300 1854 in
330 1812 654 1858 inchoationem
675 1814 786 1870 diei,
811 1825 854 1859 et
874 1815 1089 1859 luminare
1112 1815 1258 1857 minus
1279 1814 1325 1856 in
1347 1812 1594 1857 inchoatio-

208 1897 229 1922 »
255 1896 355 1926 nem
376 1884 515 1929 noctis
534 1919 546 1939 ‚
582 1895 625 1929 et
648 1885 806 1930 stellas.
845 1889 901 1931 Et
927 1886 1072 1946 posuit
1104 1885 1200 1929 illas
1233 1888 1345 1928 Deus
1377 1884 1422 1927 in
1446 1883 1595 1927 firma-

207 1969 229 1992 »
254 1963 403 1999 mento
430 1955 557 2011 coeli,
595 1956 653 2000 sic
684 1967 734 2001 ut
764 1956 940 2002 luceant
973 1972 1103 2017 super
1132 1966 1291 2001 terram
1309 1990 1320 2010 ‚
1352 1964 1397 2000 et
1417 1954 1596 2014 praesint

207 2039 228 2063 »
252 2022 339 2068 diei
360 2035 403 2070 et
424 2026 542 2070 nocti
558 2061 569 2081 ‚
594 2036 638 2071 et
655 2027 980 2073 dividantinter
998 2027 1114 2072 diem
1133 2037 1177 2072 et
1194 2036 1384 2072 noctem.
1411 2028 1468 2070 Et
1483 2024 1595 2070 vidit

207 2109 229 2134 »
255 2097 366 2139 Deus
386 2097 488 2156 quia
515 2097 681 2142 bonum
706 2109 784 2144 est.
820 2102 876 2144 Et
904 2098 1018 2144 facta
1041 2108 1104 2144 est
1127 2114 1303 2159 vespera
1320 2133 1331 2154 ,
1362 2106 1406 2142 et
1426 2096 1594 2141 factum

207 2180 228 2203 »
254 2174 317 2208 est
347 2181 476 2211 mane
496 2168 586 2213 dies
612 2180 792 2228 quartus
806 2172 839 2214 ².
865 2190 886 2213 »
924 2171 1006 2216 Hic
1028 2171 1169 2231 primo
1196 2178 1402 2232 quaerunt
1422 2204 1433 2224 ‚
1475 2183 1592 2228 quo-⁴

206 2234 336 2279 modo
356 2247 513 2297 quarto
539 2239 609 2283 die
631 2241 748 2285 facta
770 2241 855 2286 sint
876 2241 1016 2287 sidera
1033 2278 1045 2297 ‚
1069 2242 1115 2286 id
1137 2251 1201 2286 est
1215 2277 1227 2297 ‚
1252 2241 1316 2286 sol
1345 2249 1388 2284 et
1414 2238 1519 2282 luna
1549 2247 1595 2283 et

207 2303 357 2347 Stellae·
382 2312 484 2356 Tres
505 2311 621 2355 enim
644 2311 734 2357 dies
755 2315 996 2373 superiores
1020 2314 1242 2374 quomodo
1270 2329 1360 2358 esse
1385 2313 1476 2357 sine
1503 2312 1592 2357 sole

206 2384 446 2432 PotUffl'Usst
464 2412 476 2432 ‚
504 2393 602 2427 cum
616 2384 839 2428 videamus
857 2401 975 2430 nunc
997 2386 1097 2430 solis
1119 2396 1219 2430 ortu
1237 2395 1279 2429 et
1300 2400 1456 2430 occasu
1477 2383 1591 2428 diem

207 2445 412 2504 transigi,
437 2457 611 2493 noctem
637 2465 739 2499 vero
761 2455 884 2500 nobis
919 2456 1013 2500 fieri
1033 2456 1132 2502 solis
1156 2456 1352 2502 absentia
1368 2489 1380 2512 ‚
1404 2468 1504 2501 cum
1537 2453 1592 2497 ab

255 2532 265 2549 ¹
286 2528 365 2560 Gen.
381 2539 433 2570 ιιι,
456 2540 573 2573 ¹7·19-
593 2549 634 2556 —
651 2539 664 2556 ²
684 2534 737 2567 Id.
761 2546 788 2575 1,
814 2537 931 2582 ¹4·19·

1698 3048 1707 3143 Q„
1697 2878 1703 3044 -.--,-,.-
