1729 3143
0 518 9 547 ι-ν
0 397 8 477 e--w
0 309 10 338 ⁶-

561 225 615 252 ΒΕ
647 226 815 264 essnsssr,
850 226 934 253 Lm.
970 225 1020 252 11.
1392 213 1479 256 4⁷9

98 286 293 331 bidinem
313 288 461 333 relicta
483 289 593 334 facie
613 291 826 345 veritatis,
850 299 894 335 et
915 293 1031 335 Deus
1050 304 1234 350 corpora
1261 305 1412 336 eorum
1433 291 1479 335 in

97 355 222 400 istam
243 357 551 402 mortalitatem
571 361 710 403 carnis
732 359 936 414 mutavit,
961 359 1040 403 ubi
1056 358 1194 405 latent
1208 359 1340 404 corda
1356 375 1480 404 men-

98 424 234 471 dacia.
260 430 411 487 Neque
432 429 549 472 enim
564 429 609 473 in
625 428 708 473 illis
721 428 976 488 corporibus
997 429 1248 474 coelestibus
1267 430 1329 474 sic
1343 429 1479 475 latere

97 511 220 555 posse
246 498 526 555 cogitationes
550 499 818 544 credendum
840 508 924 553 est,
950 499 1326 558 quemadmodum
1346 501 1392 544 in
1413 500 1481 545 his

95 567 347 626 corporibus
380 567 517 614 latent
543 588 551 614 :
576 568 652 614 sed
682 569 794 613 sicut
824 568 1028 613 nonnulli
1057 579 1201 615 motus
1234 570 1480 615 animorum

96 646 306 696 apparent
326 638 371 682 in
391 638 541 694 vultu,
567 648 610 683 et
630 639 818 683 maxime
840 639 890 682 iri
908 637 1070 693 oculis,
1095 639 1155 684 sic
1186 640 1232 684 in
1259 639 1335 684 illa
1361 654 1483 699 pers·-

93 706 304 766 picuitate
324 723 373 753 ac
395 709 671 768 simplicitate
689 709 932 755 coelestium
952 724 1184 768 corporum
1211 725 1361 754 omnes
1382 725 1480 755 om-

92 776 198 822 nino
219 787 363 823 motus
385 779 519 823 animi
539 779 676 824 latere
697 794 786 824 non
818 780 1017 824 arbitror.
1056 782 1209 839 Itaque
1240 779 1305 824 illi
1337 795 1480 825 mere-

92 846 260 892 buntur
271 849 586 894 habitationem
598 849 718 894 illam
732 859 775 895 et
785 849 1169 894 commutationem
1182 851 1228 895 in
1240 850 1480 910 angelicam

90 915 306 973 formam,
331 919 407 977 qui
429 920 559 964 etiam
587 920 634 962 in
662 920 743 964 hac
771 921 859 964 vita
889 934 990 963 cum
1024 920 1190 978 possint
1213 920 1297 964 sub
1324 922 1482 966 tunicis

91 987 280 1047 pelliceis
299 990 520 1034 occultare
541 988 767 1034 mendacia
784 1024 795 1045 ‚
820 989 1010 1034 oderunt
1026 998 1174 1034 tamen
1189 1005 1241 1035 ea
1261 999 1305 1035 et
1326 1000 1482 1037 cavent

90 1057 421 1116 flagrantissimo
442 1074 588 1104 amore
602 1059 815 1114 veritatis‚
840 1068 884 1103 et
905 1060 989 1104 hoc
1003 1060 1146 1105 solum
1164 1069 1334 1119 tegunt,
1358 1061 1481 1122 quod

56 1165 60 1169 .
91 1127 122 1172 ii
145 1129 223 1188 qui
245 1128 431 1174 audiunt
458 1128 572 1174 ferre
599 1145 690 1175 non
711 1139 920 1189 possunt;
943 1131 1019 1175 sed
1042 1130 1164 1175 nulla
1185 1132 1477 1177 mentiuntur.

92 1198 249 1242 Veniet
271 1198 386 1242 enim
409 1207 580 1258 tempus
610 1208 661 1243 ut
688 1200 798 1244 nihil
826 1200 956 1244 etiam
982 1209 1253 1259 contegatur.
1279 1201 1396 1247 Nihil
1417 1211 1481 1247 est

91 1268 209 1312 enim
223 1268 445 1314 occultum
461 1270 582 1329 quod
599 1285 689 1315 non
705 1270 1053 1315 manifestabitur
1068 1273 1098 1314 ¹.
1133 1270 1302 1316 Tandiu
1329 1281 1478 1317 autem

90 1340 137 1383 in
158 1340 356 1398 paradiso
377 1339 559 1385 fuerunt
579 1341 648 1385 isti
667 1376 677 1396 ,
702 1343 900 1401 quamvis
915 1342 1007 1401 jam
1021 1342 1103 1385 sub
1120 1342 1335 1387 sententia
1356 1342 1481 1388 dam-

90 1411 232 1455 nantis
257 1412 355 1466 Dei,
381 1411 520 1456 donec
550 1421 734 1456 ventum
762 1422 872 1458 esset
903 1413 960 1457 ad
990 1413 1192 1472 pelliceas
1215 1414 1381 1458 tunicas
1397 1449 1409 1469 ,
1433 1414 1481 1458 id

92 1490 156 1525 est
170 1515 181 1535 ‚
207 1480 261 1525 ad
282 1482 412 1541 hujus
433 1482 533 1526 vitae
551 1481 876 1527 mortalitatem.
895 1485 994 1536 Quo
1009 1483 1125 1527 enim
1142 1484 1301 1543 majore
1316 1483 1479 1530 indicio

92 1551 236 1609 potuit
257 1551 486 1609 significari
506 1567 621 1597 mors
649 1568 783 1613 quam
811 1553 1019 1598 sentimus
1040 1553 1087 1597 in
1110 1569 1294 1613 vcorpore
1309 1589 1321 1610 ,
1345 1570 1480 1615 quam

92 1620 278 1680 pellibus
288 1637 387 1682 quae
402 1623 581 1666 mortuis
596 1623 825 1681 pecoribus
842 1622 1012 1667 detrahi
1025 1623 1194 1668 solent?
1210 1627 1363 1684 Itaque
1378 1640 1480 1670 cum

92 1701 244 1736 contra
266 1702 532 1751 praeceptum
552 1708 643 1737 non
663 1693 904 1738 imitatione
919 1693 1127 1752 legitima,
1147 1694 1225 1739 sed
1237 1694 1386 1741 illicita
1402 1711 1479 1741 su-

93 1762 243 1821 perbia
266 1765 378 1821 Deus
400 1777 490 1806 esse
511 1763 676 1822 appetit
697 1764 852 1819 homo,
872 1778 1009 1823 usque
1026 1763 1082 1808 ad
1092 1763 1338 1810 belluarum
1359 1781 1479 1811 mor-

96 1830 306 1876 talitatem
329 1832 523 1892 dejectus
546 1842 624 1877 est.
1313 1832 1317 1839 “

73 1936 92 1951 Α,
151 1905 364 1947 XXXIII.
400 1903 505 1948 Ideo
525 1904 584 1948 sic
605 1902 669 1948 illi
692 1903 760 1947 lex
782 1904 929 1956 divina
951 1904 1131 1950 insultat
1150 1920 1225 1950 ore
1252 1907 1356 1965 Dei3
1392 1923 1479 1967 qua

92 1972 374 2017 insultatione
402 1989 480 2018 nos
508 1974 794 2018 admonemur
819 1983 1035 2033 quantum
1067 1990 1297 2034 possumus
1326 1992 1479 2022 cavere

92 2043 339 2102 superbiam
358 2059 370 2087 :
398 2062 416 2085 «
436 2045 550 2088 Ecce
571 2044 712 2088 Adam
730 2043 870 2089 factus
892 2053 955 2088 est
969 2053 1181 2105 tanquam
1193 2062 1306 2091 unus
1323 2062 1375 2091 ex
1394 2063 1478 2092 no—

72 2159 74 2161 ,
97 2131 120 2157 ‘t
143 2114 210 2158 his
233 2114 287 2159 ad
307 2114 527 2158 scientiam
545 2114 834 2173 cognoscendi
849 2116 1017 2160 bonum
1031 2125 1075 2160 et
1090 2116 1256 2161 malum
1268 2121 1300 2161 ².
1323 2135 1343 2160 »
1368 2120 1478 2172 Quae

94 2185 298 2243 ambigua
319 2185 482 2230 locutio
503 2186 686 2245 figuram
708 2184 833 2243 facit3
853 2201 958 2230 nam
981 2189 1165 2232 «Factus
1185 2197 1249 2232 est
1268 2197 1476 2249 tanquam

99 2272 120 2297 »
144 2270 257 2300 unus
278 2270 332 2300 ex
349 2255 490 2310 nobis,
509 2276 526 2297 »
548 2255 780 2314 dupliciter
802 2255 985 2315 intelligi
1003 2265 1147 2316 potest
1170 2276 1180 2303 :
1205 2258 1276 2303 vel
1291 2275 1405 2304 unus
1426 2275 1478 2304 ex

94 2325 220 2370 nobis
240 2328 362 2386 quasi
384 2335 426 2370 et
447 2326 537 2384 ipse
559 2329 689 2380 Deus,
710 2327 829 2386 quod
847 2327 1035 2385 pertinet
1052 2326 1107 2371 ad
1123 2327 1475 2389 insultationem3

94 2396 206 2440 sicut
237 2397 422 2442 dieitur:
448 2399 568 2441 Unus
603 2412 653 2440 ex
679 2397 974 2451 senatoribus,
1000 2398 1153 2458 utique
1174 2409 1346 2445 senator
1367 2420 1376 2446 :
1400 2410 1476 2446 aut

95 2476 230 2522 certe,
256 2467 356 2526 quia
378 2477 421 2511 et
442 2467 531 2525 ipse
555 2470 668 2511 Deus
688 2476 822 2522 esset,
849 2469 1046 2527 quamvis
1067 2470 1282 2516 Creatoris
1303 2472 1370 2516 sui
1393 2471 1474 2516 be·

146 2557 152 2573 ¹
174 2552 286 2585 Matth.
305 2563 337 2592 x,
360 2551 411 2583 26.
434 2568 473 2575 —-
491 2557 503 2574 ²
523 2553 602 2584 Gen.
621 2561 670 2593 ιιι,
689 2560 742 2584 22.
