1729 3143
227 219 283 265 42
663 230 697 259 s,
733 229 965 258 nuens-nm
994 229 1176 258 uranon

225 300 359 345 fortes
373 298 529 343 milites
545 294 718 348 Christi,
750 293 856 337 dum
877 302 997 338 arma
1029 297 1396 339 sacramentorum
1424 296 1607 356 suscipi-

226 371 296 423 tis,
320 380 511 427 pugnam
533 364 733 409 adversus
764 362 991 407 diabolum
1018 363 1232 407 indicitis:
1258 362 1366 407 dum
1388 365 1479 424 ejus
1500 380 1608 425 ope-

225 440 345 483 ribus
367 434 638 487 renuntiatis,
655 433 952 477 vehementius
971 434 1019 477 in
1033 449 1110 478 vos
1131 435 1221 493 ejus
1243 432 1376 478 furias
1397 450 1610 494 provoca-⁶

223 510 292 554 tis.
319 507 404 554 Sed
421 520 510 550 non
533 512 700 548 metuat
721 502 842 548 miles
861 504 1019 549 Christi
1038 524 1046 549 :
1069 504 1312 549 induemini
1335 506 1450 549 enim
1466 506 1608 565 ipsum

223 580 472 632 Christum,
506 585 556 620 ut
584 590 662 635 per
691 590 791 620 eum
826 575 1033 619 velociter
1069 577 1277 635 superetis
1317 576 1610 621 adversarium

224 646 464 692 diabolum.
506 647 671 700 Quibus
708 646 837 690 armis
874 654 1041 704 pugnat
1073 655 1116 690 et
1141 646 1240 689 ille?
1270 645 1540 691 fflecebrosis
1567 657 1611 692 et

219 717 430 762 subdolis.
464 720 560 760 Duo
590 725 690 760 sunt
724 731 880 774 genera
918 730 1136 760 armorum
1166 717 1258 775 ejus
1288 716 1416 760 valde
1455 715 1606 772 fortia,

218 797 372 834 contra
396 803 497 847 quae
520 786 750 845 vigilanter
781 802 830 830 ac
855 786 1025 830 fortiter
1048 795 1158 830 stare
1181 786 1314 830 debet
1330 787 1468 830 omnis
1487 787 1610 832 miles

217 859 403 912 Christi,
436 858 511 917 qui
543 858 813 916 triumphare
836 857 958 916 cupit
979 866 1021 900 et
1046 871 1249 915 superare
1285 857 1492 901 virtutem
1515 857 1612 902 dia-

216 929 323 974 boli.
352 932 460 981 Quae
495 937 596 972 sunt
619 930 695 971 ista
734 927 823 972 duo
854 943 1012 987 genera
1046 928 1298 970 armorum?
1329 927 1542 986 Voluptas
1569 937 1613 973 et

217 1001 362 1044 timor.
395 998 513 1043 Alios
537 1000 652 1042 enim
680 997 909 1057 voluptate
943 998 1081 1056 capit,
1116 996 1220 1040 alios
1242 998 1398 1040 timore
1431 996 1608 1057 frangit.

218 1072 514 1118 Confirmetur
535 1079 578 1114 et
598 1080 746 1114 nostra
770 1072 880 1114 acies
898 1104 909 1124 ,
935 1068 1217 1128 proferantur
1245 1082 1364 1111 arma
1385 1068 1608 1127 spiritalia.

216 1145 379 1188 Contra
402 1142 602 1185 timorem
624 1139 788 1184 diaboli
827 1139 940 1183 adsit
961 1139 1093 1181 timor
1115 1138 1290 1181 Domini
1319 1146 1462 1182 castus
1477 1172 1488 1192 ,
1511 1154 1613 1197 per-

217 1225 397 1256 manens
426 1211 469 1252 in
498 1209 710 1251 saeculum
735 1206 925 1251 saeculi1.
961 1209 1125 1252 Contra
1153 1205 1425 1264 voluptatem
1448 1208 1614 1267 turpis-

218 1281 339 1325 simae
381 1277 681 1322 delectationis
696 1311 707 1331 ,
752 1291 842 1320 non
868 1275 979 1320 desit
1011 1275 1118 1318 fides
1153 1275 1371 1319 orationis.
1412 1279 1469 1319 Et
1505 1277 1614 1336 quid

217 1358 387 1396 metuat
427 1347 726 1401 Christianus,
765 1345 944 1405 quando
973 1345 1234 1388 admonetur
1269 1346 1329 1389 sic
1359 1360 1510 1401 orare,
1554 1349 1614 1392 sic

220 1433 507 1482 praesumere,
532 1418 591 1462 sic
614 1417 749 1460 fidere
765 1449 776 1471 ,
801 1423 853 1459 ut
873 1414 1011 1460 dicat:
1042 1433 1063 1457 «
1079 1415 1292 1459 Dominus
1311 1415 1421 1458 mihi
1440 1417 1614 1476 adjutor

220 1510 243 1534 »
268 1499 352 1545 est,
391 1498 434 1533 et
463 1501 542 1546 ego
575 1486 810 1545 despiciam
843 1484 1041 1528 inimicos
1061 1486 1230 1528 meos‘2?
1250 1502 1270 1526 »
1297 1484 1448 1529 Plures
1465 1495 1613 1531 tamen

218 1559 424 1607 noveritis
440 1593 451 1613 ,
483 1557 763 1610 dilectissimi,
781 1570 935 1615 capere
949 1555 1240 1599 adversarium
1253 1569 1331 1614 per
1341 1555 1612 1615 voluptatem

219 1645 351 1692 quam
371 1644 448 1688 per
458 1629 675 1672 timorem.
688 1628 798 1671 Nam
812 1640 945 1684 quare
967 1625 1164 1684 quotidie
1183 1625 1475 1685 muscipulam
1491 1642 1613 1686 spec-

219 1700 467 1746 taculorum
484 1733 495 1753 ,
526 1697 739 1741 insaniam
763 1695 1007 1740 studiorum
1038 1710 1086 1739 ac
1117 1696 1314 1754 turpium
1335 1697 1614 1755 voluptatum

220 1771 443 1832 proponit,
464 1768 546 1812 nisi
567 1776 617 1811 ut
639 1767 704 1810 his
726 1765 1091 1810 delectationibus
1106 1765 1248 1824 capiat
1262 1781 1372 1825 quos
1394 1767 1610 1823 amiserat,

221 1859 270 1889 ac
292 1842 466 1886 laetetur
493 1839 638 1883 denuo
660 1853 703 1881 se
719 1838 933 1881 invenisse
954 1852 1063 1897 quos
1084 1835 1364 1895 perdiderat?

280 1916 362 1958 III.
399 1910 514 1964 Quid
536 1909 732 1954 nobisire
754 1924 830 1968 per
851 1907 1217 1951 multaPBreviter
1235 1906 1499 1951 admonendi
1513 1908 1612 1952 estis

222 1984 329 2046 quid
348 1996 572 2042 spernere,
598 1989 640 2024 et
663 1979 771 2040 quid
794 1979 973 2038 diligere
995 1977 1202 2021 debeatis,
1230 1979 1402 2035 Fugite,
1418 1977 1612 2022 dilectis-

223 2055 335 2108 simi,
352 2050 613 2113 spectacula,
630 2049 767 2108 fugite
788 2065 937 2094 caveas
959 2049 1226 2107 turpissimas
1242 2047 1428 2104 diaboli,
1460 2063 1515 2093 ne
1534 2064 1611 2094 vos

222 2124 398 2170 vincula
418 2129 595 2167 teneant
617 2120 812 2180 maligni.
842 2119 927 2165 Sed
950 2120 982 2163 si
1019 2117 1305 2163 oblectandus
1328 2126 1392 2162 est
1415 2119 1606 2175 animus,

225 2204 267 2240 et
288 2201 481 2253 spectare
499 2191 708 2249 delectat·⁷
733 2189 908 2234 exhibet
935 2189 1059 2233 vobis
1086 2197 1234 2233 sancta
1257 2196 1394 2232 mater
1420 2189 1612 2233 Ecclesia

225 2263 474 2310 veneranda
496 2277 544 2306 ac
561 2261 748 2305 salubria
769 2259 1015 2320 spectacula
1028 2294 1040 2316 ,
1062 2275 1162 2319 quae
1179 2267 1222 2302 et
1253 2265 1419 2302 mentes
1451 2267 1612 2303 vestras

228 2334 450 2379 oblectent
471 2347 547 2377 sua
571 2331 882 2385 delectatione,
908 2339 950 2374 et
973 2331 1019 2374 in
1039 2330 1163 2375 vobis
1184 2343 1274 2373 non
1295 2337 1579 2388 corrumpant
1596 2364 1608 2385 ‚

231 2402 307 2447 sed
346 2402 592 2447 custodiant
617 2401 766 2446 fidem.
793 2403 972 2445 Amator
1011 2407 1074 2444 est
1109 2398 1324 2460 quispiam
1346 2397 1474 2442 circi?
1501 2397 1613 2451 Quid

230 2472 416 2517 delectat
441 2473 485 2515 in
509 2473 656 2516 circo?
691 2470 870 2528 Aurigas
897 2469 1044 2514 videre
1073 2475 1311 2523 certantes,
1334 2467 1520 2528 populos
1546 2468 1614 2512 in-

280 2564 289 2580 1
309 2556 390 2590 Psal.
411 2567 502 2596 xvm,
530 2567 577 2588 10.
599 2572 640 2579 ·--
660 2562 672 2578 ²
698 2555 777 2587 Ibid.
798 2564 881 2594 cvm,
902 2565 932 2595 7.
