1729 3143
436 237 518 263 LlB.
553 237 600 262 Π.
638 236 690 262 DE
723 237 906 263 MORIBI‘S
938 232 1280 262 MANICHAEORUM.
1465 224 1547 262 585

172 302 282 343 [ti-is
319 316 497 345 corvum
531 301 850 355 inminentem,
887 301 992 360 quid
1028 300 1155 344 facies
1174 302 1191 343 2³
1213 302 1365 345 Nonne
1387 314 1437 343 ex
1460 301 1550 359 opi-

174 375 224 414 „1
240 390 300 415 *rw
323 382 409 425 tua,
434 373 540 415 ficus
564 372 651 430 ipsa
677 382 816 415 {ccum
840 371 959 430 loqui
983 381 1024 414 cet
1051 371 1271 430 deprecari
1294 371 1549 415 miserabili-

175 452 210 485 t¹
230 460 234 465 ·
258 443 444 496 videtur,
466 451 514 485 ut
532 458 621 485 eam
646 443 732 500 ἔφη)
752 442 968 500 decerpas,
996 451 1037 485 ct
1060 451 1207 485 sancto
1226 451 1376 486 ventre
1396 443 1551 501 purifi-

170 512 352 555 candam
373 512 795 570 resuscitantlamque
825 512 1000 571 sepelias
1028 513 1195 570 potius,
1233 526 1365 571 quam
1398 527 1552 557 corvus

170 582 241 624 ille
264 581 517 625 devoratam
535 580 707 625 funesto
731 582 900 639 corpori
922 582 1111 636 misceat,
1138 591 1265 641 atque
1282 582 1328 625 in
1344 580 1445 626 alias
1461 582 1553 626 for-

170 666 258 695 mas
281 651 528 711 illigandam
550 652 919 712 cruciandamque
943 653 1236 696 transmittat?
1261 653 1369 712 quid
1390 661 1433 696 te
1455 667 1552 697 cru·

169 721 325 780 delius,
352 723 386 766 si
408 737 559 767 verum
583 724 676 767 est?
700 721 814 775 Quid
843 722 1052 782 ineptius,
1085 723 1119 767 si
1139 722 1297 767 falsum
1319 724 1411 768 est?
1434 724 1550 777 Quid

168 793 302 852 magis
323 794 588 838 contrarium
613 792 850 852 disciplinae
871 802 1040 847 vestrae,
1065 793 1099 837 si
1116 793 1385 852 signaculum
1409 794 1551 841 solve-

165 864 257 907 ris?
278 864 396 916 Quid
417 872 460 907 te
481 864 696 907 inimicius
714 864 789 907 Dei
811 864 1024 919 membro,
1049 864 1084 908 si
1104 864 1391 909 custodieris?

226 936 384 978 LVIII.
413 932 497 979 Sed
518 934 601 978 hoc
626 949 676 978 ex
706 942 843 979 vestra
871 934 1074 994 opinione
1095 933 1204 980 falsa
1226 944 1268 978 et
1289 936 1513 993 nugatoria
1538 955 1548 981 ι

166 1019 268 1048 nam
289 1013 407 1048 certa
428 1013 471 1049 et
493 1003 718 1049 manifesta
743 1004 974 1049 crudelitas
1005 1005 1050 1048 in
1072 1005 1194 1050 vobis
1217 1020 1306 1050 esse
1328 1006 1550 1051 convinci-

166 1083 265 1130 tur,
291 1090 343 1118 ex
360 1074 514 1119 eodem
537 1075 630 1134 ipso
652 1090 794 1119 errore
810 1091 1004 1120 manans.
1029 1076 1069 1120 Si
1090 1075 1185 1135 quis
1207 1075 1322 1119 enim
1340 1090 1416 1135 per
1431 1091 1550 1121 mor-

165 1147 271 1190 bum
295 1162 476 1206 corpore
498 1145 708 1192 dissoluto
722 1182 732 1202 ‚
758 1147 893 1191 fessus
915 1147 970 1191 ab
991 1146 1145 1191 itinere
1163 1181 1173 1202 ‚
1199 1162 1248 1191 ac
1265 1156 1383 1206 peste
1402 1148 1553 1192 semia-

165 1217 293 1261 nimis
315 1219 360 1261 in
385 1219 453 1262 via
470 1218 637 1277 jaceat,
663 1218 771 1262 nihil
793 1217 940 1263 valens
961 1216 1143 1276 amplius
1161 1232 1291 1277 quam
1309 1226 1550 1278 utcumque

114 1312 118 1316 ·
166 1287 301 1332 verba
331 1287 525 1348 proferre
540 1324 550 1344 ‚
576 1290 645 1334 cui
668 1289 804 1349 prosit
828 1288 881 1334 ad
910 1288 1210 1348 stringendum
1229 1304 1384 1348 corpus
1405 1289 1548 1348 pirum

164 1359 288 1414 dari,
314 1369 446 1420 teque
468 1369 769 1406 transeuntem
786 1370 836 1405 ut
852 1361 1080 1405 subvenias
1108 1369 1225 1415 oret,
1258 1369 1390 1421 atque
1421 1361 1550 1405 obse-

163 1438 255 1473 cret
277 1438 327 1474 ut
348 1429 403 1474 de
426 1431 578 1475 arbore
599 1431 794 1490 proxima
811 1466 821 1485 ,
858 1447 881 1475 a
913 1446 998 1491 qua
1027 1429 1150 1475 nullo
1178 1430 1372 1475 humano
1389 1465 1400 1485 ,
1426 1429 1550 1476 nullo

163 1500 353 1570 denique
384 1515 488 1545 vero
524 1503 623 1560 jure
659 1502 927 1561 prohiberis,
951 1515 1131 1560 pomum
1165 1501 1318 1545 afferas
1349 1501 1515 1546 homini
1533 1535 1548 1559 ,

162 1580 260 1630 post
284 1571 513 1631 paululum
535 1573 618 1617 nisi
638 1572 792 1618 feceris
814 1573 1028 1618 morituro
1049 1593 1060 1629 3
1093 1581 1144 1616 tu
1164 1573 1230 1618 vir
1248 1572 1517 1618 Christianus
1533 1608 1546 1628 ‚

163 1652 205 1687 et
223 1651 395 1687 sanctus
420 1643 618 1689 transibis
637 1644 782 1703 potius
796 1678 807 1699 ‚
833 1652 875 1688 et
897 1644 1119 1688 hominem
1136 1643 1196 1687 sic
1220 1643 1425 1688 affectum
1446 1659 1549 1703 pre-

163 1721 424 1774 cantemque
448 1713 616 1758 deseres
636 1748 647 1769 ‚
683 1729 738 1757 ne
764 1714 894 1758 arbor
926 1713 1068 1773 ploret
1092 1712 1197 1758 dum
1221 1712 1390 1758 fructus
1410 1714 1548 1759 demi·-

163 1791 235 1827 tur
250 1819 260 1839 ‚
287 1793 330 1828 et
347 1793 395 1828 tu
418 1783 630 1842 signaculi
652 1782 883 1828 dissolutor
906 1784 961 1828 ad
982 1799 1134 1843 poenas
1152 1784 1427 1830 Manichaeias
1449 1785 1548 1830 des-

163 1853 324 1897 tineris.
351 1854 388 1898 Ο
409 1868 550 1898 mores
573 1862 616 1898 et
638 1854 932 1898 innocentiam
954 1853 1215 1912 singularem
1235 1854 1244 1897 1

226 1925 344 1968 LIX.
372 1923 457 1968 Sed
474 1925 564 1984 jam
587 1924 642 1968 de
670 1939 775 1968 nece
797 1923 1048 1968 animalium
1070 1924 1285 1984 requiram
1312 1926 1430 1984 quod
1452 1941 1549 1971 mo-

161 2002 234 2039 vet
252 2029 262 2048 ‚
289 2003 332 2038 et
352 1992 489 2038 multa
513 1992 691 2053 quidem
708 1992 962 2053 hujusmodi
980 1993 1106 2038 etiam
1126 1993 1170 2037 in
1192 1994 1276 2039 hoc
1293 2008 1449 2053 genere
1464 1994 1548 2040 dici

161 2073 357 2123 possunt.
384 2065 492 2109 Nam
517 2063 623 2124 quid
646 2063 788 2107 oberit
817 2063 971 2107 animae
992 2062 1112 2123 lupi,
1138 2063 1213 2124 qui
1235 2063 1389 2123 lupum
1413 2065 1548 2110 inter-

162 2134 313 2180 fecerit
338 2153 347 2179 :
373 2150 475 2179 cum
509 2143 551 2178 et
578 2133 707 2194 lupus
729 2133 802 2178 ille
822 2169 832 2189 ‚
864 2133 1062 2194 quandiu
1083 2135 1186 2179 vivit
1210 2134 1340 2195 lupus
1371 2134 1546 2182 futurus

161 2206 214 2249 sit
233 2241 243 2261 ,
281 2220 362 2250 nec
398 2203 476 2249 ulli
499 2204 771 2264 obtemperet
793 2204 1090 2264 praedicatori,
1125 2214 1175 2251 ut
1197 2205 1468 2267 aliquantum
1489 2207 1545 2253 ab

160 2275 308 2321 ovium
346 2275 556 2333 sanguine
595 2283 839 2335 temperet3
876 2283 919 2319 et
944 2290 994 2319 ex
1021 2275 1096 2321 illo
1126 2275 1304 2322 vinculo
1325 2279 1541 2337 corporis,

161 2346 303 2391 anima
330 2345 574 2390 secundum
596 2360 671 2390 vos
695 2345 914 2390 rationalis
934 2380 945 2401 ,
972 2345 1200 2392 interfecta
1221 2346 1367 2392 bellua
1384 2347 1543 2393 libere-

160 2418 263 2461 tur?
288 2419 341 2461 Et
359 2416 414 2461 ab
430 2415 608 2476 quidem
630 2415 750 2460 caede
771 2415 990 2462 auditores
1007 2417 1134 2462 etiam
1159 2427 1320 2464 vestros
1334 2418 1542 2478 prohibe-

162 2487 214 2530 tis
240 2505 248 2530 :
285 2487 423 2546 major
445 2486 561 2529 enim
588 2486 761 2530 videtur
782 2501 912 2547 quam
935 2487 979 2531 in
1004 2487 1245 2533 arboribus.
1278 2489 1358 2533 Hic
1380 2497 1542 2535 vestros

160 2573 306 2603 sensus
326 2592 338 2612 ‚
364 2572 594 2617 corporeos
610 2556 811 2603 videlicet
829 2593 841 2614 ‚
866 2573 956 2605 non
970 2559 1157 2606 multum
1173 2560 1389 2620 improbo.
1415 2560 1540 2606 Vide·
