1729 3143
261 151 344 187 112
693 159 725 185 s.
760 157 991 185 Aueusnm
1021 157 1204 186 EPISCOPI

257 238 354 267 cere
381 241 391 268 :
420 222 560 280 Dilige
592 222 838 280 proximum
869 230 995 265 tuum
1025 222 1137 266 sicut
1172 221 1312 280 diligis
1339 231 1381 267 te
1403 223 1575 283 ipsum3
1600 234 1645 270 et
1700 207 1701 215 ἵ

255 294 389 338 timeo
416 313 425 338 2
449 293 592 337 adhuc
625 292 740 336 enim
775 291 993 337 discutere
1020 293 1122 338 volo
1156 292 1381 353 quomodo
1413 293 1568 353 diligas
1601 304 1646 339 te

254 365 413 423 ipsum.
444 363 542 408 Noli
563 377 666 420 ergo
693 378 808 421 aegre
834 361 964 408 ferre.
990 366 1089 409 Non
1110 379 1154 408 es
1175 373 1225 408 tu
1241 364 1332 423 ipse
1353 363 1480 409 facile
1502 364 1646 409 dimit·
1693 382 1695 392 ‘¹

256 434 435 488 tendus,
468 433 539 476 cui
559 442 622 477 est
643 433 865 492 proximus
890 435 1231 480 committendus
1257 455 1266 480 ;
1291 451 1382 480 non
1404 436 1648 480 transitorie

260 513 399 547 tecum
425 503 645 560 agendum
662 513 740 548 est.
767 507 833 548 Tu
854 520 968 550 unus
984 506 1119 550 homo
1135 521 1202 559 eS‚
1223 506 1411 564 proximi
1432 507 1499 550 tui
1519 505 1648 550 multi

256 581 372 616 sunt.
406 574 504 617 Non
526 574 643 617 enim
671 576 810 630 primo
840 575 899 619 sic
931 575 1065 619 debes
1093 575 1336 634 intelligere
1367 576 1644 634 proximum,

257 642 326 686 vel
347 642 526 686 fratrem
542 678 553 698 ,
578 644 648 688 vel
671 654 908 703 cognatum
924 679 934 699 ‚
961 644 1029 688 vel
1057 645 1249 689 affinem.
1279 647 1503 689 Proximus
1533 646 1649 690 enim

257 721 320 756 est
341 713 461 756 omni
478 714 646 757 homini
668 716 807 758 omnis
824 715 972 758 homo.
1000 715 1193 758 Proximi
1211 715 1294 758 sibi
1307 715 1515 759 dicuntur
1528 725 1650 774 pater
1707 734 1709 739 ·

258 791 301 825 et
314 783 444 838 filius,
465 799 586 827 socer
607 793 651 827 et
673 799 818 841 gener.
843 783 961 829 Nihil
978 793 1067 827 tam
1084 783 1350 842 proximum,
1370 800 1502 843 quam
1517 785 1651 829 homo

257 859 301 894 et
322 851 470 897 homo.
499 852 584 897 Sed
608 853 642 896 si
664 862 870 912 putamus
891 868 982 897 non
1005 868 1094 896 esse
1116 854 1336 912 proximos
1351 888 1362 908 ‚
1392 854 1475 898 nisi
1496 854 1574 912 qui
1595 853 1651 898 de

257 920 412 965 iisdem
445 923 700 981 parentibus
728 932 967 967 nascuntur
1002 942 1011 967 ι
1037 922 1176 967 Adam
1205 932 1248 966 et
1280 926 1416 967 Evam
1448 923 1650 968 attenda-

258 1005 355 1034 mus
373 1008 383 1041 ;
407 1000 450 1034 et
466 1007 614 1035 omnes
628 990 782 1036 fratres
794 1008 959 1036 sumus.
976 995 1033 1036 Et
1048 991 1227 1050 quidem
1245 991 1397 1036 fratres
1409 993 1653 1037 secundum

257 1061 379 1117 quod
416 1061 614 1099 homines
650 1071 801 1098 sumus
821 1089 833 1109 ,
873 1071 1042 1113 quanto
1080 1062 1216 1114 magis
1253 1061 1498 1103 secundum
1533 1062 1652 1119 quod

259 1124 494 1171 Christiani
515 1127 695 1168 sumus?
717 1126 787 1169 Ad
812 1125 859 1168 id
885 1125 1006 1184 quod
1033 1126 1167 1170 homo
1190 1142 1256 1181 es,
1283 1144 1396 1172 unus
1418 1139 1543 1188 pater
1570 1130 1656 1175 fuit

259 1197 401 1240 Adam
416 1230 427 1250 ‚
454 1211 541 1239 una
563 1204 701 1239 mater
723 1198 814 1239 Eva
839 1214 848 1239 :
879 1195 935 1239 ad
953 1194 1000 1239 id
1020 1196 1142 1255 quod
1162 1198 1432 1242 Christianus
1449 1214 1512 1254 es,
1537 1216 1653 1245 unus

259 1275 383 1325 pater
405 1275 469 1310 est
486 1269 600 1309 Deus
616 1301 627 1321 ,
654 1282 742 1310 una
765 1274 903 1309 mater
924 1266 1132 1310 Ecclesia.

324 1338 400 1380 IV.
436 1336 593 1380 Videte
616 1352 719 1394 ergo
742 1345 929 1395 quantos
947 1337 1163 1394 proximos
1185 1338 1345 1382 habeat
1363 1354 1476 1383 unus
1499 1340 1650 1386 homo.

261 1409 423 1450 Omnes
440 1407 640 1450 homines
662 1407 707 1448 in
725 1422 834 1465 quos
855 1406 1108 1462 incurrerit,
1127 1409 1286 1467 quibus
1298 1410 1426 1467 jungi
1441 1411 1651 1468 potuerit,

260 1477 446 1537 proximi
467 1478 558 1536 ejus
579 1485 694 1520 sunt.
718 1476 951 1529 Quomodo
973 1493 1076 1536 ergo
1099 1478 1397 1523 discutiendus
1419 1490 1482 1524 est
1505 1489 1656 1526 utrum

262 1546 414 1604 diligat
441 1561 486 1589 se
501 1580 511 1600 ‚
543 1546 615 1589 cui
636 1545 939 1590 committendi
961 1557 1064 1591 sunt
1086 1557 1150 1592 tot
1172 1549 1380 1607 proximi,
1414 1558 1463 1592 ut
1494 1551 1553 1594 sie
1582 1566 1655 1596 eos

263 1615 413 1672 diligat
435 1624 645 1674 tanquam
668 1617 744 1658 se?
767 1618 865 1660 Non
891 1631 994 1674 ergo
1023 1617 1231 1661 irascatur
1253 1619 1556 1680 unusquisque
1575 1655 1587 1675 ‚
1622 1621 1657 1664 si

263 1685 447 1729 discutio
473 1685 696 1745 quomodo
723 1701 767 1729 se
798 1685 964 1744 diligat.
996 1688 1124 1731 Certe
1158 1704 1240 1746 ego
1262 1689 1471 1743 discutio,
1497 1691 1588 1749 ipse
1611 1707 1654 1735 se

263 1757 469 1800 inveniat.
512 1759 569 1800 Ut
600 1756 709 1816 quid
744 1757 858 1800 enim
893 1756 1109 1801 discutio?
1139 1759 1242 1818 quia
1277 1774 1358 1817 ego
1396 1760 1657 1806 inventurus

263 1842 359 1870 sum
376 1828 394 1868 ’ἶ
417 1827 520 1870 Ideo
543 1825 729 1870 discutio
744 1861 754 1880 ‚
780 1836 829 1870 ut
851 1827 942 1886 ipse
960 1843 1003 1871 se
1021 1829 1258 1886 interroget
1274 1864 1285 1884 ,
1310 1830 1401 1888 ipse
1421 1830 1505 1874 sibi
1524 1847 1658 1890 appa-

265 1906 376 1952 reat,
401 1897 491 1955 ipse
513 1912 557 1940 se
577 1912 666 1940 non
687 1895 819 1940 lateat
835 1931 845 1950 ,
876 1897 970 1955 ipse
991 1898 1072 1942 sibi
1100 1913 1143 1941 se
1165 1914 1255 1942 non
1273 1899 1512 1944 abscondat
1530 1935 1540 1955 ‚
1566 1902 1657 1960 ipse

266 1967 347 2011 sibi
375 1982 419 2010 se
447 1976 546 2011 ante
569 1966 718 2011 oeulos
740 1982 861 2019 suos,
889 1982 979 2011 non
1000 1976 1097 2026 post
1119 1967 1297 2012 dorsum
1322 1979 1468 2027 ponat.
1494 1973 1566 2014 Me
1587 1970 1657 2015 lo-

266 2046 428 2097 quente
453 2036 585 2081 faciat
607 2037 690 2080 hoc
706 2071 716 2091 ‚
743 2051 811 2080 me
834 2037 1052 2080 nesciente
1078 2037 1208 2080 faciat
1229 2039 1327 2082 hoe-
1362 2040 1591 2091 Quomodo
1613 2049 1656 2084 te

266 2107 441 2165 diligis?
464 2107 666 2166 Quisquis
697 2122 766 2150 me
795 2108 942 2161 audis,
977 2108 1065 2151 imo
1089 2108 1286 2167 quisquis
1319 2112 1457 2152 Deum
1480 2125 1557 2168 per
1586 2125 1656 2153 me

266 2177 388 2221 audis
405 2212 415 2231 ,
445 2178 490 2220 in
511 2178 593 2221 hac
615 2176 746 2220 domo
769 2176 1030 2235 disciplinae,
1056 2177 1234 2221 attende
1254 2187 1296 2221 te
1317 2212 1327 2231 ‚
1363 2179 1587 2237 quomodo
1609 2189 1654 2223 te

266 2247 421 2304 diligis.
448 2245 647 2291 Profecto
670 2248 783 2290 enim
817 2247 848 2289 si
880 2236 921 2290 te
949 2247 1214 2306 interrogem
1243 2256 1392 2290 utrum
1415 2248 1568 2307 diligas
1588 2258 1650 2304 te,

266 2318 498 2375 respondes
525 2318 625 2378 quia
651 2317 806 2374 diligis.
839 2317 944 2369 Quis
979 2319 1094 2361 enim
1124 2333 1169 2361 se
1191 2316 1312 2361 odit?
1336 2321 1429 2362 Hoc
1457 2318 1654 2363 dicturus

268 2402 311 2430 es
337 2405 347 2431 t
371 2388 477 2439 Quis
494 2389 609 2432 enim
630 2404 674 2432 se
697 2388 822 2432 odit?
840 2389 957 2444 Ergo
976 2403 1066 2431 non
1079 2387 1219 2445 diligis
1236 2387 1534 2447 iniquitatem,
1560 2389 1654 2432 site

269 2457 425 2515 diligis.
459 2461 566 2502 Nam
597 2459 630 2503 si
659 2457 802 2516 diligis
832 2457 1131 2516 iniquitatem,
1156 2472 1247 2502 non
1267 2473 1348 2517 ego
1377 2457 1504 2504 dico:
1530 2458 1651 2503 Psal-
