1729 3143
710 231 1041 260 ANNOTATIONES.
1473 218 1552 261 601

185 315 203 336 ι)
243 295 488 355 hujusmodi
510 295 791 354 impietatem,
814 314 911 357 quae
935 301 1069 342 Deum
1090 297 1235 342 asserit
1256 312 1279 342 a
1296 312 1371 341 sua
1387 311 1558 342 versum

184 386 203 407 »
238 376 408 421 natura,
433 376 596 424 cogunt
626 368 908 425 Evangelistae
929 370 1223 414 testimonium
1249 367 1432 413 dicentis
1458 368 1538 414 :E
1542 380 1557 414 ι

243 436 460 483 Verbum
482 453 598 482 earo
615 438 816 499 sactum
843 450 911 484 est
933 457 943 484 :
968 440 1087 500 quod
1112 441 1171 485 ita
1199 440 1555 499 interpretantur,

181 528 201 550 »
237 509 390 554 Divina
411 517 565 552 natura
595 509 639 552 in
671 510 905 554 humanam
933 525 1051 555 versa
1085 520 1162 555 est.
1188 512 1226 554 Ο
1247 510 1555 569 abolitionem,

180 598 200 621 »
234 578 296 623 illi
326 578 565 624 inviolabili
600 579 912 639 impingentem
945 581 1211 625 substantia!
1240 582 1377 642 Hujus
1397 582 1557 642 impie-

182 671 201 693 »
237 654 335 696 tatis
357 651 529 695 initium
554 652 828 707 Timotheus,
854 653 969 712 apud
991 652 1134 697 Bizam
1156 653 1405 711 Bithyniam
1425 655 1558 701 modo

180 740 202 763 »
236 722 414 767 exulans
430 722 666 778 civitatem,
687 723 950 769 continentis
968 733 1010 768 et
1029 724 1238 783 religiosae
1255 725 1354 770 vitae
1370 725 1559 786 imagine

180 811 201 835 »
235 793 382 838 multis
400 792 561 838 illudit.

241 883 261 906 «
296 864 586 909 Nestoriniani
614 878 638 906 a
666 863 861 908 Nestorio
883 864 1086 923 episcopo
1107 864 1183 924 qui
1203 873 1353 909 contra
1373 865 1559 912 catholi-

179 952 200 975 »
235 949 332 978 cam
354 932 487 977 fidem
520 932 808 991 dogmatizare
831 949 958 978 ausus
984 943 1068 989 est,
1100 935 1335 980 Dominum
1363 945 1559 982 nostrum

181 1023 201 1046 »
238 1007 386 1051 Jesum
409 1004 632 1050 Crhistum
660 1005 881 1049 hominem
918 1015 1088 1050 tantum
1106 1041 1117 1062 ,
1151 1004 1411 1066 (Plerique
1432 1010 1557 1055 MSS.

183 1098 199 1116 »
235 1076 523 1133 dogmatizare
552 1091 679 1120 ausus
713 1085 775 1120 est
795 1111 806 1131 ,
842 1076 1062 1121 Christum
1095 1077 1331 1120 Dominum
1363 1086 1559 1123 nostrum

181 1164 200 1187 »
236 1148 377 1189 Deum
398 1146 619 1190 hominem
637 1149 857 1203 tantum,)
879 1162 958 1190 nec
982 1147 1026 1190 id
1049 1147 1168 1207 quod
1190 1145 1402 1191 mediator
1420 1148 1498 1192 Dei
1517 1159 1559 1194 et

179 1234 200 1258 »
237 1217 464 1260 hominum
479 1217 661 1261 effectus
676 1227 753 1272 est,
768 1218 811 1261 in
827 1227 951 1262 utero
969 1217 1144 1275 virginis
1158 1217 1211 1261 de
1231 1218 1393 1277 Spiritu
1406 1229 1558 1266 sancto

179 1306 200 1328 »
236 1285 368 1331 fuisse
391 1297 668 1346 conceptum,
693 1288 767 1332 sed
790 1297 937 1348 postea
966 1292 1101 1331 Deum
1123 1288 1289 1332 homini
1312 1288 1440 1334 fuisse
1461 1305 1560 1349 per-

177 1376 196 1400 »
234 1358 417 1402 mixtum
440 1378 448 1404 :
469 1374 550 1403 nec
573 1362 710 1403 Deum
734 1360 954 1403 hominem
978 1375 1146 1418 passum
1167 1358 1474 1421 sepultumque
1491 1360 1558 1405 di-

175 1447 195 1470 »
231 1429 357 1473 cebat
382 1448 390 1473 :
421 1445 606 1474 vacuare
628 1429 895 1475 contendens
918 1446 1047 1475 omne
1069 1440 1266 1475 nostrum
1296 1431 1555 1489 remedium,

176 1517 197 1542 »
228 1515 318 1560 quo
339 1499 534 1543 Verbum
556 1500 634 1544 Dei
655 1501 714 1546 sic
733 1501 954 1545 hominem
977 1501 1191 1561 suscipere
1212 1501 1416 1560 dignatus
1432 1511 1497 1546 est
1512 1503 1558 1547 in

176 1590 195 1613 »
230 1581 357 1616 utero
377 1571 554 1631 virginis
571 1607 581 1627 ,
607 1580 658 1616 ut
691 1588 778 1616 una
806 1587 988 1631 persona
1010 1574 1133 1616 fieret
1164 1572 1241 1615 Dei
1270 1581 1314 1617 et
1344 1572 1554 1629 hominis,

176 1660 196 1684 »
231 1652 460 1702 propterea
481 1643 535 1687 sit
556 1642 830 1702 singulariter
852 1651 894 1686 et
915 1641 1168 1686 mirabiliter
1190 1650 1332 1697 natus,
1357 1651 1558 1689 mortuus

176 1731 197 1754 »
232 1713 362 1758 etiam
388 1729 468 1773 pro
490 1713 646 1758 nostris
667 1713 878 1773 peccatis,
915 1728 1015 1757 cum
1038 1728 1086 1757 ea
1108 1726 1209 1773 quae
1238 1728 1328 1757 non
1355 1724 1558 1773 rapuerat

177 1802 198 1825 »
232 1782 520 1844 persolveret,
546 1787 660 1829 Deus
682 1785 816 1829 homo
844 1800 866 1828 a
897 1784 1077 1829 mortuis
1113 1799 1337 1843 resurgens
1365 1784 1557 1833 ascendit

180 1875 199 1897 »
233 1855 280 1899 in
301 1855 480 1900 coelum.
510 1874 529 1896 »

238 1945 259 1969 «
284 1925 549 1984 Eutychiani
571 1926 626 1969 ab
642 1925 843 1982 Eutyche
859 1923 1050 1985 quodam
1066 1923 1561 1984 Constantinopolitanae

180 2016 200 2038 »
236 1997 440 2041 Ecclesiae
463 1996 733 2056 presbytero,
750 1994 908 2054 (addit
924 1993 1119 2054 quidam
1136 1993 1307 2051 codex,
1327 1997 1561 2057 monacho)

180 2087 200 2111 »
235 2069 374 2114 exorti
402 2078 518 2124 sunt,
544 2069 620 2128 qui
642 2083 742 2112 cum
770 2067 990 2113 videretur
1013 2066 1199 2112 refutare
1220 2068 1488 2126 Nestorium,
1514 2071 1561 2115 in

182 2158 202 2181 »
238 2139 536 2199 Apollinarem
559 2140 939 2201 Manichaeumque
974 2139 1187 2195 transivit,
1217 2148 1260 2184 et
1280 2139 1561 2187 humanitatis

181 2228 202 2252 »
236 2210 282 2254 in
295 2210 468 2255 Christo
483 2211 700 2269 denegans
714 2211 956 2266 veritatem,
976 2209 1191 2270 quidquid
1208 2225 1231 2253 a
1241 2209 1385 2254 Verbo
1400 2218 1560 2255 nostrae

179 2301 200 2324 »
235 2281 510 2342 proprietatis
533 2292 755 2342 receptum
778 2293 858 2338 est,
884 2282 1042 2327 divinae
1064 2281 1367 2326 tantummodo
1387 2282 1560 2327 ascribit

180 2371 200 2394 »
236 2353 453 2411 essentiae3
473 2363 523 2397 ut
552 2362 869 2398 sacramentum
891 2351 1276 2410 saltttissshumanae‚
1302 2351 1422 2412 quod
1443 2367 1557 2397 non-

179 2442 199 2465 »
233 2424 315 2467 nisi
336 2425 382 2467 in
405 2433 589 2485 utraque
610 2424 849 2468 substantia
868 2433 946 2478 est,
972 2432 1162 2467 nostram
1180 2423 1224 2467 in
1241 2423 1412 2468 Christo
1429 2432 1558 2468 natu-

179 2512 199 2535 »
233 2510 324 2538 ram
347 2494 568 2554 negando,
589 2495 854 2550 dissolveret,
874 2493 1004 2538 stulta
1023 2495 1242 2553 impietate
1264 2510 1352 2539 non
1370 2495 1556 2541 sentiens

178 2584 199 2606 »
237 2565 436 2611 universo
453 2566 624 2626 corpori
647 2565 821 2621 auferri,
846 2564 966 2626 quod
983 2565 1113 2624 capiti
1134 2563 1356 2610 defuisset.
1385 2583 1406 2607 »

183 458 192 478 >

193 457 202 479 v
