<?xml version="1.0" encoding="UTF-8"?>
<!DOCTYPE html PUBLIC "-//W3C//DTD XHTML 1.0 Transitional//EN"
    "http://www.w3.org/TR/xhtml1/DTD/xhtml1-transitional.dtd">
<html xmlns="http://www.w3.org/1999/xhtml" xml:lang="en" lang="en">
 <head>
  <title>
</title>
<meta http-equiv="Content-Type" content="text/html;charset=utf-8" />
  <meta name='ocr-system' content='tesseract 3.04.00' />
  <meta name='ocr-capabilities' content='ocr_page ocr_carea ocr_par ocr_line ocrx_word'/>
</head>
<body>
  <div class='ocr_page' id='page_1' title='image "./operaomniaaccura27auguuoft/operaomniaaccura27auguuoft_0522.png"; bbox 0 0 1729 3143; ppageno 0'>
   <div class='ocr_carea' id='block_1_1' title="bbox 232 187 1185 228">
    <p class='ocr_par' dir='ltr' id='par_1_1' title="bbox 232 187 1185 228">
     <span class='ocr_line' id='line_1_1' title="bbox 232 187 1185 228; baseline -0.001 -1"><span class='ocrx_word' id='word_1_1' title='bbox 232 187 316 228; x_wconf 89' lang='grc'><strong>510</strong></span> <span class='ocrx_word' id='word_1_2' title='bbox 668 195 703 224; x_wconf 89' lang='lat' dir='ltr'><strong>s.</strong></span> <span class='ocrx_word' id='word_1_3' title='bbox 738 196 970 225; x_wconf 71' lang='lat' dir='ltr'><strong>Ancus-nm</strong></span> <span class='ocrx_word' id='word_1_4' title='bbox 1001 197 1185 226; x_wconf 65' lang='lat' dir='ltr'><strong>unacort</strong></span> 
     </span>
    </p>
   </div>
   <div class='ocr_carea' id='block_1_2' title="bbox 227 260 1629 2586">
    <p class='ocr_par' dir='ltr' id='par_1_2' title="bbox 227 260 1613 449">
     <span class='ocr_line' id='line_1_2' title="bbox 227 260 1607 322; baseline -0.004 -14"><span class='ocrx_word' id='word_1_5' title='bbox 227 273 292 308; x_wconf 89' lang='lat' dir='ltr'><strong>est</strong></span> <span class='ocrx_word' id='word_1_6' title='bbox 311 282 322 309; x_wconf 80' lang='lat'>2</span> <span class='ocrx_word' id='word_1_7' title='bbox 350 282 370 306; x_wconf 92' lang='lat'>«</span> <span class='ocrx_word' id='word_1_8' title='bbox 394 260 681 320; x_wconf 85' lang='lat' dir='ltr'><strong>Diligentibus</strong></span> <span class='ocrx_word' id='word_1_9' title='bbox 698 263 839 305; x_wconf 89' lang='lat' dir='ltr'><strong>Deum</strong></span> <span class='ocrx_word' id='word_1_10' title='bbox 855 261 1000 307; x_wconf 88' lang='lat' dir='ltr'><strong>omnia</strong></span> <span class='ocrx_word' id='word_1_11' title='bbox 1018 261 1265 322; x_wconf 90' lang='lat' dir='ltr'><strong>procedunt</strong></span> <span class='ocrx_word' id='word_1_12' title='bbox 1285 262 1331 306; x_wconf 90' lang='lat' dir='ltr'><strong>in</strong></span> <span class='ocrx_word' id='word_1_13' title='bbox 1351 262 1568 307; x_wconf 57' lang='lat' dir='ltr'><strong>bonumve</strong></span> <span class='ocrx_word' id='word_1_14' title='bbox 1586 279 1607 304; x_wconf 90' lang='lat'>»</span> 
     </span>
     <span class='ocr_line' id='line_1_3' title="bbox 228 330 1613 393; baseline -0.001 -15"><span class='ocrx_word' id='word_1_15' title='bbox 228 336 294 378; x_wconf 87' lang='lat' dir='ltr'><strong>Ita</strong></span> <span class='ocrx_word' id='word_1_16' title='bbox 315 341 364 377; x_wconf 92' lang='lat' dir='ltr'><strong>ut</strong></span> <span class='ocrx_word' id='word_1_17' title='bbox 385 347 473 376; x_wconf 86' lang='lat' dir='ltr'><strong>una</strong></span> <span class='ocrx_word' id='word_1_18' title='bbox 494 330 754 376; x_wconf 89' lang='lat' dir='ltr'><strong>sententiola</strong></span> <span class='ocrx_word' id='word_1_19' title='bbox 775 330 1035 393; x_wconf 89' lang='lat' dir='ltr'><strong>duobusque</strong></span> <span class='ocrx_word' id='word_1_20' title='bbox 1051 332 1196 378; x_wconf 87' lang='lat' dir='ltr'><strong>verbis</strong></span> <span class='ocrx_word' id='word_1_21' title='bbox 1217 333 1437 392; x_wconf 85' lang='lat' dir='ltr'><strong>Propheta</strong></span> <span class='ocrx_word' id='word_1_22' title='bbox 1458 340 1502 377; x_wconf 86' lang='lat' dir='ltr'><strong>et</strong></span> <span class='ocrx_word' id='word_1_23' title='bbox 1523 332 1613 378; x_wconf 87' lang='lat' dir='ltr'><strong>vim</strong></span> 
     </span>
     <span class='ocr_line' id='line_1_4' title="bbox 228 403 963 449; baseline 0 0"><span class='ocrx_word' id='word_1_24' title='bbox 228 414 271 449; x_wconf 93' lang='lat' dir='ltr'><strong>et</strong></span> <span class='ocrx_word' id='word_1_25' title='bbox 286 404 481 448; x_wconf 85' lang='lat' dir='ltr'><strong>fructum</strong></span> <span class='ocrx_word' id='word_1_26' title='bbox 503 403 725 448; x_wconf 89' lang='lat' dir='ltr'><strong>charitatis</strong></span> <span class='ocrx_word' id='word_1_27' title='bbox 745 404 963 449; x_wconf 89' lang='lat' dir='ltr'><strong>ostendat.</strong></span> 
     </span>
    </p>

    <p class='ocr_par' dir='ltr' id='par_1_3' title="bbox 228 472 1629 2521">
     <span class='ocr_line' id='line_1_5' title="bbox 286 472 1617 535; baseline -0.001 -17"><span class='ocrx_word' id='word_1_28' title='bbox 286 475 474 518; x_wconf 87' lang='lat' dir='ltr'><strong>XXVII.</strong></span> <span class='ocrx_word' id='word_1_29' title='bbox 510 475 713 535; x_wconf 84' lang='lat' dir='ltr'>Cumque</span> <span class='ocrx_word' id='word_1_30' title='bbox 745 474 808 519; x_wconf 92' lang='lat' dir='ltr'><strong>ibi</strong></span> <span class='ocrx_word' id='word_1_31' title='bbox 840 474 1009 520; x_wconf 91' lang='lat' dir='ltr'><strong>dictum</strong></span> <span class='ocrx_word' id='word_1_32' title='bbox 1042 474 1097 519; x_wconf 91' lang='lat' dir='ltr'><strong>sit</strong></span> <span class='ocrx_word' id='word_1_33' title='bbox 1130 493 1139 519; x_wconf 79' lang='lat' dir='ltr'><em>z</em></span> <span class='ocrx_word' id='word_1_34' title='bbox 1175 474 1253 519; x_wconf 88' lang='lat' dir='ltr'><strong>Dei</strong></span> <span class='ocrx_word' id='word_1_35' title='bbox 1281 473 1505 530; x_wconf 80' lang='lat' dir='ltr'><strong>Filium2,</strong></span> <span class='ocrx_word' id='word_1_36' title='bbox 1539 472 1617 518; x_wconf 91' lang='lat' dir='ltr'><strong>Dei</strong></span> 
     </span>
     <span class='ocr_line' id='line_1_6' title="bbox 229 544 1617 606; baseline 0.001 -18"><span class='ocrx_word' id='word_1_37' title='bbox 229 544 446 589; x_wconf 84' lang='lat' dir='ltr'><strong>Virtutem</strong></span> <span class='ocrx_word' id='word_1_38' title='bbox 467 559 557 589; x_wconf 92' lang='lat' dir='ltr'><strong>esse</strong></span> <span class='ocrx_word' id='word_1_39' title='bbox 577 554 709 606; x_wconf 87' lang='lat' dir='ltr'><strong>atque</strong></span> <span class='ocrx_word' id='word_1_40' title='bbox 733 545 1020 605; x_wconf 76' lang='lat' dir='ltr'><strong>Sapientiam³</strong></span> <span class='ocrx_word' id='word_1_41' title='bbox 1047 564 1056 591; x_wconf 77' lang='lat' dir='ltr'><em>z</em></span> <span class='ocrx_word' id='word_1_42' title='bbox 1081 559 1271 605; x_wconf 90' lang='lat' dir='ltr'><strong>cumque</strong></span> <span class='ocrx_word' id='word_1_43' title='bbox 1291 545 1428 591; x_wconf 85' lang='lat' dir='ltr'><strong>virtus</strong></span> <span class='ocrx_word' id='word_1_44' title='bbox 1445 544 1500 591; x_wconf 87' lang='lat' dir='ltr'><strong>ad</strong></span> <span class='ocrx_word' id='word_1_45' title='bbox 1517 559 1617 604; x_wconf 88' lang='lat' dir='ltr'><strong>ope-</strong></span> 
     </span>
     <span class='ocr_line' id='line_1_7' title="bbox 229 614 1617 676; baseline 0.001 -18"><span class='ocrx_word' id='word_1_46' title='bbox 229 615 441 659; x_wconf 87' lang='lat' dir='ltr'><strong>rationem</strong></span> <span class='ocrx_word' id='word_1_47' title='bbox 455 649 468 671; x_wconf 86' lang='lat'>,</span> <span class='ocrx_word' id='word_1_48' title='bbox 491 616 702 675; x_wconf 81' lang='lat' dir='ltr'>sapientia</span> <span class='ocrx_word' id='word_1_49' title='bbox 723 632 826 662; x_wconf 86' lang='lat' dir='ltr'><strong>vero</strong></span> <span class='ocrx_word' id='word_1_50' title='bbox 847 616 904 661; x_wconf 87' lang='lat' dir='ltr'><strong>ad</strong></span> <span class='ocrx_word' id='word_1_51' title='bbox 925 616 1199 676; x_wconf 85' lang='lat' dir='ltr'><strong>disciplinam</strong></span> <span class='ocrx_word' id='word_1_52' title='bbox 1216 616 1433 676; x_wconf 89' lang='lat' dir='ltr'><strong>pertinere</strong></span> <span class='ocrx_word' id='word_1_53' title='bbox 1451 614 1617 660; x_wconf 90' lang='lat' dir='ltr'><strong>intelli-</strong></span> 
     </span>
     <span class='ocr_line' id='line_1_8' title="bbox 229 685 1618 748; baseline 0 -18"><span class='ocrx_word' id='word_1_54' title='bbox 229 694 356 746; x_wconf 88' lang='lat' dir='ltr'><strong>gatur</strong></span> <span class='ocrx_word' id='word_1_55' title='bbox 381 685 527 743; x_wconf 90' lang='lat' dir='ltr'><strong>(unde</strong></span> <span class='ocrx_word' id='word_1_56' title='bbox 547 686 594 731; x_wconf 91' lang='lat' dir='ltr'><strong>in</strong></span> <span class='ocrx_word' id='word_1_57' title='bbox 618 688 856 746; x_wconf 87' lang='lat' dir='ltr'><strong>Evangelio</strong></span> <span class='ocrx_word' id='word_1_58' title='bbox 884 689 975 733; x_wconf 92' lang='lat' dir='ltr'><strong>duo</strong></span> <span class='ocrx_word' id='word_1_59' title='bbox 995 688 1084 748; x_wconf 90' lang='lat' dir='ltr'><strong>ipsa</strong></span> <span class='ocrx_word' id='word_1_60' title='bbox 1106 688 1359 748; x_wconf 85' lang='lat' dir='ltr'><strong>signantur,</strong></span> <span class='ocrx_word' id='word_1_61' title='bbox 1383 702 1484 732; x_wconf 91' lang='lat' dir='ltr'><strong>cum</strong></span> <span class='ocrx_word' id='word_1_62' title='bbox 1507 686 1618 731; x_wconf 89' lang='lat' dir='ltr'><strong>dici-</strong></span> 
     </span>
     <span class='ocr_line' id='line_1_9' title="bbox 228 757 1619 819; baseline -0.001 -18"><span class='ocrx_word' id='word_1_63' title='bbox 228 765 301 801; x_wconf 91' lang='lat' dir='ltr'><strong>tur</strong></span> <span class='ocrx_word' id='word_1_64' title='bbox 323 775 332 801; x_wconf 89' lang='lat'>:</span> <span class='ocrx_word' id='word_1_65' title='bbox 355 775 375 800; x_wconf 94' lang='lat'>«</span> <span class='ocrx_word' id='word_1_66' title='bbox 396 757 553 801; x_wconf 90' lang='lat' dir='ltr'><strong>Omnia</strong></span> <span class='ocrx_word' id='word_1_67' title='bbox 574 774 653 816; x_wconf 89' lang='lat' dir='ltr'><strong>per</strong></span> <span class='ocrx_word' id='word_1_68' title='bbox 672 759 815 818; x_wconf 89' lang='lat' dir='ltr'><strong>ipsum</strong></span> <span class='ocrx_word' id='word_1_69' title='bbox 833 758 948 804; x_wconf 87' lang='lat' dir='ltr'><strong>facta</strong></span> <span class='ocrx_word' id='word_1_70' title='bbox 964 769 1066 805; x_wconf 89' lang='lat' dir='ltr'><strong>sunt</strong></span> <span class='ocrx_word' id='word_1_71' title='bbox 1080 760 1097 785; x_wconf 79' lang='lat'>4</span> <span class='ocrx_word' id='word_1_72' title='bbox 1111 794 1123 815; x_wconf 84' lang='lat'><strong><em>‚</em></strong></span> <span class='ocrx_word' id='word_1_73' title='bbox 1145 760 1347 804; x_wconf 88' lang='lat' dir='ltr'><strong>namhoc</strong></span> <span class='ocrx_word' id='word_1_74' title='bbox 1360 758 1619 819; x_wconf 83' lang='lat' dir='ltr'><strong>operationis</strong></span> 
     </span>
     <span class='ocr_line' id='line_1_10' title="bbox 229 828 1618 890; baseline 0 -17"><span class='ocrx_word' id='word_1_75' title='bbox 229 837 362 888; x_wconf 88' lang='lat' dir='ltr'><strong>atque</strong></span> <span class='ocrx_word' id='word_1_76' title='bbox 382 828 555 873; x_wconf 91' lang='lat' dir='ltr'><strong>virtutis</strong></span> <span class='ocrx_word' id='word_1_77' title='bbox 577 836 641 871; x_wconf 90' lang='lat' dir='ltr'><strong>est</strong></span> <span class='ocrx_word' id='word_1_78' title='bbox 667 846 677 872; x_wconf 72' lang='grc' dir='ltr'>ε</span> <span class='ocrx_word' id='word_1_79' title='bbox 703 829 863 871; x_wconf 87' lang='lat' dir='ltr'><strong>deinde</strong></span> <span class='ocrx_word' id='word_1_80' title='bbox 895 831 1017 887; x_wconf 84' lang='lat' dir='ltr'><strong>quod</strong></span> <span class='ocrx_word' id='word_1_81' title='bbox 1045 831 1103 872; x_wconf 84' lang='lat' dir='ltr'><strong>ad</strong></span> <span class='ocrx_word' id='word_1_82' title='bbox 1133 830 1408 887; x_wconf 87' lang='lat' dir='ltr'><strong>disciplinam</strong></span> <span class='ocrx_word' id='word_1_83' title='bbox 1438 830 1618 890; x_wconf 87' lang='lat' dir='ltr'><strong>verique</strong></span> 
     </span>
     <span class='ocr_line' id='line_1_11' title="bbox 229 897 1620 959; baseline -0.001 -16"><span class='ocrx_word' id='word_1_84' title='bbox 229 900 527 959; x_wconf 90' lang='lat' dir='ltr'><strong>cognitionem</strong></span> <span class='ocrx_word' id='word_1_85' title='bbox 556 898 711 943; x_wconf 87' lang='lat' dir='ltr'><strong>attinet</strong></span> <span class='ocrx_word' id='word_1_86' title='bbox 738 915 748 942; x_wconf 71' lang='grc' dir='ltr'><strong><em>ε</em></strong></span> <span class='ocrx_word' id='word_1_87' title='bbox 784 915 805 939; x_wconf 91' lang='lat'>«</span> <span class='ocrx_word' id='word_1_88' title='bbox 829 899 886 942; x_wconf 92' lang='lat' dir='ltr'><strong>Et</strong></span> <span class='ocrx_word' id='word_1_89' title='bbox 906 897 995 942; x_wconf 87' lang='lat' dir='ltr'><strong>vita</strong></span> <span class='ocrx_word' id='word_1_90' title='bbox 1012 931 1023 953; x_wconf 86' lang='lat'>‚</span> <span class='ocrx_word' id='word_1_91' title='bbox 1057 897 1229 957; x_wconf 87' lang='lat' dir='ltr'><strong>inquit,</strong></span> <span class='ocrx_word' id='word_1_92' title='bbox 1261 907 1353 943; x_wconf 84' lang='lat' dir='ltr'><strong>erat</strong></span> <span class='ocrx_word' id='word_1_93' title='bbox 1372 899 1448 942; x_wconf 86' lang='lat' dir='ltr'><strong>lux</strong></span> <span class='ocrx_word' id='word_1_94' title='bbox 1474 900 1620 942; x_wconf 90' lang='lat' dir='ltr'><strong>homi-</strong></span> 
     </span>
     <span class='ocr_line' id='line_1_12' title="bbox 234 967 1620 1029; baseline 0 -16"><span class='ocrx_word' id='word_1_95' title='bbox 234 989 255 1013; x_wconf 92' lang='lat'>»</span> <span class='ocrx_word' id='word_1_96' title='bbox 279 985 387 1015; x_wconf 93' lang='lat' dir='ltr'><strong>num</strong></span> <span class='ocrx_word' id='word_1_97' title='bbox 407 989 416 1015; x_wconf 92' lang='lat'>:</span> <span class='ocrx_word' id='word_1_98' title='bbox 440 973 483 1028; x_wconf 90' lang='lat'><strong>»)</strong></span> <span class='ocrx_word' id='word_1_99' title='bbox 500 969 717 1029; x_wconf 90' lang='lat' dir='ltr'><strong>potuit-ne</strong></span> <span class='ocrx_word' id='word_1_100' title='bbox 736 967 979 1029; x_wconf 88' lang='lat' dir='ltr'><strong>quidquam</strong></span> <span class='ocrx_word' id='word_1_101' title='bbox 1000 969 1137 1028; x_wconf 89' lang='lat' dir='ltr'><strong>magis</strong></span> <span class='ocrx_word' id='word_1_102' title='bbox 1159 969 1389 1014; x_wconf 86' lang='lat' dir='ltr'><strong>concinere</strong></span> <span class='ocrx_word' id='word_1_103' title='bbox 1409 969 1476 1014; x_wconf 88' lang='lat' dir='ltr'><strong>his</strong></span> <span class='ocrx_word' id='word_1_104' title='bbox 1497 969 1620 1014; x_wconf 87' lang='lat' dir='ltr'><strong>testi-</strong></span> 
     </span>
     <span class='ocr_line' id='line_1_13' title="bbox 231 1038 1622 1101; baseline -0.001 -15"><span class='ocrx_word' id='word_1_105' title='bbox 231 1042 386 1086; x_wconf 88' lang='lat' dir='ltr'><strong>moniis</strong></span> <span class='ocrx_word' id='word_1_106' title='bbox 407 1041 519 1087; x_wconf 89' lang='lat' dir='ltr'><strong>Novi</strong></span> <span class='ocrx_word' id='word_1_107' title='bbox 543 1041 833 1096; x_wconf 88' lang='lat' dir='ltr'><strong>Testamenti,</strong></span> <span class='ocrx_word' id='word_1_108' title='bbox 858 1055 993 1101; x_wconf 87' lang='lat' dir='ltr'><strong>quam</strong></span> <span class='ocrx_word' id='word_1_109' title='bbox 1014 1038 1124 1084; x_wconf 90' lang='lat' dir='ltr'><strong>illud</strong></span> <span class='ocrx_word' id='word_1_110' title='bbox 1147 1039 1268 1100; x_wconf 89' lang='lat' dir='ltr'><strong>quod</strong></span> <span class='ocrx_word' id='word_1_111' title='bbox 1289 1039 1335 1084; x_wconf 91' lang='lat' dir='ltr'><strong>in</strong></span> <span class='ocrx_word' id='word_1_112' title='bbox 1357 1042 1514 1084; x_wconf 88' lang='lat' dir='ltr'><strong>Vetere</strong></span> <span class='ocrx_word' id='word_1_113' title='bbox 1533 1039 1622 1085; x_wconf 90' lang='lat' dir='ltr'><strong>dic-</strong></span> 
     </span>
     <span class='ocr_line' id='line_1_14' title="bbox 232 1111 1622 1172; baseline -0.001 -16"><span class='ocrx_word' id='word_1_114' title='bbox 232 1122 326 1157; x_wconf 89' lang='lat' dir='ltr'><strong>tum</strong></span> <span class='ocrx_word' id='word_1_115' title='bbox 351 1120 416 1156; x_wconf 86' lang='lat' dir='ltr'><strong>est</strong></span> <span class='ocrx_word' id='word_1_116' title='bbox 445 1111 500 1155; x_wconf 88' lang='lat' dir='ltr'><strong>de</strong></span> <span class='ocrx_word' id='word_1_117' title='bbox 520 1111 737 1171; x_wconf 88' lang='lat' dir='ltr'><strong>Sapientia</strong></span> <span class='ocrx_word' id='word_1_118' title='bbox 762 1130 771 1156; x_wconf 89' lang='lat'>:</span> <span class='ocrx_word' id='word_1_119' title='bbox 797 1129 818 1153; x_wconf 89' lang='lat'>«</span> <span class='ocrx_word' id='word_1_120' title='bbox 842 1111 1032 1171; x_wconf 86' lang='lat' dir='ltr'><strong>Attingit</strong></span> <span class='ocrx_word' id='word_1_121' title='bbox 1065 1120 1212 1155; x_wconf 90' lang='lat' dir='ltr'><strong>autem</strong></span> <span class='ocrx_word' id='word_1_122' title='bbox 1240 1127 1264 1155; x_wconf 90' lang='lat' dir='ltr'><strong>a</strong></span> <span class='ocrx_word' id='word_1_123' title='bbox 1297 1111 1386 1155; x_wconf 91' lang='lat' dir='ltr'><strong>fine</strong></span> <span class='ocrx_word' id='word_1_124' title='bbox 1417 1125 1555 1172; x_wconf 85' lang='lat' dir='ltr'><strong>usque</strong></span> <span class='ocrx_word' id='word_1_125' title='bbox 1574 1111 1622 1155; x_wconf 92' lang='lat' dir='ltr'><strong>in</strong></span> 
     </span>
     <span class='ocr_line' id='line_1_15' title="bbox 234 1181 1623 1242; baseline 0.001 -17"><span class='ocrx_word' id='word_1_126' title='bbox 234 1202 255 1225; x_wconf 90' lang='lat'>»</span> <span class='ocrx_word' id='word_1_127' title='bbox 283 1183 416 1227; x_wconf 88' lang='lat' dir='ltr'><strong>finem</strong></span> <span class='ocrx_word' id='word_1_128' title='bbox 448 1183 646 1238; x_wconf 84' lang='lat' dir='ltr'><strong>fortiter,</strong></span> <span class='ocrx_word' id='word_1_129' title='bbox 684 1191 728 1227; x_wconf 91' lang='lat' dir='ltr'><strong>et</strong></span> <span class='ocrx_word' id='word_1_130' title='bbox 758 1181 950 1242; x_wconf 88' lang='lat' dir='ltr'><strong>disponit</strong></span> <span class='ocrx_word' id='word_1_131' title='bbox 979 1181 1125 1226; x_wconf 90' lang='lat' dir='ltr'><strong>omnia</strong></span> <span class='ocrx_word' id='word_1_132' title='bbox 1154 1182 1405 1226; x_wconf 74' lang='lat' dir='ltr'><strong>suaviter⁵i³</strong></span> <span class='ocrx_word' id='word_1_133' title='bbox 1426 1184 1623 1242; x_wconf 87' lang='lat' dir='ltr'><strong>Namque</strong></span> 
     </span>
     <span class='ocr_line' id='line_1_16' title="bbox 233 1251 1624 1313; baseline -0.001 -15"><span class='ocrx_word' id='word_1_134' title='bbox 233 1254 446 1313; x_wconf 83' lang='lat' dir='ltr'><strong>attingere</strong></span> <span class='ocrx_word' id='word_1_135' title='bbox 481 1252 679 1308; x_wconf 86' lang='lat' dir='ltr'><strong>fortiter,</strong></span> <span class='ocrx_word' id='word_1_136' title='bbox 714 1253 852 1312; x_wconf 88' lang='lat' dir='ltr'><strong>magis</strong></span> <span class='ocrx_word' id='word_1_137' title='bbox 885 1253 1093 1299; x_wconf 89' lang='lat' dir='ltr'><strong>virtutem</strong></span> <span class='ocrx_word' id='word_1_138' title='bbox 1128 1251 1371 1312; x_wconf 80' lang='lat' dir='ltr'><strong>significat3</strong></span> <span class='ocrx_word' id='word_1_139' title='bbox 1395 1252 1624 1312; x_wconf 90' lang='lat' dir='ltr'><strong>disponere</strong></span> 
     </span>
     <span class='ocr_line' id='line_1_17' title="bbox 233 1321 1625 1383; baseline -0.002 -14"><span class='ocrx_word' id='word_1_140' title='bbox 233 1333 380 1370; x_wconf 88' lang='lat' dir='ltr'><strong>autem</strong></span> <span class='ocrx_word' id='word_1_141' title='bbox 406 1323 595 1368; x_wconf 88' lang='lat' dir='ltr'><strong>suaviter</strong></span> <span class='ocrx_word' id='word_1_142' title='bbox 611 1358 622 1379; x_wconf 81' lang='grc'><em>,</em></span> <span class='ocrx_word' id='word_1_143' title='bbox 647 1323 770 1383; x_wconf 87' lang='lat' dir='ltr'><strong>quasi</strong></span> <span class='ocrx_word' id='word_1_144' title='bbox 797 1332 933 1368; x_wconf 91' lang='lat' dir='ltr'><strong>artem</strong></span> <span class='ocrx_word' id='word_1_145' title='bbox 964 1323 1100 1383; x_wconf 90' lang='lat' dir='ltr'><strong>ipsam</strong></span> <span class='ocrx_word' id='word_1_146' title='bbox 1122 1332 1254 1383; x_wconf 88' lang='lat' dir='ltr'><strong>atque</strong></span> <span class='ocrx_word' id='word_1_147' title='bbox 1274 1323 1504 1368; x_wconf 86' lang='lat' dir='ltr'><strong>rationem.</strong></span> <span class='ocrx_word' id='word_1_148' title='bbox 1540 1321 1625 1369; x_wconf 90' lang='lat' dir='ltr'><strong>Sed</strong></span> 
     </span>
     <span class='ocr_line' id='line_1_18' title="bbox 232 1393 1626 1455; baseline -0.001 -15"><span class='ocrx_word' id='word_1_149' title='bbox 232 1396 268 1440; x_wconf 88' lang='lat' dir='ltr'><strong>si</strong></span> <span class='ocrx_word' id='word_1_150' title='bbox 295 1396 379 1440; x_wconf 93' lang='lat' dir='ltr'><strong>hoc</strong></span> <span class='ocrx_word' id='word_1_151' title='bbox 410 1394 585 1440; x_wconf 86' lang='lat' dir='ltr'><strong>videtur</strong></span> <span class='ocrx_word' id='word_1_152' title='bbox 621 1394 888 1450; x_wconf 82' lang='lat' dir='ltr'><strong>obscurum,</strong></span> <span class='ocrx_word' id='word_1_153' title='bbox 929 1393 1029 1439; x_wconf 91' lang='lat' dir='ltr'><strong>vide</strong></span> <span class='ocrx_word' id='word_1_154' title='bbox 1068 1409 1168 1454; x_wconf 86' lang='lat' dir='ltr'><strong>quae</strong></span> <span class='ocrx_word' id='word_1_155' title='bbox 1201 1403 1445 1455; x_wconf 88' lang='lat' dir='ltr'><strong>sequuntur</strong></span> <span class='ocrx_word' id='word_1_156' title='bbox 1471 1413 1479 1439; x_wconf 91' lang='lat'>:</span> <span class='ocrx_word' id='word_1_157' title='bbox 1523 1412 1543 1436; x_wconf 94' lang='lat'>«</span> <span class='ocrx_word' id='word_1_158' title='bbox 1569 1396 1626 1438; x_wconf 92' lang='lat' dir='ltr'><strong>Et</strong></span> 
     </span>
     <span class='ocr_line' id='line_1_19' title="bbox 238 1463 1626 1526; baseline -0.001 -18"><span class='ocrx_word' id='word_1_159' title='bbox 238 1487 256 1508; x_wconf 92' lang='lat'>»</span> <span class='ocrx_word' id='word_1_160' title='bbox 283 1467 508 1521; x_wconf 83' lang='lat' dir='ltr'><strong>omnium,</strong></span> <span class='ocrx_word' id='word_1_161' title='bbox 544 1465 716 1526; x_wconf 87' lang='lat' dir='ltr'><strong>inquit,</strong></span> <span class='ocrx_word' id='word_1_162' title='bbox 753 1465 963 1510; x_wconf 90' lang='lat' dir='ltr'><strong>Dominus</strong></span> <span class='ocrx_word' id='word_1_163' title='bbox 998 1463 1149 1510; x_wconf 84' lang='lat' dir='ltr'><strong>dilexit</strong></span> <span class='ocrx_word' id='word_1_164' title='bbox 1181 1465 1302 1510; x_wconf 91' lang='lat' dir='ltr'><strong>illam</strong></span> <span class='ocrx_word' id='word_1_165' title='bbox 1333 1484 1342 1510; x_wconf 73' lang='grc' dir='ltr'><strong><em>ε</em></strong></span> <span class='ocrx_word' id='word_1_166' title='bbox 1373 1465 1541 1510; x_wconf 83' lang='lat' dir='ltr'><strong>doctrix</strong></span> <span class='ocrx_word' id='word_1_167' title='bbox 1562 1472 1626 1509; x_wconf 87' lang='lat' dir='ltr'><strong>est</strong></span> 
     </span>
     <span class='ocr_line' id='line_1_20' title="bbox 241 1536 1625 1597; baseline 0.001 -18"><span class='ocrx_word' id='word_1_168' title='bbox 241 1559 258 1580; x_wconf 89' lang='lat'>»</span> <span class='ocrx_word' id='word_1_169' title='bbox 284 1538 401 1582; x_wconf 90' lang='lat' dir='ltr'><strong>enim</strong></span> <span class='ocrx_word' id='word_1_170' title='bbox 424 1536 665 1597; x_wconf 84' lang='lat' dir='ltr'><strong>disciplinae</strong></span> <span class='ocrx_word' id='word_1_171' title='bbox 686 1537 789 1593; x_wconf 85' lang='lat' dir='ltr'><strong>Dei,</strong></span> <span class='ocrx_word' id='word_1_172' title='bbox 817 1546 859 1582; x_wconf 88' lang='lat' dir='ltr'><strong>et</strong></span> <span class='ocrx_word' id='word_1_173' title='bbox 883 1536 1060 1582; x_wconf 86' lang='lat' dir='ltr'><strong>electrix</strong></span> <span class='ocrx_word' id='word_1_174' title='bbox 1081 1552 1264 1597; x_wconf 89' lang='lat' dir='ltr'><strong>operum</strong></span> <span class='ocrx_word' id='word_1_175' title='bbox 1283 1536 1414 1582; x_wconf 90' lang='lat' dir='ltr'><strong>illius.</strong></span> <span class='ocrx_word' id='word_1_176' title='bbox 1441 1556 1462 1579; x_wconf 86' lang='lat'>»</span> <span class='ocrx_word' id='word_1_177' title='bbox 1488 1536 1625 1581; x_wconf 88' lang='lat' dir='ltr'><strong>Vide-</strong></span> 
     </span>
     <span class='ocr_line' id='line_1_21' title="bbox 237 1606 1626 1668; baseline -0.001 -14"><span class='ocrx_word' id='word_1_178' title='bbox 237 1618 306 1654; x_wconf 85' lang='lat' dir='ltr'><strong>tur</strong></span> <span class='ocrx_word' id='word_1_179' title='bbox 327 1609 397 1654; x_wconf 91' lang='lat' dir='ltr'><strong>hic</strong></span> <span class='ocrx_word' id='word_1_180' title='bbox 419 1607 529 1652; x_wconf 86' lang='lat' dir='ltr'><strong>nihil</strong></span> <span class='ocrx_word' id='word_1_181' title='bbox 550 1607 670 1652; x_wconf 90' lang='lat' dir='ltr'><strong>aliud</strong></span> <span class='ocrx_word' id='word_1_182' title='bbox 700 1606 755 1652; x_wconf 90' lang='lat' dir='ltr'><strong>de</strong></span> <span class='ocrx_word' id='word_1_183' title='bbox 778 1609 1031 1668; x_wconf 90' lang='lat' dir='ltr'><strong>operatione</strong></span> <span class='ocrx_word' id='word_1_184' title='bbox 1054 1608 1221 1653; x_wconf 90' lang='lat' dir='ltr'><strong>dictum</strong></span> <span class='ocrx_word' id='word_1_185' title='bbox 1250 1628 1259 1653; x_wconf 79' lang='lat'>2</span> <span class='ocrx_word' id='word_1_186' title='bbox 1292 1623 1383 1653; x_wconf 90' lang='lat' dir='ltr'><strong>non</strong></span> <span class='ocrx_word' id='word_1_187' title='bbox 1405 1608 1519 1652; x_wconf 89' lang='lat' dir='ltr'><strong>enim</strong></span> <span class='ocrx_word' id='word_1_188' title='bbox 1541 1608 1626 1652; x_wconf 91' lang='lat' dir='ltr'><strong>hoc</strong></span> 
     </span>
     <span class='ocr_line' id='line_1_22' title="bbox 234 1678 1625 1740; baseline -0.002 -15"><span class='ocrx_word' id='word_1_189' title='bbox 234 1689 297 1725; x_wconf 89' lang='lat' dir='ltr'><strong>est</strong></span> <span class='ocrx_word' id='word_1_190' title='bbox 318 1679 477 1739; x_wconf 85' lang='lat' dir='ltr'><strong>eligere</strong></span> <span class='ocrx_word' id='word_1_191' title='bbox 494 1694 625 1739; x_wconf 89' lang='lat' dir='ltr'><strong>opera</strong></span> <span class='ocrx_word' id='word_1_192' title='bbox 644 1714 655 1737; x_wconf 82' lang='lat'>,</span> <span class='ocrx_word' id='word_1_193' title='bbox 679 1679 800 1739; x_wconf 88' lang='lat' dir='ltr'><strong>quod</strong></span> <span class='ocrx_word' id='word_1_194' title='bbox 817 1680 986 1740; x_wconf 87' lang='lat' dir='ltr'><strong>operari</strong></span> <span class='ocrx_word' id='word_1_195' title='bbox 1005 1698 1013 1725; x_wconf 91' lang='lat'>:</span> <span class='ocrx_word' id='word_1_196' title='bbox 1035 1682 1139 1739; x_wconf 88' lang='lat' dir='ltr'><strong>ergo</strong></span> <span class='ocrx_word' id='word_1_197' title='bbox 1160 1680 1255 1725; x_wconf 86' lang='lat' dir='ltr'><strong>haec</strong></span> <span class='ocrx_word' id='word_1_198' title='bbox 1273 1679 1329 1723; x_wconf 91' lang='lat' dir='ltr'><strong>ad</strong></span> <span class='ocrx_word' id='word_1_199' title='bbox 1350 1678 1625 1739; x_wconf 90' lang='lat' dir='ltr'><strong>disciplinam</strong></span> 
     </span>
     <span class='ocr_line' id='line_1_23' title="bbox 234 1750 1624 1811; baseline -0.001 -16"><span class='ocrx_word' id='word_1_200' title='bbox 234 1750 455 1811; x_wconf 89' lang='lat' dir='ltr'><strong>pertinent</strong></span> <span class='ocrx_word' id='word_1_201' title='bbox 480 1768 490 1795; x_wconf 80' lang='lat'>2</span> <span class='ocrx_word' id='word_1_202' title='bbox 514 1764 624 1809; x_wconf 91' lang='lat' dir='ltr'><strong>opus</strong></span> <span class='ocrx_word' id='word_1_203' title='bbox 649 1750 800 1794; x_wconf 85' lang='lat' dir='ltr'><strong>virtuti</strong></span> <span class='ocrx_word' id='word_1_204' title='bbox 830 1750 1017 1795; x_wconf 90' lang='lat' dir='ltr'><strong>debetur</strong></span> <span class='ocrx_word' id='word_1_205' title='bbox 1033 1785 1044 1806; x_wconf 87' lang='lat'>‚</span> <span class='ocrx_word' id='word_1_206' title='bbox 1071 1760 1120 1795; x_wconf 92' lang='lat' dir='ltr'><strong>ut</strong></span> <span class='ocrx_word' id='word_1_207' title='bbox 1141 1750 1195 1795; x_wconf 89' lang='lat' dir='ltr'><strong>sit</strong></span> <span class='ocrx_word' id='word_1_208' title='bbox 1211 1750 1340 1810; x_wconf 90' lang='lat' dir='ltr'><strong>plena</strong></span> <span class='ocrx_word' id='word_1_209' title='bbox 1355 1785 1367 1805; x_wconf 87' lang='lat'>‚</span> <span class='ocrx_word' id='word_1_210' title='bbox 1393 1764 1526 1810; x_wconf 89' lang='lat' dir='ltr'><strong>quam</strong></span> <span class='ocrx_word' id='word_1_211' title='bbox 1542 1765 1624 1794; x_wconf 89' lang='lat' dir='ltr'><strong>vo-</strong></span> 
     </span>
     <span class='ocr_line' id='line_1_24' title="bbox 233 1819 1625 1880; baseline -0.001 -14"><span class='ocrx_word' id='word_1_212' title='bbox 233 1822 379 1866; x_wconf 88' lang='lat' dir='ltr'><strong>lumus</strong></span> <span class='ocrx_word' id='word_1_213' title='bbox 397 1821 694 1865; x_wconf 88' lang='lat' dir='ltr'><strong>demonstrare</strong></span> <span class='ocrx_word' id='word_1_214' title='bbox 712 1855 723 1875; x_wconf 82' lang='lat'>‚</span> <span class='ocrx_word' id='word_1_215' title='bbox 749 1821 978 1865; x_wconf 90' lang='lat' dir='ltr'><strong>sententia.</strong></span> <span class='ocrx_word' id='word_1_216' title='bbox 1005 1824 1120 1880; x_wconf 84' lang='lat' dir='ltr'><strong>Lege</strong></span> <span class='ocrx_word' id='word_1_217' title='bbox 1136 1820 1270 1880; x_wconf 90' lang='lat' dir='ltr'><strong>igitur</strong></span> <span class='ocrx_word' id='word_1_218' title='bbox 1286 1820 1489 1879; x_wconf 88' lang='lat' dir='ltr'><strong>deinceps</strong></span> <span class='ocrx_word' id='word_1_219' title='bbox 1503 1819 1625 1880; x_wconf 87' lang='lat' dir='ltr'><strong>quod</strong></span> 
     </span>
     <span class='ocr_line' id='line_1_25' title="bbox 236 1890 1621 1950; baseline -0.002 -13"><span class='ocrx_word' id='word_1_220' title='bbox 236 1907 457 1937; x_wconf 84' lang='lat' dir='ltr'><strong>annexum</strong></span> <span class='ocrx_word' id='word_1_221' title='bbox 478 1899 556 1935; x_wconf 88' lang='lat' dir='ltr'><strong>est.</strong></span> <span class='ocrx_word' id='word_1_222' title='bbox 589 1910 610 1933; x_wconf 91' lang='lat'>«</span> <span class='ocrx_word' id='word_1_223' title='bbox 635 1890 766 1944; x_wconf 87' lang='lat' dir='ltr'><strong>Quod</strong></span> <span class='ocrx_word' id='word_1_224' title='bbox 794 1892 829 1935; x_wconf 90' lang='lat' dir='ltr'><strong>si</strong></span> <span class='ocrx_word' id='word_1_225' title='bbox 856 1891 1037 1936; x_wconf 89' lang='lat' dir='ltr'><strong>honesta</strong></span> <span class='ocrx_word' id='word_1_226' title='bbox 1069 1900 1159 1945; x_wconf 85' lang='lat' dir='ltr'><strong>est,</strong></span> <span class='ocrx_word' id='word_1_227' title='bbox 1184 1890 1355 1950; x_wconf 81' lang='lat' dir='ltr'><strong>inquit,</strong></span> <span class='ocrx_word' id='word_1_228' title='bbox 1386 1890 1594 1950; x_wconf 87' lang='lat' dir='ltr'><strong>possessio</strong></span> <span class='ocrx_word' id='word_1_229' title='bbox 1610 1924 1621 1945; x_wconf 84' lang='lat'><strong>‚</strong></span> 
     </span>
     <span class='ocr_line' id='line_1_26' title="bbox 240 1961 1622 2024; baseline 0 -19"><span class='ocrx_word' id='word_1_230' title='bbox 240 1982 260 2005; x_wconf 90' lang='lat'>»</span> <span class='ocrx_word' id='word_1_231' title='bbox 285 1979 386 2024; x_wconf 78' lang='lat' dir='ltr'><strong>quae</strong></span> <span class='ocrx_word' id='word_1_232' title='bbox 401 1962 725 2022; x_wconf 85' lang='lat' dir='ltr'><strong>concupiscitur</strong></span> <span class='ocrx_word' id='word_1_233' title='bbox 740 1961 785 2005; x_wconf 89' lang='lat' dir='ltr'><strong>in</strong></span> <span class='ocrx_word' id='word_1_234' title='bbox 805 1962 891 2006; x_wconf 88' lang='lat' dir='ltr'><strong>vita</strong></span> <span class='ocrx_word' id='word_1_235' title='bbox 907 1997 918 2017; x_wconf 83' lang='lat'>,</span> <span class='ocrx_word' id='word_1_236' title='bbox 944 1961 1053 2022; x_wconf 90' lang='lat' dir='ltr'><strong>quid</strong></span> <span class='ocrx_word' id='word_1_237' title='bbox 1071 1961 1277 2022; x_wconf 81' lang='lat' dir='ltr'><strong>sapientia</strong></span> <span class='ocrx_word' id='word_1_238' title='bbox 1294 1969 1358 2006; x_wconf 90' lang='lat' dir='ltr'><strong>est</strong></span> <span class='ocrx_word' id='word_1_239' title='bbox 1376 1961 1622 2016; x_wconf 89' lang='lat' dir='ltr'><strong>honestius,</strong></span> 
     </span>
     <span class='ocr_line' id='line_1_27' title="bbox 240 2032 1628 2095; baseline 0 -19"><span class='ocrx_word' id='word_1_240' title='bbox 240 2052 262 2076; x_wconf 91' lang='lat'>»</span> <span class='ocrx_word' id='word_1_241' title='bbox 286 2050 386 2095; x_wconf 81' lang='lat' dir='ltr'><strong>quae</strong></span> <span class='ocrx_word' id='word_1_242' title='bbox 408 2034 553 2080; x_wconf 90' lang='lat' dir='ltr'><strong>omnia</strong></span> <span class='ocrx_word' id='word_1_243' title='bbox 574 2034 810 2094; x_wconf 78' lang='lat' dir='ltr'><strong>operatur?</strong></span> <span class='ocrx_word' id='word_1_244' title='bbox 828 2051 849 2074; x_wconf 89' lang='lat'>»</span> <span class='ocrx_word' id='word_1_245' title='bbox 876 2036 1098 2078; x_wconf 91' lang='lat' dir='ltr'><strong>Potest-ne</strong></span> <span class='ocrx_word' id='word_1_246' title='bbox 1120 2033 1365 2093; x_wconf 90' lang='lat' dir='ltr'><strong>quidquam</strong></span> <span class='ocrx_word' id='word_1_247' title='bbox 1382 2032 1628 2091; x_wconf 81' lang='lat' dir='ltr'><strong>praeclarius</strong></span> 
     </span>
     <span class='ocr_line' id='line_1_28' title="bbox 239 2102 1629 2165; baseline -0.001 -15"><span class='ocrx_word' id='word_1_248' title='bbox 239 2114 315 2151; x_wconf 90' lang='lat' dir='ltr'><strong>aut</strong></span> <span class='ocrx_word' id='word_1_249' title='bbox 342 2105 612 2151; x_wconf 85' lang='lat' dir='ltr'><strong>manifestius</strong></span> <span class='ocrx_word' id='word_1_250' title='bbox 629 2139 641 2161; x_wconf 86' lang='lat'>‚</span> <span class='ocrx_word' id='word_1_251' title='bbox 667 2113 743 2149; x_wconf 85' lang='lat' dir='ltr'><strong>aut</strong></span> <span class='ocrx_word' id='word_1_252' title='bbox 767 2120 872 2150; x_wconf 88' lang='lat' dir='ltr'><strong>vero</strong></span> <span class='ocrx_word' id='word_1_253' title='bbox 899 2105 1031 2150; x_wconf 85' lang='lat' dir='ltr'><strong>etiam</strong></span> <span class='ocrx_word' id='word_1_254' title='bbox 1058 2104 1236 2149; x_wconf 89' lang='lat' dir='ltr'><strong>uberius</strong></span> <span class='ocrx_word' id='word_1_255' title='bbox 1267 2104 1486 2165; x_wconf 78' lang='lat' dir='ltr'><strong>proferri?</strong></span> <span class='ocrx_word' id='word_1_256' title='bbox 1512 2102 1629 2149; x_wconf 81' lang='lat' dir='ltr'><strong>Audi</strong></span> 
     </span>
     <span class='ocr_line' id='line_1_29' title="bbox 239 2174 1629 2237; baseline -0.002 -15"><span class='ocrx_word' id='word_1_257' title='bbox 239 2176 358 2222; x_wconf 84' lang='lat' dir='ltr'><strong>aliud</strong></span> <span class='ocrx_word' id='word_1_258' title='bbox 376 2212 388 2233; x_wconf 82' lang='lat'><strong>,</strong></span> <span class='ocrx_word' id='word_1_259' title='bbox 412 2177 448 2222; x_wconf 88' lang='lat' dir='ltr'><strong>si</strong></span> <span class='ocrx_word' id='word_1_260' title='bbox 475 2191 631 2236; x_wconf 86' lang='lat' dir='ltr'><strong>parum</strong></span> <span class='ocrx_word' id='word_1_261' title='bbox 651 2184 777 2236; x_wconf 90' lang='lat' dir='ltr'><strong>putas</strong></span> <span class='ocrx_word' id='word_1_262' title='bbox 792 2210 804 2232; x_wconf 85' lang='lat'>‚</span> <span class='ocrx_word' id='word_1_263' title='bbox 829 2174 951 2237; x_wconf 90' lang='lat' dir='ltr'><strong>quod</strong></span> <span class='ocrx_word' id='word_1_264' title='bbox 971 2175 1089 2220; x_wconf 90' lang='lat' dir='ltr'><strong>idem</strong></span> <span class='ocrx_word' id='word_1_265' title='bbox 1110 2185 1235 2220; x_wconf 88' lang='lat' dir='ltr'><strong>sonet</strong></span> <span class='ocrx_word' id='word_1_266' title='bbox 1257 2194 1266 2221; x_wconf 89' lang='lat'>:</span> <span class='ocrx_word' id='word_1_267' title='bbox 1295 2194 1317 2218; x_wconf 90' lang='lat'>«</span> <span class='ocrx_word' id='word_1_268' title='bbox 1341 2174 1629 2221; x_wconf 90' lang='lat' dir='ltr'><strong>Sobrietatem</strong></span> 
     </span>
     <span class='ocr_line' id='line_1_30' title="bbox 243 2246 1625 2307; baseline -0.002 -18"><span class='ocrx_word' id='word_1_269' title='bbox 243 2266 264 2290; x_wconf 88' lang='lat'>»</span> <span class='ocrx_word' id='word_1_270' title='bbox 284 2248 402 2293; x_wconf 88' lang='lat' dir='ltr'><strong>enim</strong></span> <span class='ocrx_word' id='word_1_271' title='bbox 423 2247 633 2307; x_wconf 86' lang='lat' dir='ltr'><strong>sapientia</strong></span> <span class='ocrx_word' id='word_1_272' title='bbox 649 2246 797 2303; x_wconf 87' lang='lat' dir='ltr'><strong>docet,</strong></span> <span class='ocrx_word' id='word_1_273' title='bbox 817 2247 985 2307; x_wconf 85' lang='lat' dir='ltr'><strong>inquit,</strong></span> <span class='ocrx_word' id='word_1_274' title='bbox 1008 2255 1052 2291; x_wconf 91' lang='lat' dir='ltr'><strong>et</strong></span> <span class='ocrx_word' id='word_1_275' title='bbox 1063 2246 1276 2307; x_wconf 89' lang='lat' dir='ltr'><strong>justitiam</strong></span> <span class='ocrx_word' id='word_1_276' title='bbox 1293 2255 1337 2291; x_wconf 92' lang='lat' dir='ltr'><strong>et</strong></span> <span class='ocrx_word' id='word_1_277' title='bbox 1358 2246 1580 2291; x_wconf 90' lang='lat' dir='ltr'><strong>virtutem.</strong></span> <span class='ocrx_word' id='word_1_278' title='bbox 1603 2261 1625 2286; x_wconf 67' lang='grc' dir='ltr'><strong>η</strong></span> 
     </span>
     <span class='ocr_line' id='line_1_31' title="bbox 243 2316 1629 2378; baseline -0.002 -14"><span class='ocrx_word' id='word_1_279' title='bbox 243 2319 460 2365; x_wconf 88' lang='lat' dir='ltr'><strong>Sobrietas</strong></span> <span class='ocrx_word' id='word_1_280' title='bbox 481 2317 590 2363; x_wconf 90' lang='lat' dir='ltr'><strong>mihi</strong></span> <span class='ocrx_word' id='word_1_281' title='bbox 617 2319 673 2362; x_wconf 90' lang='lat' dir='ltr'><strong>ad</strong></span> <span class='ocrx_word' id='word_1_282' title='bbox 704 2318 839 2377; x_wconf 90' lang='lat' dir='ltr'><strong>ipsam</strong></span> <span class='ocrx_word' id='word_1_283' title='bbox 862 2317 1156 2378; x_wconf 83' lang='lat' dir='ltr'><strong>cognitionem</strong></span> <span class='ocrx_word' id='word_1_284' title='bbox 1181 2318 1272 2363; x_wconf 89' lang='lat' dir='ltr'><strong>veri</strong></span> <span class='ocrx_word' id='word_1_285' title='bbox 1298 2318 1472 2362; x_wconf 89' lang='lat' dir='ltr'><strong>videtur</strong></span> <span class='ocrx_word' id='word_1_286' title='bbox 1492 2316 1629 2378; x_wconf 90' lang='lat' dir='ltr'><strong>perti-</strong></span> 
     </span>
     <span class='ocr_line' id='line_1_32' title="bbox 242 2388 1628 2449; baseline -0.001 -15"><span class='ocrx_word' id='word_1_287' title='bbox 242 2406 361 2445; x_wconf 80' lang='lat' dir='ltr'><strong>nere,</strong></span> <span class='ocrx_word' id='word_1_288' title='bbox 385 2389 432 2434; x_wconf 91' lang='lat' dir='ltr'><strong>id</strong></span> <span class='ocrx_word' id='word_1_289' title='bbox 452 2398 531 2445; x_wconf 82' lang='lat' dir='ltr'><strong>est,</strong></span> <span class='ocrx_word' id='word_1_290' title='bbox 555 2388 611 2433; x_wconf 91' lang='lat' dir='ltr'><strong>ad</strong></span> <span class='ocrx_word' id='word_1_291' title='bbox 631 2388 929 2449; x_wconf 80' lang='lat' dir='ltr'><strong>disciplinam3</strong></span> <span class='ocrx_word' id='word_1_292' title='bbox 950 2390 1116 2449; x_wconf 86' lang='lat' dir='ltr'><strong>justitia</strong></span> <span class='ocrx_word' id='word_1_293' title='bbox 1133 2404 1238 2434; x_wconf 88' lang='lat' dir='ltr'><strong>vero</strong></span> <span class='ocrx_word' id='word_1_294' title='bbox 1260 2398 1305 2434; x_wconf 90' lang='lat' dir='ltr'><strong>et</strong></span> <span class='ocrx_word' id='word_1_295' title='bbox 1321 2389 1458 2434; x_wconf 85' lang='lat' dir='ltr'><strong>virtus</strong></span> <span class='ocrx_word' id='word_1_296' title='bbox 1480 2389 1536 2434; x_wconf 90' lang='lat' dir='ltr'><strong>ad</strong></span> <span class='ocrx_word' id='word_1_297' title='bbox 1553 2402 1628 2432; x_wconf 88' lang='lat' dir='ltr'><strong>ac-</strong></span> 
     </span>
     <span class='ocr_line' id='line_1_33' title="bbox 243 2459 1626 2521; baseline -0.001 -17"><span class='ocrx_word' id='word_1_298' title='bbox 243 2460 407 2506; x_wconf 90' lang='lat' dir='ltr'><strong>tionem</strong></span> <span class='ocrx_word' id='word_1_299' title='bbox 444 2468 575 2521; x_wconf 90' lang='lat' dir='ltr'><strong>atque</strong></span> <span class='ocrx_word' id='word_1_300' title='bbox 607 2460 662 2504; x_wconf 87' lang='lat' dir='ltr'><strong>ad</strong></span> <span class='ocrx_word' id='word_1_301' title='bbox 695 2459 1005 2520; x_wconf 66' lang='lat' dir='ltr'><strong>operationem</strong></span> <span class='ocrx_word' id='word_1_302' title='bbox 1039 2460 1208 2513; x_wconf 86' lang='lat' dir='ltr'><strong>Quibus</strong></span> <span class='ocrx_word' id='word_1_303' title='bbox 1241 2459 1441 2516; x_wconf 84' lang='lat' dir='ltr'><strong>duobus,</strong></span> <span class='ocrx_word' id='word_1_304' title='bbox 1465 2459 1510 2503; x_wconf 90' lang='lat' dir='ltr'><strong>id</strong></span> <span class='ocrx_word' id='word_1_305' title='bbox 1533 2466 1626 2513; x_wconf 88' lang='lat' dir='ltr'><strong>est,</strong></span> 
     </span>
    </p>

    <p class='ocr_par' dir='ltr' id='par_1_4' title="bbox 295 2541 1534 2586">
     <span class='ocr_line' id='line_1_34' title="bbox 295 2541 1534 2586; baseline -0.002 -9"><span class='ocrx_word' id='word_1_306' title='bbox 295 2550 303 2567; x_wconf 86' lang='lat'>¹</span> <span class='ocrx_word' id='word_1_307' title='bbox 325 2545 416 2577; x_wconf 80' lang='lat' dir='ltr'><strong>Rom.</strong></span> <span class='ocrx_word' id='word_1_308' title='bbox 435 2543 580 2585; x_wconf 80' lang='lat' dir='ltr'><strong>v1u,28.</strong></span> <span class='ocrx_word' id='word_1_309' title='bbox 597 2550 662 2570; x_wconf 69' lang='grc'><strong>--2</strong></span> <span class='ocrx_word' id='word_1_310' title='bbox 686 2554 700 2577; x_wconf 87' lang='lat'>1</span> <span class='ocrx_word' id='word_1_311' title='bbox 718 2544 790 2577; x_wconf 80' lang='lat' dir='ltr'><strong>Cor.</strong></span> <span class='ocrx_word' id='word_1_312' title='bbox 812 2554 837 2586; x_wconf 86' lang='lat'><strong>1,</strong></span> <span class='ocrx_word' id='word_1_313' title='bbox 856 2543 911 2586; x_wconf 71' lang='lat'><strong>24.</strong></span> <span class='ocrx_word' id='word_1_314' title='bbox 925 2559 966 2568; x_wconf 91' lang='lat'>—</span> <span class='ocrx_word' id='word_1_315' title='bbox 986 2541 1000 2569; x_wconf 80' lang='grc'><strong>3</strong></span> <span class='ocrx_word' id='word_1_316' title='bbox 1021 2545 1114 2577; x_wconf 87' lang='lat' dir='ltr'><strong>Joan.</strong></span> <span class='ocrx_word' id='word_1_317' title='bbox 1133 2555 1157 2583; x_wconf 89' lang='lat'><strong>1,</strong></span> <span class='ocrx_word' id='word_1_318' title='bbox 1179 2544 1210 2577; x_wconf 84' lang='lat'><strong>3.</strong></span> <span class='ocrx_word' id='word_1_319' title='bbox 1227 2558 1268 2567; x_wconf 93' lang='lat'><strong>-·</strong></span> <span class='ocrx_word' id='word_1_320' title='bbox 1285 2542 1301 2574; x_wconf 79' lang='grc'>4</span> <span class='ocrx_word' id='word_1_321' title='bbox 1322 2545 1394 2586; x_wconf 85' lang='lat' dir='ltr'><strong>Sap.</strong></span> <span class='ocrx_word' id='word_1_322' title='bbox 1416 2553 1484 2584; x_wconf 86' lang='lat' dir='ltr'><strong>vm,</strong></span> <span class='ocrx_word' id='word_1_323' title='bbox 1506 2553 1534 2575; x_wconf 83' lang='lat'><strong>1.</strong></span> 
     </span>
    </p>
   </div>
   <div class='ocr_carea' id='block_1_3' title="bbox 1643 0 1729 3143">
    <p class='ocr_par' dir='ltr' id='par_1_5' title="bbox 1643 0 1729 3143">
     <span class='ocr_line' id='line_1_35' title="bbox 1643 0 1729 3143; baseline 0 0"><span class='ocrx_word' id='word_1_324' title='bbox 1643 0 1729 3143; x_wconf 95' lang='lat' dir='ltr'><strong> </strong></span> 
     </span>
    </p>
   </div>
  </div>
 </body>
</html>
