1729 3143
468 273 521 299 DE
551 272 759 309 sscmnom,
794 271 932 298 selmo
960 271 1030 297 111.
1377 258 1429 296 85

56 338 137 382 bus
158 347 371 382 terrarum
393 353 483 382 non
504 347 568 382 est
583 371 594 391 ‚
632 335 708 379 sed
728 335 892 395 ubique
913 344 1004 380 tota
1026 343 1088 379 est
1106 369 1117 389 ,
1155 342 1198 378 et
1226 336 1272 378 in
1294 336 1434 378 omni-

53 407 136 451 bus
157 417 245 452 tota
262 417 324 452 est
341 443 352 462 ‚
380 416 423 451 et
439 407 636 451 omnium
650 404 796 449 oculos
812 405 962 460 satiat,
986 414 1029 449 et
1049 405 1140 464 ipsa
1155 405 1321 461 integra
1338 419 1436 463 per-

53 486 220 521 severat
240 496 248 521 z
270 479 303 521 si
320 478 402 520 hoc
419 484 559 534 potest
572 482 783 527 creatura,
809 483 973 533 quanto
991 474 1174 533 amplius
1193 474 1284 533 ipse
1299 476 1433 519 Crea-

54 549 152 590 tor?
186 546 270 591 Sed
303 547 386 590 hoc
422 545 543 605 quod
576 544 711 588 Filius
750 544 909 588 dicitur
942 544 1090 588 sedere
1128 544 1182 588 ad
1211 544 1433 589 dexteram

54 616 217 668 Patris,
258 614 581 658 demonstratur
617 613 738 674 quod
759 613 849 672 ipse
880 614 1012 657 homo
1036 648 1047 667 ,
1089 629 1220 672 quem
1249 614 1437 674 suscepit

52 685 246 729 Christus
267 719 276 738 ‚
303 693 560 742 potestatem
580 684 792 743 acceperit
809 684 1059 743 judicantis,

110 755 232 797 VIII.
272 753 379 797 Inde
402 755 517 797 enim
539 764 748 798 venturus
769 763 831 798 est
857 754 1054 813 judicare
1087 755 1207 798 vivos
1239 762 1282 798 et
1318 768 1437 798 mor-

50 833 162 868 tuos.
189 824 436 869 Adventum
464 827 556 885 ejus
573 826 684 869 liber
710 825 873 869 indicat
895 828 1086 870 Actuum
1109 823 1434 884 Apostolorum.

50 897 203 938 Postea
236 895 352 938 enim
374 911 506 955 quam
530 912 554 939 a
576 896 758 940 mortuis
788 896 1046 950 resurrexit,
1076 904 1355 941 conversatus
1376 904 1440 939 est

49 978 149 1008 cum
174 965 402 1023 Discipulis
439 966 524 1010 suis
557 967 845 1026 quadraginta
874 966 1028 1010 diebus
1069 975 1113 1010 et
1151 965 1440 1025 quadraginta

48 1035 251 1078 noctibus
269 1070 280 1089 ‚
309 1036 471 1079 intrans
499 1045 542 1080 et
575 1037 718 1078 exiens
734 1072 745 1090 ,
771 1036 1039 1081 manducans
1063 1045 1107 1080 et
1130 1036 1287 1080 bibens
1307 1070 1318 1090 ‚
1347 1050 1438 1079 non

47 1101 169 1162 quod
202 1102 382 1146 haberet
419 1102 716 1146 infirmitatem
735 1137 745 1157 ‚
788 1102 863 1145 sed
895 1111 945 1146 ut
981 1104 1158 1146 doceret
1190 1104 1434 1148 veritatem.

47 1170 387 1230 Quadi-agesimo
410 1170 506 1226 die,
544 1171 644 1230 ipsis
675 1172 923 1216 videntibus
951 1181 994 1216 et
1015 1171 1209 1231 quodam
1238 1173 1370 1218 modo
1392 1174 1438 1217 in

48 1241 209 1286 coelum
232 1241 367 1285 oculis
399 1241 748 1297 deducentibus,
788 1243 1018 1286 astiterunt
1043 1242 1127 1286 illis
1159 1242 1248 1286 duo
1279 1243 1360 1286 viri
1393 1243 1439 1287 in

48 1320 165 1355 veste
186 1311 284 1355 alba
300 1346 310 1366 ‚
335 1312 411 1371 qui
435 1311 638 1355 dixerunt
659 1312 718 1355 eis
745 1331 753 1356 ε
784 1330 802 1352 «
828 1312 921 1356 Viri
947 1311 1114 1356 Galilaei
1135 1347 1146 1367 ‚
1179 1311 1289 1372 quid
1316 1313 1436 1356 statis

48 1399 70 1422 »
94 1382 312 1425 intuentes
347 1382 394 1425 in
417 1381 614 1426 coelum?
652 1383 738 1424 Iste
760 1383 883 1424 Jesus
900 1414 910 1434 ‚
932 1382 1009 1438 qui
1031 1392 1276 1441 assumptus
1298 1392 1362 1426 est
1389 1383 1436 1426 in

51 1468 71 1492 »
98 1450 258 1494 coelum
281 1467 304 1495 a
322 1450 466 1504 vobis,
493 1451 550 1493 sic
582 1451 727 1493 veniet
752 1448 1127 1508 quemadmodum
1148 1452 1313 1496 vidistis
1336 1467 1437 1496 eum

50 1538 70 1562 n
97 1530 274 1565 euntem
306 1521 350 1563 in
385 1519 549 1563 coelum
573 1521 602 1561 1.
632 1536 652 1560 »
689 1519 846 1561 Veniet
877 1533 980 1576 ergo
1000 1552 1011 1572 ‚
1046 1517 1199 1562 fratres
1231 1518 1343 1574 mei,
1367 1536 1441 1564 ve-

47 1591 138 1635 niet
163 1610 173 1636 2
198 1590 269 1634 ille
306 1591 381 1650 qui
419 1590 537 1648 prius
569 1589 689 1633 venit
717 1587 913 1632 occultus
930 1623 941 1643 ‚
975 1588 1122 1632 veniet
1149 1589 1194 1631 in
1224 1597 1438 1647 potestate

48 1661 300 1704 manifestus
327 1679 335 1704 :
366 1659 440 1703 ille
474 1660 551 1718 qui
573 1659 794 1718 judicatus
821 1667 882 1703 est
899 1693 911 1713 ‚
950 1658 1094 1703 veniet
1124 1657 1398 1718 judicaturus
1424 1680 1432 1705 :

48 1730 121 1775 ille
143 1732 219 1790 qui
246 1731 364 1774 stetit
385 1739 485 1774 ante
506 1730 729 1774 hominem
746 1764 756 1784 ,
777 1729 1052 1789 judicaturus
1074 1738 1138 1773 est
1160 1745 1335 1774 omnem
1352 1732 1436 1775 ho-

47 1801 225 1844 minem.
251 1818 271 1841 «
288 1803 401 1843 Deus
414 1799 666 1843 manifestus
683 1799 865 1844 veniet2.
886 1818 906 1841 »
925 1799 1039 1853 Quid
1058 1808 1122 1844 est
1144 1818 1153 1844 ;
1172 1818 1192 1841 «
1211 1802 1324 1844 Deus
1343 1815 1439 1845 ma-

49 1889 70 1913 »
97 1870 278 1914 nifestus
300 1869 444 1914 veniet
465 1872 483 1913 Ρ
506 1887 526 1910 »
551 1872 649 1914 Non
678 1870 790 1913 sicut
815 1870 934 1929 prius
950 1905 961 1926 ,
986 1871 1119 1915 homo
1132 1870 1337 1928 humilis3
1362 1872 1438 1916 sed

47 1941 157 1986 sicut
184 1944 298 1985 Deus
327 1941 483 1994 homo,
510 1941 733 1999 majestate
755 1940 968 1985 sublimis.
992 1944 1049 1985 Et
1065 1941 1293 2001 judicabit.
1320 1946 1437 1995 Quo-

47 2011 178 2055 modo
198 2010 446 2070 judicabit?
468 2013 565 2056 Non
589 2009 704 2054 enim
728 2019 778 2054 ut
794 2010 931 2071 judex
962 2020 1156 2056 terrenus
1177 2014 1438 2071 quaesiturus

48 2090 112 2125 est
134 2090 260 2124 testes
282 2090 332 2125 ut
354 2090 397 2124 te
415 2081 647 2125 convincat
662 2116 673 2137 ‚
698 2091 773 2126 aut
788 2082 1016 2126 veritatem
1038 2098 1114 2142 per
1132 2092 1348 2128 tormenta
1370 2099 1441 2128 re-

47 2152 285 2211 quisiturus
323 2159 372 2194 ut
401 2150 648 2195 confessum
670 2153 824 2210 puniat
860 2172 869 2197 ε
895 2168 996 2197 cum
1013 2153 1151 2213 judex
1171 2153 1320 2198 sedeat
1347 2154 1438 2213 ipsa

40 2221 205 2281 justitia
225 2256 236 2275 ,
262 2230 305 2265 et
328 2221 447 2264 testis
469 2220 550 2264 sibi
573 2222 626 2264 sit
648 2221 739 2279 ipsa
757 2223 870 2267 mala
887 2224 1163 2268 conscientia.
1191 2223 1270 2267 Ille
1282 2223 1433 2284 judex,

45 2291 338 2346 dilectissimi,
363 2306 444 2335 nec
466 2291 601 2350 gratia
618 2292 904 2350 praevenitur,
928 2309 1009 2339 nec
1030 2293 1321 2339 misericordia
1343 2296 1435 2354 jam

45 2361 238 2404 flectitur
258 2382 269 2418 ς
293 2376 372 2405 nec
388 2362 571 2420 pecunia
592 2361 886 2421 corrumpitur
903 2397 914 2418 ‚
934 2379 1014 2408 nec
1036 2363 1326 2409 satisfactione
1348 2366 1434 2409 mi-

46 2430 224 2489 tigatur.
242 2431 322 2474 Hic
334 2465 345 2485 ‚
361 2431 434 2475 hic
451 2466 462 2485 ,
483 2430 589 2475 dum
604 2440 776 2491 tempus
795 2442 859 2477 est
874 2467 885 2487 ,
905 2433 1122 2494 quidquid
1138 2443 1278 2494 potest
1292 2435 1435 2479 anima

50 2510 148 2559 agat
170 2517 249 2561 pro
267 2516 311 2545 se
326 2536 337 2556 ‚
363 2503 438 2545 ubi
463 2502 585 2547 locus
606 2512 671 2548 est
686 2504 995 2549 misericordiae
1014 2524 1022 2551 ;
1045 2520 1144 2550 nam
1159 2506 1221 2550 ibi
1238 2506 1346 2565 quid
1365 2522 1445 2566 pro

101 2593 109 2608 ¹
133 2587 205 2618 Act.
225 2597 248 2627 1,
271 2597 323 2619 11.
339 2602 377 2611 -—
396 2593 409 2609 2
433 2587 515 2621 Psal.
538 2597 625 2629 xmx,
644 2589 673 2621 3.
