1729 3143
0 2593 1 2604 i

0 2608 1 2618 i

0 2622 1 2649 i

0 2698 2 2716 l

6 2726 10 2903 ἓ

528 239 582 267 DE
616 239 735 266 URBIS
766 235 953 266 Excmro.
1349 223 1429 261 201

53 302 111 347 Et
123 304 348 363 respondit
362 305 400 349 ei
415 305 640 359 Dominus,
661 302 780 363 quod
796 304 830 347 Ji
846 303 1039 347 inveniat
1054 301 1100 345 in
1118 300 1289 345 civitate
1302 300 1436 360 quin-

55 375 262 434 quaginta
283 376 422 434 justos
439 409 449 428 ‚
474 382 624 432 parcat
645 372 820 416 civitati.
854 371 1018 415 Deinde
1040 371 1260 416 Abraham
1283 369 1440 429 adjecit

55 445 110 488 ad
132 445 533 503 interrogationem,
558 451 602 487 et
621 442 844 502 quaesivit,
878 451 1028 486 utrum
1050 443 1083 485 si
1103 441 1249 486 minus
1276 440 1441 485 fuerint

54 514 253 574 quinque
273 550 283 570 ,
309 523 351 558 et
384 521 636 558 remaneant
668 511 1182 571 quadraginta-quinque
1200 546 1210 566 ,
1246 509 1440 555 similiter

54 592 219 642 parcat.
238 582 478 641 Respondit
492 586 622 637 Deus,
637 597 814 641 parcere
829 597 872 626 se
886 590 928 625 et
942 590 1120 640 propter
1134 582 1443 641 quadraginta-

58 652 270 711 quinque.
298 652 416 704 Quid
437 651 610 696 multa?
639 651 855 697 Paulatim
877 650 1187 710 interrogando
1209 661 1252 695 et
1285 667 1337 695 ex
1368 650 1443 694 illo

54 736 241 766 numero
263 721 533 766 detrahendo
555 723 753 782 pervenit
770 723 825 768 ad
842 724 1010 778 decem,
1031 731 1075 767 et
1096 721 1296 782 quaesivit
1319 736 1343 764 a
1359 723 1446 764 Do-

53 791 189 846 mino,
216 800 365 835 utrum
384 792 418 835 si
440 791 589 836 decem
607 794 746 852 justos
768 793 814 836 in
836 793 1009 837 civitate
1031 792 1291 851 compererit
1307 825 1317 845 ‚
1343 805 1445 849 per-

55 859 132 904 dat
153 876 225 904 eos
251 877 352 905 cum
379 861 557 921 reliquis
584 862 980 907 innumerabilibus
1004 862 1127 906 malis
1145 897 1156 917 ‚
1190 877 1246 906 an
1267 870 1450 920 propter

57 927 209 972 decem
226 929 366 987 justos
380 941 530 984 parcat
543 933 688 990 potius
706 932 886 977 civitati.
907 932 1152 990 Respondit
1167 935 1299 984 Deus,
1321 929 1451 973 etiam

55 1003 236 1052 propter
257 991 408 1036 decem
427 992 564 1050 justos
581 1005 672 1034 non
694 1004 738 1033 se
759 993 943 1048 perdere
957 996 1194 1032 clvitatem.
1215 996 1333 1042 Quid
1350 1006 1453 1048 crgo

57 1064 240 1108 dicimus
261 1097 272 1117 ,
321 1061 508 1106 fratres?
530 1061 732 1105 Occurrit
753 1060 871 1103 enim
892 1059 1019 1103 nobis
1041 1059 1224 1118 quaestio
1246 1059 1389 1105 valida
1410 1072 1453 1106 et

60 1134 312 1186 vehemens,
339 1131 580 1190 praesertim
602 1130 656 1174 ab
677 1129 929 1173 hominibus
946 1130 1023 1189 qui
1045 1130 1276 1188 Scripturis
1295 1131 1452 1174 nostris

60 1203 283 1261 impietate
305 1201 567 1245 insidiantur
584 1235 594 1254 ‚
617 1215 707 1244 non
730 1200 807 1259 qui
828 1214 898 1243 eas
917 1200 1076 1258 pietate
1099 1200 1360 1258 perquirunt
1379 1222 1389 1257 3
1410 1209 1454 1244 et

62 1273 236 1327 dicunt,
256 1273 439 1316 maxime
454 1271 508 1315 de
524 1273 686 1315 recenti
707 1271 873 1315 excidio
888 1279 1021 1314 tantae
1044 1270 1164 1313 urbis
1185 1288 1194 1314 z
1216 1272 1313 1314 Non
1332 1280 1455 1314 erant

64 1347 216 1388 Romae
239 1343 558 1402 quinquaginta
589 1342 695 1401 justi
718 1344 736 1385 Ρ
771 1344 823 1385 In
858 1350 981 1387 tanto
1009 1354 1194 1384 numero
1222 1339 1419 1384 fidelium
1440 1375 1451 1395 ‚

62 1422 190 1457 tanto
211 1427 396 1456 numero
418 1411 828 1464 sanctimonialium,
854 1411 1175 1456 continentium
1191 1444 1202 1465 ,
1227 1419 1350 1454 tanto
1372 1427 1456 1455 nu-

61 1497 185 1526 mero
208 1496 431 1526 servorum
455 1490 498 1524 et
519 1480 777 1525 ancillarum
798 1481 901 1536 Dei,
926 1496 1006 1525 nec
1023 1481 1340 1540 quinquaginta
1352 1481 1457 1539 justi

63 1553 250 1596 inveniri
272 1560 514 1610 potuerunt
529 1586 541 1603 ‚
565 1567 646 1596 nec
675 1552 963 1610 quadraginta
982 1586 993 1607 ,
1019 1566 1100 1596 nec
1134 1551 1312 1610 triginta
1330 1586 1341 1606 ‚
1375 1567 1457 1596 nec

63 1622 217 1680 viginti
233 1657 243 1676 ‚
270 1637 350 1665 nec
371 1621 558 1664 decem?
582 1622 624 1665 Si
647 1630 792 1664 autem
816 1620 1073 1665 incredibile
1095 1630 1184 1675 est,
1210 1636 1346 1680 quare
1368 1636 1458 1665 non

64 1695 179 1736 ‘Deus
201 1700 381 1749 propter
400 1690 717 1749 quinquaginta
735 1710 746 1746 3
770 1688 841 1733 vel
862 1690 991 1733 etiam
1006 1699 1186 1748 propter
1201 1689 1351 1735 decem
1363 1692 1458 1750 jus-

64 1770 131 1805 tos
152 1760 347 1820 pepercit
367 1759 431 1803 illi
451 1759 649 1803 civitati?
675 1760 895 1818 Scriptura
927 1774 1018 1803 non
1041 1759 1182 1814 fallit,
1207 1760 1239 1804 si
1262 1775 1305 1804 se
1325 1761 1459 1806 homo

66 1846 157 1875 non
180 1829 318 1874 fallat.
344 1832 457 1875 Cum
480 1830 534 1874 de
557 1830 723 1889 justitia
751 1831 963 1890 quaeritur
978 1865 988 1885 ,
1023 1839 1066 1874 et
1087 1833 1202 1874 Deus
1221 1831 1276 1875 de
1294 1832 1458 1891 justitia

66 1900 330 1960 respondet3
359 1902 499 1960 justos
535 1901 693 1959 quaerit
726 1900 782 1944 ad
813 1900 1009 1957 regulam
1042 1901 1236 1946 divinam
1257 1937 1268 1956 ,
1292 1918 1382 1946 non
1406 1902 1460 1946 ad

69 1972 266 2028 regulam
287 1972 540 2014 humanam.
566 1971 664 2016 Cito
685 1986 788 2029 ergo
809 1970 1051 2030 respondeo
1073 1990 1081 2015 :
1106 1975 1195 2015 Aut
1213 1972 1379 2016 invenit
1399 1972 1460 2015 ibi

70 2050 136 2085 tot
149 2042 305 2099 justOS‚
327 2050 370 2084 et
391 2041 584 2099 pepercit
601 2042 764 2085 civitati
782 2063 792 2098 3
819 2049 893 2085 aut
909 2041 943 2085 si
961 2057 1050 2085 non
1068 2042 1264 2100 pepercit
1280 2042 1458 2095 civitati,

71 2126 152 2155 nec
165 2112 304 2170 justos
324 2110 506 2154 invenit.
529 2110 613 2154 Sed
630 2111 920 2170 respondetur
935 2112 1058 2167 mihi,
1079 2112 1360 2157 manifestum
1375 2127 1463 2156 esse

71 2180 193 2240 quod
221 2183 337 2224 Deus
368 2195 455 2224 non
490 2180 685 2239 pepercit
713 2181 891 2225 civitati.
927 2183 1188 2241 Respondeo
1221 2198 1302 2241 ego
1331 2202 1339 2227 :
1368 2185 1461 2226 Imo

71 2249 181 2293 mihi
205 2264 295 2293 non
315 2259 380 2293 est
401 2248 697 2293 manifestum.
720 2248 911 2294 Perditio
934 2251 1049 2295 enim
1070 2252 1254 2296 civitatis
1275 2252 1335 2296 ibi
1349 2251 1460 2296 facta

73 2334 164 2363 non
196 2327 285 2372 est,
316 2319 428 2363 sicut
456 2320 501 2362 in
532 2319 727 2363 Sodomis
755 2318 867 2363 facta
905 2329 981 2364 est.
1014 2324 1076 2364 De
1107 2322 1305 2366 Sodomis
1338 2322 1451 2366 enim

73 2389 257 2449 quaestio
281 2398 393 2444 erat,
424 2388 601 2448 quando
624 2392 764 2433 Deum
787 2390 1008 2434 Abraham
1030 2392 1327 2450 interrogavit.
1347 2394 1460 2435 Deus

78 2467 224 2502 autem
246 2457 353 2502 dixit
374 2477 383 2503 :
412 2477 432 2500 «
450 2461 548 2504 Non
570 2459 748 2518 perdam
770 2460 990 2505 civitatem
1009 2480 1017 2506 :
1042 2480 1060 2502 »
1087 2478 1178 2507 non
1197 2462 1304 2506 dixit
1328 2480 1336 2505 ε
1361 2463 1457 2505 Non

79 2528 250 2586 flagello
267 2529 500 2574 civitatem.
529 2530 726 2576 Sodomis
748 2545 836 2576 non
858 2532 1052 2591 pepercit
1071 2567 1082 2589 ‚
1111 2531 1340 2578 Sodomam
1357 2545 1459 2590 per-
