1729 3143
402 193 456 220 DE
490 192 640 221 ummo
672 189 889 230 Aul-ram,
925 193 1007 219 mn.
1043 193 1074 217 1.
1345 179 1428 219 303

48 253 294 299 vilissimam
326 257 589 313 sentiuntur,
628 266 672 301 et
704 271 931 316 nunquam
964 270 1053 300 esse
1084 263 1199 299 certa
1226 264 1431 313 possunt,

0 342 1 348 ¹
48 324 171 382 quasi
190 339 345 382 magna
366 335 410 370 et
431 325 627 371 miranda
644 326 811 370 sectari.
835 329 944 370 Nam
960 327 1045 370 hoc
1061 340 1151 369 uno
1167 339 1322 382 genere
1343 339 1437 368 om-

47 393 119 436 nia
139 393 382 449 malefacta,
408 396 452 439 id
470 405 548 450 est,
570 404 761 454 peccata,
784 395 890 438 mihi
911 395 1115 438 videntur
1135 393 1316 439 includi.
1341 393 1436 437 Tibi

48 470 193 505 autem
209 464 316 521 quid
334 464 548 519 videatur,
569 473 749 523 expecto
764 478 1040 522 cognoscere.

104 534 286 577 XXXV.
322 537 374 578 E.
404 537 481 578 Est
503 535 562 579 ita
585 544 635 579 ut
656 534 776 589 dicis,
798 542 840 578 et
861 534 1068 578 assentior
1086 533 1232 577 omnia
1248 541 1427 592 peccata

0 595 1 608 ¹
45 600 130 645 hoc
150 617 240 646 uno
263 618 418 661 genere
435 602 662 658 contineri,
683 618 784 648 cum
805 604 990 663 quisque
1012 603 1220 647 avertitur
1239 618 1262 646 a
1280 602 1437 647 divinis

45 684 233 731 vereque
257 673 552 728 manentibus,
581 683 656 747 eta
650 673 705 718 ad
731 673 959 718 mutabilia
991 682 1122 732 atque
1147 672 1312 717 incerta
1329 687 1436 717 con-

45 741 242 784 vertitur.
277 744 386 794 Quae
409 758 662 802 quanquam
685 744 731 787 in
752 742 905 788 ordine
930 758 1008 787 suo
1030 751 1148 786 recte
1170 742 1311 786 locata
1332 742 1435 795 sint,

45 818 89 853 et
109 824 231 853 suam
247 811 480 870 quamdam
500 812 874 871 pulchritudinem
897 821 1108 871 peragant
1126 832 1137 868 3
1161 811 1352 870 perversi
1370 819 1439 854 ta-

44 893 145 921 men
167 879 300 920 animi
322 889 386 920 est
408 890 450 921 et
467 882 720 931 inordinati,
744 882 803 921 eis
823 882 1055 937 sequendis
1078 881 1251 936 subjici,
1278 880 1440 937 quibus

46 945 101 989 ad
135 954 294 989 nutum
324 961 453 989 suurn
485 945 696 990 ducendis
728 947 871 1005 potius
905 947 1053 991 divino
1088 947 1241 991 ordine
1270 962 1319 991 ac
1341 948 1440 1005 jure

45 1014 250 1074 praelatus
272 1024 347 1059 est.
374 1018 430 1058 Et
451 1015 561 1059 illud
583 1016 711 1060 simul
737 1016 843 1059 mihi
865 1016 1011 1060 videre
1023 1017 1114 1075 jam
1135 1015 1287 1060 videor
1310 1017 1442 1061 abso-

46 1084 192 1129 lutum
223 1094 354 1144 atque
386 1095 683 1144 compertum,
720 1087 840 1146 quod
873 1096 970 1146 post
1000 1086 1119 1131 illam
1149 1088 1442 1147 quaestionem

47 1153 154 1214 quid
189 1155 244 1198 sit
277 1154 390 1198 male
425 1154 582 1210 facere,
618 1155 822 1215 deinceps
860 1172 1056 1215 quaerere
1092 1157 1439 1210 institueramus,

47 1224 165 1268 unde
202 1224 314 1268 male
346 1224 569 1269 faciamus.
594 1227 682 1270 Nisi
716 1226 832 1269 enim
865 1225 1009 1281 fallor,
1045 1235 1095 1270 ut
1124 1226 1235 1270 ratio
1258 1235 1442 1270 tractata

49 1295 328 1349 monstravit,
362 1294 408 1338 id
435 1294 618 1339 facimus
639 1311 691 1338 ex
712 1295 851 1339 libero
870 1295 1108 1341 voluntatis
1136 1296 1329 1339 arbitrio.
1358 1294 1444 1340 Sed
1482 1294 1491 1343 ἶ

50 1380 214 1425 quaero,
232 1374 381 1409 utrum
398 1365 540 1423 ipsum
562 1365 751 1409 liberum
769 1365 1015 1419 arbitrium,
1036 1380 1126 1424 quo
1143 1365 1354 1423 peccandi
1376 1366 1444 1409 sa-

0 1481 2 1485 ,
50 1434 256 1479 cultatem
272 1435 434 1478 habere
453 1435 769 1489 convincimur,
791 1435 1033 1494 oportuerit
1055 1434 1180 1477 nobis
1197 1433 1291 1478 dari
1310 1435 1365 1478 ab
1389 1450 1441 1478 eo

51 1506 127 1566 qui
148 1521 225 1550 nos
247 1505 364 1550 fecit.
392 1507 604 1549 Videmur
626 1506 741 1550 enim
763 1521 853 1550 non
878 1504 1005 1549 fuisse
1029 1497 1270 1563 peccaturi]
1307 1504 1341 1547 si
1364 1505 1446 1549 isto

51 1590 295 1619 careremus
318 1593 328 1619 ι
353 1584 397 1619 et
417 1585 706 1619 metuencum
724 1584 804 1626 est,
841 1589 896 1619 ne
918 1575 1001 1618 hoc
1025 1574 1157 1618 modo
1181 1577 1294 1618 Deus
1315 1573 1446 1617 etiam

51 1644 382 1689 malefactorum
417 1654 667 1689 nostrorum
705 1653 856 1689 auctor
889 1643 1170 1688 existimetur.
1215 1646 1268 1687 A.
1314 1641 1447 1688 Nullo
1489 1686 1493 1688 ,

51 1713 185 1758 modo
202 1715 344 1758 isthuc
365 1715 582 1759 timueris:
608 1715 683 1758 sed
704 1723 753 1758 ut
774 1714 1023 1771 diligentius
1043 1713 1307 1774 requiratur,
1326 1712 1449 1758 aliud

53 1792 222 1843 tempus
252 1783 515 1828 sumendum
549 1792 628 1828 est.
664 1785 773 1828 Nam
801 1784 897 1828 haec
931 1783 1237 1828 sermocinatio
1261 1782 1446 1827 modum

52 1855 376 1913 terminumque
392 1855 481 1913 jam
500 1854 739 1911 desiderat,
765 1869 852 1913 qua
876 1853 1006 1898 velim
1025 1853 1175 1898 credas
1188 1868 1448 1911 magnarum

55 1922 391 1983 abditarumque
413 1939 559 1967 rerum
582 1923 941 1984 inquirendarum
964 1924 1087 1983 quasi
1104 1923 1219 1967 fores
1238 1938 1328 1966 esse
1345 1923 1448 1982 pul-

55 2002 181 2037 satas.
211 1996 264 2037 In
283 2008 469 2052 quarum
491 1993 727 2051 penetralia
759 2009 859 2038 cum
890 1997 980 2038 Deo
1005 1992 1116 2037 duce
1133 1993 1281 2037 venire
1304 2007 1449 2051 coepe-

56 2062 205 2118 rimus,
226 2062 443 2123 judicabis
459 2063 673 2122 profecto,
694 2073 909 2124 quantum
925 2063 1040 2107 inter
1060 2064 1173 2107 hanc
1190 2062 1448 2121 disputatio-

58 2147 175 2188 nem,
217 2142 260 2177 et
291 2148 360 2177 eas
390 2148 489 2193 quae
523 2142 766 2192 sequuntur
802 2134 987 2188 intersit,
1024 2142 1331 2193 quantumque
1371 2131 1447 2176 illa

59 2211 279 2261 praestent,
304 2219 395 2247 non
415 2203 547 2247 modo
578 2203 917 2262 investigationis
939 2205 1185 2261 sagacitate,
1212 2203 1287 2247 sed
1317 2202 1447 2246 etiam

59 2275 279 2332 majestate
293 2288 454 2326 rerum,
471 2283 513 2317 et
526 2272 759 2318 clarissima
773 2273 871 2318 luce
887 2275 1095 2329 veritatis,
1118 2275 1255 2334 pietas
1275 2282 1448 2318 tantum

62 2342 187 2398 adsit,
222 2352 271 2387 ut
294 2359 371 2387 nos
393 2343 539 2387 divina
562 2344 832 2403 providentia
862 2360 1052 2400 cursum,
1090 2360 1221 2404 quem
1256 2343 1448 2388 institui-

62 2428 174 2469 mus,
194 2423 342 2458 tenere
358 2424 401 2458 et
416 2416 619 2474 perficere
634 2417 865 2475 permittat.
891 2419 942 2460 E.
974 2415 1093 2461 Cedo
1109 2415 1323 2461 voluntati
1341 2425 1443 2470 tuae,

65 2493 108 2528 et
125 2486 163 2529 ei
174 2499 314 2530 meam
325 2484 490 2544 judicio
505 2495 548 2531 et
562 2495 663 2533 voto
679 2486 961 2533 libentissime
978 2486 1184 2547 adjungo.
