1729 3143
377 206 431 232 DE
464 206 615 232 Lim-:no
647 204 860 243 Anum-nto,
898 207 978 232 Lm.
1015 207 1063 233 ιι.
1334 195 1416 233 313

41 271 230 328 appetit,
264 268 386 313 nullo
407 268 540 313 modo
560 278 703 328 posset
720 303 731 323 ‚
755 269 836 312 nisi
861 270 987 314 oculo
1009 269 1155 314 clauso
1171 268 1241 314 vel
1257 270 1421 313 nonita

38 347 158 383 moto
181 354 224 382 se
246 339 290 382 id
314 354 402 383 non
420 338 566 382 videre
587 338 780 382 sentiret.
810 338 853 382 Si
876 348 1021 383 autem
1042 339 1173 383 sentit
1193 353 1237 382 se
1258 354 1348 383 non
1363 338 1422 382 vi-

41 409 142 453 dere
172 408 277 453 dum
306 425 396 455 non
421 408 563 463 videt,
600 423 772 452 necesse
794 418 857 452 est
884 409 1012 453 etiam
1035 410 1191 454 sentiat
1214 425 1257 454 se
1276 409 1422 453 videre

42 480 147 524 dum
170 480 318 537 videt3
342 480 442 539 quia
465 494 566 523 cum
587 494 638 523 eo
661 479 856 537 appetitu
876 494 966 523 non
988 489 1134 524 movet
1156 480 1332 524 oculum
1356 480 1425 526 vi-

41 548 148 593 dens
165 584 176 603 ,
197 565 286 608 quo
299 558 444 593 movet
461 564 550 593 non
567 547 717 593 videns
734 583 744 602 ‚
765 548 929 592 indicat
941 564 986 593 se
997 558 1234 609 utrumque
1250 551 1423 594 sentire.

43 619 128 663 Sed
150 627 298 661 utrum
321 627 364 662 et
385 633 428 661 se
445 619 582 677 ipsam
597 619 691 662 haec
704 618 791 662 vita
809 619 987 674 sentiat,
1012 634 1112 679 quae
1126 634 1170 662 se
1187 620 1428 678 corporalia

41 688 199 732 sentire
220 688 375 742 sentit,
401 703 491 732 non
524 689 583 732 ita
613 688 778 732 clarum
800 698 891 744 est,
924 689 1005 732 nisi
1031 689 1152 749 quod
1177 704 1221 733 se
1243 690 1429 750 quisque

41 761 158 802 intus
189 758 458 817 interrogans
476 794 487 810 ‚
521 759 688 804 invenit
720 775 894 804 omnem
921 775 1013 804 rem
1035 761 1252 805 viventem
1279 761 1430 817 fugere

41 837 224 872 mortem
244 849 255 885 3
281 844 380 887 quae
398 843 496 872 cum
522 829 575 873 sit
596 830 697 873 vitae
714 830 928 874 contraria
944 865 956 881 ,
982 845 1151 874 necesse
1180 838 1243 874 est
1270 837 1320 872 ut
1341 829 1431 873 vita

41 898 170 938 etiam
189 909 233 937 se
250 895 387 952 ipsam
409 896 582 946 sentiat,
602 908 701 951 quae
721 892 988 937 contrarium
1005 908 1133 937 suum
1152 893 1280 952 fugit.
1303 898 1434 947 Quod

42 964 77 1007 si
105 964 249 1007 adhuc
278 978 368 1006 non
402 962 569 1021 liquet,
602 963 850 1016 omittatur,
888 971 937 1006 ut
967 978 1056 1007 non
1089 963 1280 1006 nitamur
1312 964 1367 1008 ad
1388 965 1434 1008 id

43 1033 164 1094 quod
185 1033 387 1078 volumus
405 1068 416 1087 ‚
442 1033 522 1076 nisi
540 1032 666 1076 certis
689 1031 1015 1092 manifestisque
1032 1032 1320 1078 documentis.
1338 1038 1434 1079 Ma-

43 1104 198 1148 nifesta
222 1104 338 1147 enim
360 1112 483 1158 sunt,
508 1118 636 1146 sensu
658 1104 849 1162 corporis
868 1104 1016 1148 sentiri
1034 1103 1298 1163 corporalia3
1318 1119 1435 1148 eum-

43 1174 144 1220 dem
167 1183 315 1219 autem
344 1189 517 1218 sensum
538 1174 622 1218 hoc
652 1173 804 1217 eodem
836 1189 966 1218 sensu
999 1190 1088 1219 non
1116 1190 1240 1234 posse
1262 1176 1432 1232 sentiri3

43 1260 172 1289 sensu
204 1253 350 1288 autem
379 1243 582 1288 interiore
605 1252 648 1288 et
669 1242 909 1302 corporalia
936 1259 1015 1302 per
1038 1258 1210 1288 sensum
1243 1245 1435 1302 corporis

43 1315 217 1368 sentiri,
239 1324 282 1358 et
297 1315 439 1372 ipsum
457 1315 647 1373 corporis
669 1329 840 1358 sensum
862 1333 870 1358 :
892 1315 1059 1358 ratione
1075 1330 1179 1359 vero
1194 1324 1234 1358 et
1250 1314 1324 1358 illa
1343 1329 1434 1358 om-

44 1386 116 1429 nia
135 1420 146 1440 ,
180 1393 224 1428 et
247 1384 445 1428 eamdem
466 1385 601 1443 ipsam
618 1393 767 1428 notam
784 1383 878 1427 fieri
895 1418 905 1438 ‚
929 1392 972 1428 et
993 1384 1171 1428 scientia
1193 1384 1406 1428 contineri
1424 1404 1433 1429 ε

45 1470 101 1498 an
122 1454 203 1498 tibi
224 1469 315 1498 non
336 1453 540 1498 videtur?
562 1456 614 1497 E.
642 1453 826 1497 Videtur
843 1467 960 1497 sane.
986 1456 1039 1496 A.
1065 1455 1156 1509 Age
1177 1468 1320 1507 nunc,
1345 1468 1437 1497 res-

46 1524 192 1584 ponde
221 1524 339 1569 unde
367 1525 422 1568 sit
453 1524 652 1583 quaestio,
686 1523 741 1568 ad
773 1525 897 1583 cujus
925 1522 1186 1568 solutionem
1213 1524 1438 1582 pervenire

47 1596 270 1655 cupientes
287 1630 297 1650 ‚
319 1596 408 1654 jam
431 1594 507 1638 diu
525 1595 648 1638 istam
667 1594 874 1638 molimur
895 1594 1025 1638 viam.

105 1668 185 1710 XI.
222 1669 273 1709 E.
302 1668 527 1717 Quantum
555 1664 756 1718 memini,
789 1665 923 1708 trium
950 1663 1119 1708 illarum
1145 1664 1440 1724 quaestionum

48 1750 154 1796 quas
175 1734 307 1794 paulo
330 1744 430 1779 ante
452 1734 508 1778 ad
530 1735 852 1778 contexendum
875 1732 1075 1778 ordinem
1093 1735 1222 1794 hujus
1242 1734 1442 1794 disputa-

49 1806 178 1849 tionis
200 1805 422 1863 posuimus
440 1839 451 1860 ,
482 1819 601 1848 nunc
623 1804 762 1863 prima
784 1813 980 1849 versatur
995 1839 1006 1859 ‚
1032 1804 1078 1849 id
1100 1814 1163 1849 est
1178 1840 1188 1860 ‚
1215 1804 1440 1864 quomodo

49 1875 328 1920 manifestum
350 1876 443 1919 fieri
462 1876 594 1935 possit
614 1911 624 1930 ‚
655 1876 853 1936 quamvis
874 1876 1145 1920 tenacissime
1172 1876 1442 1920 firmissime-

50 1962 135 2006 que
157 1946 426 1990 credendum
448 1947 528 2001 sit,
553 1950 693 1991 Deum
716 1962 820 1990 esse.
851 1951 902 1990 A.
928 1950 1062 1991 Recte
1086 1947 1168 1991 hoc
1192 1956 1312 1991 tenes
1332 1966 1340 1991 :
1367 1947 1444 1990 sed

51 2018 183 2061 etiam
199 2015 310 2060 illud
331 2015 562 2074 diligenter
582 2025 731 2061 tenere
753 2026 796 2060 te
818 2015 934 2070 volo,
960 2031 1061 2060 cum
1080 2015 1134 2060 de
1151 2025 1194 2059 te
1216 2017 1309 2074 ipso
1326 2031 1444 2075 quae-

51 2102 190 2130 rerem
205 2121 216 2140 ‚
239 2094 387 2129 utrum
410 2094 454 2129 te
471 2100 560 2129 esse
583 2087 775 2141 noveris,
802 2102 892 2130 non
915 2085 1056 2132 solum
1077 2087 1182 2141 hoc,
1216 2086 1292 2130 sed
1315 2087 1446 2131 etiam

52 2157 134 2201 alia
156 2158 246 2201 duo
267 2156 391 2200 nobis
414 2157 661 2215 apparuisse
683 2157 803 2216 quod
826 2158 1010 2201 noveris.
1032 2160 1082 2201 E.
1112 2158 1162 2201 Id
1181 2172 1358 2217 quoque
1373 2165 1441 2201 te-

54 2241 152 2270 neo.
179 2229 230 2270 A.
252 2228 379 2271 Nunc
398 2241 501 2284 ergo
523 2224 622 2269 vide
640 2226 695 2270 ad
713 2241 845 2285 quam
861 2242 952 2270 rem
967 2227 1145 2271 istarum
1162 2227 1295 2271 trium
1312 2226 1446 2270 intel-

56 2297 160 2355 ligas
181 2296 397 2355 pertinere
415 2311 545 2341 omne
562 2297 682 2356 quod
698 2298 890 2356 corporis
908 2312 1056 2341 sensus
1079 2298 1280 2356 attingit,
1302 2296 1345 2341 id
1361 2306 1441 2350 est,

57 2368 103 2411 in
124 2382 213 2426 quo
237 2382 381 2411 rerum
405 2383 561 2426 genere
593 2368 670 2411 tibi
700 2368 954 2427 ponendum
981 2368 1202 2423 videatur,
1228 2367 1445 2428 quidquid

58 2437 128 2480 vel
149 2437 393 2491 oculorum,
417 2437 488 2481 vel
509 2437 591 2482 alio
614 2438 811 2498 quolibet
829 2439 1021 2498 corporis
1036 2439 1328 2483 instrumento
1345 2453 1446 2482 nos-

61 2515 126 2550 ter
147 2521 293 2552 sensus
315 2507 488 2565 attingit
513 2526 522 2552 :
547 2517 696 2553 utrum
727 2508 772 2552 in
795 2524 846 2553 eo
871 2507 989 2566 quod
1011 2518 1182 2554 tantum
1209 2516 1296 2562 est,
1323 2522 1378 2551 an
1398 2508 1445 2551 in
