<?xml version="1.0" encoding="UTF-8"?>
<!DOCTYPE html PUBLIC "-//W3C//DTD XHTML 1.0 Transitional//EN"
    "http://www.w3.org/TR/xhtml1/DTD/xhtml1-transitional.dtd">
<html xmlns="http://www.w3.org/1999/xhtml" xml:lang="en" lang="en">
 <head>
  <title>
</title>
<meta http-equiv="Content-Type" content="text/html;charset=utf-8" />
  <meta name='ocr-system' content='tesseract 3.04.00' />
  <meta name='ocr-capabilities' content='ocr_page ocr_carea ocr_par ocr_line ocrx_word'/>
</head>
<body>
  <div class='ocr_page' id='page_1' title='image "./operaomniaaccura27auguuoft/operaomniaaccura27auguuoft_0183.png"; bbox 0 0 1729 3143; ppageno 0'>
   <div class='ocr_carea' id='block_1_1' title="bbox 0 217 15 3143">
    <p class='ocr_par' dir='ltr' id='par_1_1' title="bbox 0 217 15 3143">
     <span class='ocr_line' id='line_1_1' title="bbox 0 217 15 3143; baseline 0 0"><span class='ocrx_word' id='word_1_1' title='bbox 0 217 15 3143; x_wconf 95' lang='lat' dir='ltr'><strong> </strong></span> 
     </span>
    </p>
   </div>
   <div class='ocr_carea' id='block_1_2' title="bbox 494 203 1457 256">
    <p class='ocr_par' dir='ltr' id='par_1_2' title="bbox 494 203 1457 256">
     <span class='ocr_line' id='line_1_2' title="bbox 494 203 1457 256; baseline -0.001 0"><span class='ocrx_word' id='word_1_2' title='bbox 494 227 549 256; x_wconf 66' lang='lat' dir='ltr'><strong>mi</strong></span> <span class='ocrx_word' id='word_1_3' title='bbox 580 226 778 255; x_wconf 63' lang='lat' dir='ltr'><strong>murone</strong></span> <span class='ocrx_word' id='word_1_4' title='bbox 810 203 1057 255; x_wconf 60' lang='lat' dir='ltr'><strong>nnn-mco]</strong></span> <span class='ocrx_word' id='word_1_5' title='bbox 1376 213 1457 255; x_wconf 85' lang='lat'>1¹71</span> 
     </span>
    </p>
   </div>
   <div class='ocr_carea' id='block_1_3' title="bbox 76 290 1472 984">
    <p class='ocr_par' dir='ltr' id='par_1_3' title="bbox 76 290 1472 984">
     <span class='ocr_line' id='line_1_3' title="bbox 87 290 1463 353; baseline -0.005 -13"><span class='ocrx_word' id='word_1_6' title='bbox 87 317 106 340; x_wconf 87' lang='lat'><strong>»</strong></span> <span class='ocrx_word' id='word_1_7' title='bbox 131 294 387 353; x_wconf 83' lang='lat' dir='ltr'><strong>Abdenago,</strong></span> <span class='ocrx_word' id='word_1_8' title='bbox 404 294 451 338; x_wconf 92' lang='lat' dir='ltr'><strong>in</strong></span> <span class='ocrx_word' id='word_1_9' title='bbox 465 293 688 337; x_wconf 85' lang='lat' dir='ltr'><strong>interitum</strong></span> <span class='ocrx_word' id='word_1_10' title='bbox 709 290 831 334; x_wconf 83' lang='lat' dir='ltr'><strong>erit2.</strong></span> <span class='ocrx_word' id='word_1_11' title='bbox 853 310 871 331; x_wconf 90' lang='lat'>»</span> <span class='ocrx_word' id='word_1_12' title='bbox 898 291 1030 336; x_wconf 89' lang='lat' dir='ltr'><strong>Vides</strong></span> <span class='ocrx_word' id='word_1_13' title='bbox 1045 290 1322 351; x_wconf 75' lang='lat' dir='ltr'><strong>frequentare</strong></span> <span class='ocrx_word' id='word_1_14' title='bbox 1340 302 1463 348; x_wconf 86' lang='lat' dir='ltr'><strong>spec-</strong></span> 
     </span>
     <span class='ocr_line' id='line_1_4' title="bbox 81 359 1461 421; baseline -0.006 -10"><span class='ocrx_word' id='word_1_15' title='bbox 81 365 243 421; x_wconf 88' lang='lat' dir='ltr'><strong>tacula,</strong></span> <span class='ocrx_word' id='word_1_16' title='bbox 261 374 305 409; x_wconf 86' lang='lat' dir='ltr'><strong>et</strong></span> <span class='ocrx_word' id='word_1_17' title='bbox 321 379 411 409; x_wconf 92' lang='lat' dir='ltr'><strong>non</strong></span> <span class='ocrx_word' id='word_1_18' title='bbox 428 377 616 408; x_wconf 83' lang='lat' dir='ltr'><strong>revocas.</strong></span> <span class='ocrx_word' id='word_1_19' title='bbox 632 359 762 405; x_wconf 84' lang='lat' dir='ltr'><strong>Vides</strong></span> <span class='ocrx_word' id='word_1_20' title='bbox 783 359 1065 417; x_wconf 83' lang='lat' dir='ltr'>luxuriantes,</span> <span class='ocrx_word' id='word_1_21' title='bbox 1084 369 1127 405; x_wconf 90' lang='lat' dir='ltr'><strong>et</strong></span> <span class='ocrx_word' id='word_1_22' title='bbox 1142 375 1231 405; x_wconf 89' lang='lat' dir='ltr'><strong>non</strong></span> <span class='ocrx_word' id='word_1_23' title='bbox 1247 359 1461 404; x_wconf 82' lang='lat' dir='ltr'><strong>verberas.</strong></span> 
     </span>
     <span class='ocr_line' id='line_1_5' title="bbox 81 429 1466 495; baseline -0.006 -13"><span class='ocrx_word' id='word_1_24' title='bbox 81 439 171 483; x_wconf 89' lang='lat' dir='ltr'><strong>Nec</strong></span> <span class='ocrx_word' id='word_1_25' title='bbox 188 445 311 495; x_wconf 91' lang='lat' dir='ltr'><strong>potes</strong></span> <span class='ocrx_word' id='word_1_26' title='bbox 331 444 375 480; x_wconf 87' lang='lat' dir='ltr'><strong>te</strong></span> <span class='ocrx_word' id='word_1_27' title='bbox 395 433 528 479; x_wconf 85' lang='lat' dir='ltr'><strong>talem</strong></span> <span class='ocrx_word' id='word_1_28' title='bbox 544 431 748 476; x_wconf 82' lang='lat' dir='ltr'><strong>exhibere</strong></span> <span class='ocrx_word' id='word_1_29' title='bbox 764 440 949 490; x_wconf 87' lang='lat' dir='ltr'><strong>patrem,</strong></span> <span class='ocrx_word' id='word_1_30' title='bbox 969 432 1047 492; x_wconf 93' lang='lat' dir='ltr'><strong>qui</strong></span> <span class='ocrx_word' id='word_1_31' title='bbox 1065 441 1238 492; x_wconf 84' lang='lat' dir='ltr'><strong>paratus</strong></span> <span class='ocrx_word' id='word_1_32' title='bbox 1254 431 1309 475; x_wconf 91' lang='lat' dir='ltr'><strong>sis</strong></span> <span class='ocrx_word' id='word_1_33' title='bbox 1328 429 1466 474; x_wconf 89' lang='lat' dir='ltr'><strong>indis-</strong></span> 
     </span>
     <span class='ocr_line' id='line_1_6' title="bbox 80 500 1467 566; baseline -0.005 -14"><span class='ocrx_word' id='word_1_34' title='bbox 80 507 310 566; x_wconf 88' lang='lat' dir='ltr'><strong>ciplinatos</strong></span> <span class='ocrx_word' id='word_1_35' title='bbox 330 503 441 550; x_wconf 89' lang='lat' dir='ltr'><strong>filios</strong></span> <span class='ocrx_word' id='word_1_36' title='bbox 463 503 532 547; x_wconf 88' lang='lat' dir='ltr'><strong>vel</strong></span> <span class='ocrx_word' id='word_1_37' title='bbox 554 500 829 547; x_wconf 67' lang='lat' dir='ltr'><strong>exhaeredare</strong></span> <span class='ocrx_word' id='word_1_38' title='bbox 849 500 922 546; x_wconf 88' lang='lat' dir='ltr'><strong>vel</strong></span> <span class='ocrx_word' id='word_1_39' title='bbox 942 502 1142 561; x_wconf 83' lang='lat' dir='ltr'><strong>adjicere,</strong></span> <span class='ocrx_word' id='word_1_40' title='bbox 1172 517 1272 546; x_wconf 89' lang='lat' dir='ltr'><strong>cum</strong></span> <span class='ocrx_word' id='word_1_41' title='bbox 1294 510 1467 560; x_wconf 88' lang='lat' dir='ltr'><strong>paratus</strong></span> 
     </span>
     <span class='ocr_line' id='line_1_7' title="bbox 83 572 1469 622; baseline -0.004 0"><span class='ocrx_word' id='word_1_42' title='bbox 83 592 173 622; x_wconf 90' lang='lat' dir='ltr'><strong>esse</strong></span> <span class='ocrx_word' id='word_1_43' title='bbox 194 577 416 620; x_wconf 77' lang='lat' dir='ltr'><strong>debueras</strong></span> <span class='ocrx_word' id='word_1_44' title='bbox 428 574 542 618; x_wconf 89' lang='lat' dir='ltr'><strong>sicut</strong></span> <span class='ocrx_word' id='word_1_45' title='bbox 556 573 778 618; x_wconf 85' lang='lat' dir='ltr'><strong>Abraham</strong></span> <span class='ocrx_word' id='word_1_46' title='bbox 797 573 927 617; x_wconf 86' lang='lat' dir='ltr'><strong>etiam</strong></span> <span class='ocrx_word' id='word_1_47' title='bbox 947 572 1088 616; x_wconf 90' lang='lat' dir='ltr'><strong>filium</strong></span> <span class='ocrx_word' id='word_1_48' title='bbox 1108 572 1349 618; x_wconf 85' lang='lat' dir='ltr'><strong>immolare.</strong></span> <span class='ocrx_word' id='word_1_49' title='bbox 1369 573 1469 616; x_wconf 90' lang='lat' dir='ltr'><strong>Om-</strong></span> 
     </span>
     <span class='ocr_line' id='line_1_8' title="bbox 79 641 1470 704; baseline -0.003 -14"><span class='ocrx_word' id='word_1_50' title='bbox 79 647 145 690; x_wconf 90' lang='lat' dir='ltr'><strong>nis</strong></span> <span class='ocrx_word' id='word_1_51' title='bbox 167 646 286 689; x_wconf 88' lang='lat' dir='ltr'><strong>enim</strong></span> <span class='ocrx_word' id='word_1_52' title='bbox 307 644 386 704; x_wconf 90' lang='lat' dir='ltr'><strong>qui</strong></span> <span class='ocrx_word' id='word_1_53' title='bbox 410 643 600 688; x_wconf 85' lang='lat' dir='ltr'><strong>filiorum</strong></span> <span class='ocrx_word' id='word_1_54' title='bbox 622 641 813 688; x_wconf 89' lang='lat' dir='ltr'><strong>trucidat</strong></span> <span class='ocrx_word' id='word_1_55' title='bbox 828 642 1091 702; x_wconf 82' lang='lat' dir='ltr'><strong>voluptateS,</strong></span> <span class='ocrx_word' id='word_1_56' title='bbox 1110 643 1367 687; x_wconf 86' lang='lat' dir='ltr'><strong>sacrificium</strong></span> <span class='ocrx_word' id='word_1_57' title='bbox 1384 642 1470 687; x_wconf 89' lang='lat' dir='ltr'><strong>tale</strong></span> 
     </span>
     <span class='ocr_line' id='line_1_9' title="bbox 78 712 1469 776; baseline -0.004 -16"><span class='ocrx_word' id='word_1_58' title='bbox 78 715 208 776; x_wconf 85' lang='lat' dir='ltr'><strong>quale</strong></span> <span class='ocrx_word' id='word_1_59' title='bbox 229 715 454 759; x_wconf 85' lang='lat' dir='ltr'><strong>Abraham</strong></span> <span class='ocrx_word' id='word_1_60' title='bbox 476 714 608 758; x_wconf 87' lang='lat' dir='ltr'><strong>offert</strong></span> <span class='ocrx_word' id='word_1_61' title='bbox 627 716 735 759; x_wconf 91' lang='lat' dir='ltr'><strong>Deo.</strong></span> <span class='ocrx_word' id='word_1_62' title='bbox 757 714 843 759; x_wconf 89' lang='lat' dir='ltr'><strong>Sed</strong></span> <span class='ocrx_word' id='word_1_63' title='bbox 859 714 966 758; x_wconf 90' lang='lat' dir='ltr'><strong>dum</strong></span> <span class='ocrx_word' id='word_1_64' title='bbox 983 714 1064 758; x_wconf 90' lang='lat' dir='ltr'><strong>ista</strong></span> <span class='ocrx_word' id='word_1_65' title='bbox 1085 728 1174 757; x_wconf 90' lang='lat' dir='ltr'><strong>non</strong></span> <span class='ocrx_word' id='word_1_66' title='bbox 1190 713 1320 767; x_wconf 86' lang='lat' dir='ltr'><strong>fiunt,</strong></span> <span class='ocrx_word' id='word_1_67' title='bbox 1344 721 1388 756; x_wconf 90' lang='lat' dir='ltr'><strong>et</strong></span> <span class='ocrx_word' id='word_1_68' title='bbox 1403 712 1469 756; x_wconf 90' lang='lat' dir='ltr'><strong>his</strong></span> 
     </span>
     <span class='ocr_line' id='line_1_10' title="bbox 76 783 1472 845; baseline -0.004 -14"><span class='ocrx_word' id='word_1_69' title='bbox 76 786 274 831; x_wconf 91' lang='lat' dir='ltr'><strong>moribus</strong></span> <span class='ocrx_word' id='word_1_70' title='bbox 291 784 535 844; x_wconf 87' lang='lat' dir='ltr'><strong>depravatis</strong></span> <span class='ocrx_word' id='word_1_71' title='bbox 550 784 664 830; x_wconf 90' lang='lat' dir='ltr'><strong>male</strong></span> <span class='ocrx_word' id='word_1_72' title='bbox 678 785 951 840; x_wconf 88' lang='lat' dir='ltr'><strong>nutriuntur,</strong></span> <span class='ocrx_word' id='word_1_73' title='bbox 968 785 1046 845; x_wconf 84' lang='lat' dir='ltr'><strong>qui</strong></span> <span class='ocrx_word' id='word_1_74' title='bbox 1061 785 1144 830; x_wconf 90' lang='lat' dir='ltr'><strong>isto</strong></span> <span class='ocrx_word' id='word_1_75' title='bbox 1155 783 1323 828; x_wconf 91' lang='lat' dir='ltr'><strong>mundo</strong></span> <span class='ocrx_word' id='word_1_76' title='bbox 1336 792 1472 827; x_wconf 91' lang='lat' dir='ltr'><strong>utun-</strong></span> 
     </span>
     <span class='ocr_line' id='line_1_11' title="bbox 77 852 1471 914; baseline -0.002 -13"><span class='ocrx_word' id='word_1_77' title='bbox 77 866 166 912; x_wconf 78' lang='lat' dir='ltr'><strong>tur,</strong></span> <span class='ocrx_word' id='word_1_78' title='bbox 183 855 335 899; x_wconf 88' lang='lat' dir='ltr'><strong>labefit</strong></span> <span class='ocrx_word' id='word_1_79' title='bbox 348 855 554 910; x_wconf 89' lang='lat' dir='ltr'><strong>mundus,</strong></span> <span class='ocrx_word' id='word_1_80' title='bbox 571 871 652 900; x_wconf 90' lang='lat' dir='ltr'><strong>nec</strong></span> <span class='ocrx_word' id='word_1_81' title='bbox 669 855 887 900; x_wconf 89' lang='lat' dir='ltr'><strong>immerito</strong></span> <span class='ocrx_word' id='word_1_82' title='bbox 904 856 963 900; x_wconf 86' lang='lat' dir='ltr'><strong>ait</strong></span> <span class='ocrx_word' id='word_1_83' title='bbox 981 855 1198 914; x_wconf 85' lang='lat' dir='ltr'><strong>Propheta</strong></span> <span class='ocrx_word' id='word_1_84' title='bbox 1215 873 1225 899; x_wconf 72' lang='grc' dir='ltr'>ε</span> <span class='ocrx_word' id='word_1_85' title='bbox 1251 872 1268 893; x_wconf 88' lang='grc'>«</span> <span class='ocrx_word' id='word_1_86' title='bbox 1282 852 1471 898; x_wconf 84' lang='lat' dir='ltr'><strong>Dessuxit</strong></span> 
     </span>
     <span class='ocr_line' id='line_1_12' title="bbox 82 924 1472 984; baseline 0 -16"><span class='ocrx_word' id='word_1_87' title='bbox 82 945 102 968; x_wconf 82' lang='lat'>»</span> <span class='ocrx_word' id='word_1_88' title='bbox 127 934 257 980; x_wconf 82' lang='lat' dir='ltr'><strong>terra,</strong></span> <span class='ocrx_word' id='word_1_89' title='bbox 275 934 318 970; x_wconf 91' lang='lat' dir='ltr'><strong>et</strong></span> <span class='ocrx_word' id='word_1_90' title='bbox 335 940 484 969; x_wconf 90' lang='lat' dir='ltr'><strong>omnes</strong></span> <span class='ocrx_word' id='word_1_91' title='bbox 501 926 797 970; x_wconf 84' lang='lat' dir='ltr'><strong>inhabitantes</strong></span> <span class='ocrx_word' id='word_1_92' title='bbox 814 927 859 970; x_wconf 91' lang='lat' dir='ltr'><strong>in</strong></span> <span class='ocrx_word' id='word_1_93' title='bbox 878 941 928 970; x_wconf 88' lang='lat' dir='ltr'><strong>ea</strong></span> <span class='ocrx_word' id='word_1_94' title='bbox 940 928 1008 969; x_wconf 84' lang='lat'><strong>1.»</strong></span> <span class='ocrx_word' id='word_1_95' title='bbox 1034 929 1133 972; x_wconf 90' lang='lat' dir='ltr'><strong>Non</strong></span> <span class='ocrx_word' id='word_1_96' title='bbox 1149 924 1382 984; x_wconf 89' lang='lat' dir='ltr'><strong>quiescunt</strong></span> <span class='ocrx_word' id='word_1_97' title='bbox 1398 938 1472 968; x_wconf 88' lang='lat' dir='ltr'><strong>us-</strong></span> 
     </span>
    </p>
   </div>
   <div class='ocr_carea' id='block_1_4' title="bbox 78 994 1473 1120">
    <p class='ocr_par' dir='ltr' id='par_1_4' title="bbox 78 994 1473 1120">
     <span class='ocr_line' id='line_1_13' title="bbox 78 994 1471 1054; baseline -0.002 -15"><span class='ocrx_word' id='word_1_98' title='bbox 78 1010 167 1054; x_wconf 90' lang='lat' dir='ltr'><strong>que</strong></span> <span class='ocrx_word' id='word_1_99' title='bbox 198 1010 318 1039; x_wconf 89' lang='lat' dir='ltr'><strong>nunc</strong></span> <span class='ocrx_word' id='word_1_100' title='bbox 339 1010 615 1039; x_wconf 87' lang='lat' dir='ltr'><strong>murmurare</strong></span> <span class='ocrx_word' id='word_1_101' title='bbox 637 997 837 1040; x_wconf 92' lang='lat' dir='ltr'><strong>homines</strong></span> <span class='ocrx_word' id='word_1_102' title='bbox 853 1030 864 1050; x_wconf 91' lang='lat'>‚</span> <span class='ocrx_word' id='word_1_103' title='bbox 888 994 1068 1040; x_wconf 88' lang='lat' dir='ltr'><strong>laudare</strong></span> <span class='ocrx_word' id='word_1_104' title='bbox 1093 1005 1291 1053; x_wconf 89' lang='lat' dir='ltr'><strong>tempora</strong></span> <span class='ocrx_word' id='word_1_105' title='bbox 1312 1002 1471 1053; x_wconf 87' lang='lat' dir='ltr'><strong>praete-</strong></span> 
     </span>
     <span class='ocr_line' id='line_1_14' title="bbox 78 1057 1473 1120; baseline 0 -13"><span class='ocrx_word' id='word_1_106' title='bbox 78 1064 161 1107; x_wconf 88' lang='lat' dir='ltr'><strong>rita</strong></span> <span class='ocrx_word' id='word_1_107' title='bbox 176 1096 188 1117; x_wconf 95' lang='lat'>,</span> <span class='ocrx_word' id='word_1_108' title='bbox 217 1075 420 1105; x_wconf 85' lang='lat' dir='ltr'><strong>accusare</strong></span> <span class='ocrx_word' id='word_1_109' title='bbox 441 1068 639 1117; x_wconf 90' lang='lat' dir='ltr'><strong>tempora</strong></span> <span class='ocrx_word' id='word_1_110' title='bbox 662 1057 911 1102; x_wconf 87' lang='lat' dir='ltr'><strong>christiana.</strong></span> <span class='ocrx_word' id='word_1_111' title='bbox 941 1059 1100 1117; x_wconf 85' lang='lat' dir='ltr'><strong>Magna</strong></span> <span class='ocrx_word' id='word_1_112' title='bbox 1123 1068 1248 1103; x_wconf 89' lang='lat' dir='ltr'><strong>erant</strong></span> <span class='ocrx_word' id='word_1_113' title='bbox 1277 1069 1473 1120; x_wconf 86' lang='lat' dir='ltr'><strong>tempora</strong></span> 
     </span>
    </p>
   </div>
   <div class='ocr_carea' id='block_1_5' title="bbox 75 1127 1472 2455">
    <p class='ocr_par' dir='ltr' id='par_1_5' title="bbox 76 1127 1471 1260">
     <span class='ocr_line' id='line_1_15' title="bbox 76 1127 1471 1192; baseline 0.001 -17"><span class='ocrx_word' id='word_1_114' title='bbox 76 1140 250 1192; x_wconf 88' lang='lat' dir='ltr'><strong>patrum</strong></span> <span class='ocrx_word' id='word_1_115' title='bbox 265 1137 533 1183; x_wconf 88' lang='lat' dir='ltr'><strong>nostrorum,</strong></span> <span class='ocrx_word' id='word_1_116' title='bbox 551 1127 730 1172; x_wconf 88' lang='lat' dir='ltr'><strong>dicunt:</strong></span> <span class='ocrx_word' id='word_1_117' title='bbox 748 1128 785 1170; x_wconf 93' lang='grc' dir='ltr'>Ο</span> <span class='ocrx_word' id='word_1_118' title='bbox 803 1142 936 1187; x_wconf 91' lang='lat' dir='ltr'><strong>quam</strong></span> <span class='ocrx_word' id='word_1_119' title='bbox 950 1128 1067 1173; x_wconf 86' lang='lat' dir='ltr'><strong>bona</strong></span> <span class='ocrx_word' id='word_1_120' title='bbox 1088 1137 1287 1188; x_wconf 90' lang='lat' dir='ltr'><strong>tempora</strong></span> <span class='ocrx_word' id='word_1_121' title='bbox 1303 1131 1471 1176; x_wconf 90' lang='lat' dir='ltr'><strong>habue-</strong></span> 
     </span>
     <span class='ocr_line' id='line_1_16' title="bbox 76 1198 534 1260; baseline -0.011 -14"><span class='ocrx_word' id='word_1_122' title='bbox 76 1210 183 1246; x_wconf 87' lang='lat' dir='ltr'><strong>runt</strong></span> <span class='ocrx_word' id='word_1_123' title='bbox 203 1209 346 1260; x_wconf 88' lang='lat' dir='ltr'><strong>patres</strong></span> <span class='ocrx_word' id='word_1_124' title='bbox 367 1198 504 1243; x_wconf 83' lang='lat' dir='ltr'><strong>nostri</strong></span> <span class='ocrx_word' id='word_1_125' title='bbox 524 1198 534 1241; x_wconf 73' lang='grc' dir='ltr'>Ξ</span> 
     </span>
    </p>

    <p class='ocr_par' dir='ltr' id='par_1_6' title="bbox 75 1265 1472 2455">
     <span class='ocr_line' id='line_1_17' title="bbox 137 1265 1472 1328; baseline 0 -13"><span class='ocrx_word' id='word_1_126' title='bbox 137 1273 191 1315; x_wconf 89' lang='lat' dir='ltr'><strong>V.</strong></span> <span class='ocrx_word' id='word_1_127' title='bbox 229 1270 314 1316; x_wconf 87' lang='lat' dir='ltr'><strong>Sed</strong></span> <span class='ocrx_word' id='word_1_128' title='bbox 334 1269 480 1314; x_wconf 86' lang='lat' dir='ltr'><strong>videte</strong></span> <span class='ocrx_word' id='word_1_129' title='bbox 497 1283 597 1328; x_wconf 85' lang='lat' dir='ltr'><strong>quae</strong></span> <span class='ocrx_word' id='word_1_130' title='bbox 613 1265 797 1312; x_wconf 87' lang='lat' dir='ltr'><strong>fecerint</strong></span> <span class='ocrx_word' id='word_1_131' title='bbox 813 1276 956 1327; x_wconf 88' lang='lat' dir='ltr'><strong>patres</strong></span> <span class='ocrx_word' id='word_1_132' title='bbox 972 1268 1125 1313; x_wconf 89' lang='lat' dir='ltr'><strong>nostri.</strong></span> <span class='ocrx_word' id='word_1_133' title='bbox 1144 1268 1328 1314; x_wconf 91' lang='lat' dir='ltr'><strong>Phinees</strong></span> <span class='ocrx_word' id='word_1_134' title='bbox 1342 1272 1472 1315; x_wconf 87' lang='lat' dir='ltr'><strong>sacri-</strong></span> 
     </span>
     <span class='ocr_line' id='line_1_18' title="bbox 75 1338 1471 1399; baseline 0.001 -13"><span class='ocrx_word' id='word_1_135' title='bbox 75 1343 282 1387; x_wconf 87' lang='lat' dir='ltr'><strong>ficantem</strong></span> <span class='ocrx_word' id='word_1_136' title='bbox 302 1340 446 1385; x_wconf 86' lang='lat' dir='ltr'><strong>virum</strong></span> <span class='ocrx_word' id='word_1_137' title='bbox 469 1338 596 1383; x_wconf 90' lang='lat' dir='ltr'><strong>idolis</strong></span> <span class='ocrx_word' id='word_1_138' title='bbox 618 1354 752 1382; x_wconf 86' lang='lat' dir='ltr'><strong>manu</strong></span> <span class='ocrx_word' id='word_1_139' title='bbox 776 1339 952 1398; x_wconf 87' lang='lat' dir='ltr'><strong>propria</strong></span> <span class='ocrx_word' id='word_1_140' title='bbox 974 1340 1159 1397; x_wconf 87' lang='lat' dir='ltr'><strong>peremit</strong></span> <span class='ocrx_word' id='word_1_141' title='bbox 1173 1373 1185 1395; x_wconf 87' lang='lat'>‚</span> <span class='ocrx_word' id='word_1_142' title='bbox 1209 1349 1261 1384; x_wconf 90' lang='lat' dir='ltr'><strong>ut</strong></span> <span class='ocrx_word' id='word_1_143' title='bbox 1281 1340 1471 1399; x_wconf 86' lang='lat' dir='ltr'><strong>placaret</strong></span> 
     </span>
     <span class='ocr_line' id='line_1_19' title="bbox 75 1409 1471 1470; baseline 0 -13"><span class='ocrx_word' id='word_1_144' title='bbox 75 1414 184 1457; x_wconf 89' lang='lat' dir='ltr'><strong>iram</strong></span> <span class='ocrx_word' id='word_1_145' title='bbox 206 1412 327 1456; x_wconf 72' lang='lat' dir='ltr'><strong>Dei2.</strong></span> <span class='ocrx_word' id='word_1_146' title='bbox 352 1414 524 1467; x_wconf 87' lang='lat' dir='ltr'><strong>Moyses</strong></span> <span class='ocrx_word' id='word_1_147' title='bbox 545 1409 761 1469; x_wconf 89' lang='lat' dir='ltr'><strong>populum</strong></span> <span class='ocrx_word' id='word_1_148' title='bbox 783 1409 1076 1464; x_wconf 83' lang='lat' dir='ltr'><strong>oberrantem,</strong></span> <span class='ocrx_word' id='word_1_149' title='bbox 1101 1409 1379 1470; x_wconf 87' lang='lat' dir='ltr'><strong>vitulumque</strong></span> <span class='ocrx_word' id='word_1_150' title='bbox 1399 1413 1471 1457; x_wconf 87' lang='lat' dir='ltr'><strong>fu-</strong></span> 
     </span>
     <span class='ocr_line' id='line_1_20' title="bbox 76 1479 1469 1537; baseline 0.001 -11"><span class='ocrx_word' id='word_1_151' title='bbox 76 1483 198 1527; x_wconf 87' lang='lat' dir='ltr'><strong>silem</strong></span> <span class='ocrx_word' id='word_1_152' title='bbox 213 1481 485 1535; x_wconf 79' lang='lat' dir='ltr'><strong>adorantem,</strong></span> <span class='ocrx_word' id='word_1_153' title='bbox 500 1482 560 1524; x_wconf 86' lang='lat' dir='ltr'><strong>ita</strong></span> <span class='ocrx_word' id='word_1_154' title='bbox 572 1489 689 1524; x_wconf 89' lang='lat' dir='ltr'><strong>certa</strong></span> <span class='ocrx_word' id='word_1_155' title='bbox 703 1479 1009 1524; x_wconf 85' lang='lat' dir='ltr'><strong>emendatione</strong></span> <span class='ocrx_word' id='word_1_156' title='bbox 1022 1480 1214 1524; x_wconf 78' lang='lat' dir='ltr'><strong>coercuit</strong></span> <span class='ocrx_word' id='word_1_157' title='bbox 1225 1482 1258 1537; x_wconf 78' lang='lat'><strong>3,</strong></span> <span class='ocrx_word' id='word_1_158' title='bbox 1274 1491 1324 1526; x_wconf 83' lang='lat' dir='ltr'><strong>ut</strong></span> <span class='ocrx_word' id='word_1_159' title='bbox 1337 1498 1469 1528; x_wconf 90' lang='lat' dir='ltr'><strong>unam</strong></span> 
     </span>
     <span class='ocr_line' id='line_1_21' title="bbox 76 1550 1466 1610; baseline 0.001 -13"><span class='ocrx_word' id='word_1_160' title='bbox 76 1553 242 1598; x_wconf 89' lang='lat' dir='ltr'><strong>tribum</strong></span> <span class='ocrx_word' id='word_1_161' title='bbox 260 1567 283 1595; x_wconf 93' lang='lat' dir='ltr'><strong>e</strong></span> <span class='ocrx_word' id='word_1_162' title='bbox 305 1551 539 1596; x_wconf 90' lang='lat' dir='ltr'><strong>duodecim</strong></span> <span class='ocrx_word' id='word_1_163' title='bbox 562 1550 618 1595; x_wconf 89' lang='lat' dir='ltr'><strong>ad</strong></span> <span class='ocrx_word' id='word_1_164' title='bbox 640 1565 684 1595; x_wconf 90' lang='lat' dir='ltr'><strong>se</strong></span> <span class='ocrx_word' id='word_1_165' title='bbox 703 1565 881 1605; x_wconf 73' lang='lat' dir='ltr'><strong>vocam,</strong></span> <span class='ocrx_word' id='word_1_166' title='bbox 907 1566 1005 1610; x_wconf 85' lang='lat' dir='ltr'><strong>quae</strong></span> <span class='ocrx_word' id='word_1_167' title='bbox 1021 1551 1145 1610; x_wconf 88' lang='lat' dir='ltr'><strong>sequi</strong></span> <span class='ocrx_word' id='word_1_168' title='bbox 1160 1551 1298 1596; x_wconf 90' lang='lat' dir='ltr'><strong>voluit</strong></span> <span class='ocrx_word' id='word_1_169' title='bbox 1311 1556 1466 1610; x_wconf 87' lang='lat' dir='ltr'><strong>Deum,</strong></span> 
     </span>
     <span class='ocr_line' id='line_1_22' title="bbox 76 1620 1468 1682; baseline 0.002 -16"><span class='ocrx_word' id='word_1_170' title='bbox 76 1631 343 1682; x_wconf 84' lang='lat' dir='ltr'><strong>praeceptum</strong></span> <span class='ocrx_word' id='word_1_171' title='bbox 368 1622 427 1665; x_wconf 91' lang='lat' dir='ltr'><strong>eis</strong></span> <span class='ocrx_word' id='word_1_172' title='bbox 449 1620 598 1676; x_wconf 88' lang='lat' dir='ltr'><strong>daret,</strong></span> <span class='ocrx_word' id='word_1_173' title='bbox 623 1629 675 1663; x_wconf 93' lang='lat' dir='ltr'><strong>ut</strong></span> <span class='ocrx_word' id='word_1_174' title='bbox 697 1621 886 1679; x_wconf 86' lang='lat' dir='ltr'><strong>acceptis</strong></span> <span class='ocrx_word' id='word_1_175' title='bbox 916 1620 1070 1679; x_wconf 84' lang='lat' dir='ltr'><strong>gladiis</strong></span> <span class='ocrx_word' id='word_1_176' title='bbox 1091 1621 1138 1665; x_wconf 93' lang='lat' dir='ltr'><strong>in</strong></span> <span class='ocrx_word' id='word_1_177' title='bbox 1158 1622 1360 1667; x_wconf 89' lang='lat' dir='ltr'><strong>manibus</strong></span> <span class='ocrx_word' id='word_1_178' title='bbox 1381 1625 1468 1669; x_wconf 89' lang='lat' dir='ltr'><strong>suis</strong></span> 
     </span>
     <span class='ocr_line' id='line_1_23' title="bbox 75 1691 1464 1752; baseline 0.002 -16"><span class='ocrx_word' id='word_1_179' title='bbox 75 1693 154 1738; x_wconf 87' lang='lat' dir='ltr'><strong>filii</strong></span> <span class='ocrx_word' id='word_1_180' title='bbox 176 1700 454 1752; x_wconf 88' lang='lat' dir='ltr'><strong>percuterent</strong></span> <span class='ocrx_word' id='word_1_181' title='bbox 485 1700 714 1751; x_wconf 85' lang='lat' dir='ltr'><strong>parenteS‚</strong></span> <span class='ocrx_word' id='word_1_182' title='bbox 751 1699 796 1735; x_wconf 92' lang='lat' dir='ltr'><strong>et</strong></span> <span class='ocrx_word' id='word_1_183' title='bbox 827 1701 1029 1750; x_wconf 88' lang='lat' dir='ltr'><strong>parentes</strong></span> <span class='ocrx_word' id='word_1_184' title='bbox 1060 1691 1310 1737; x_wconf 86' lang='lat' dir='ltr'><strong>occiderent</strong></span> <span class='ocrx_word' id='word_1_185' title='bbox 1340 1692 1464 1739; x_wconf 88' lang='lat' dir='ltr'><strong>filios.</strong></span> 
     </span>
     <span class='ocr_line' id='line_1_24' title="bbox 75 1762 1468 1818; baseline 0.001 -8"><span class='ocrx_word' id='word_1_186' title='bbox 75 1762 231 1810; x_wconf 89' lang='lat' dir='ltr'><strong>Nullus</strong></span> <span class='ocrx_word' id='word_1_187' title='bbox 252 1778 326 1808; x_wconf 89' lang='lat' dir='ltr'><strong>eos</strong></span> <span class='ocrx_word' id='word_1_188' title='bbox 347 1762 566 1807; x_wconf 77' lang='lat' dir='ltr'><strong>revocavit</strong></span> <span class='ocrx_word' id='word_1_189' title='bbox 588 1762 771 1807; x_wconf 82' lang='lat' dir='ltr'><strong>affectus</strong></span> <span class='ocrx_word' id='word_1_190' title='bbox 778 1797 793 1818; x_wconf 87' lang='lat'><em>‚</em></span> <span class='ocrx_word' id='word_1_191' title='bbox 819 1762 970 1807; x_wconf 90' lang='lat' dir='ltr'><strong>nullus</strong></span> <span class='ocrx_word' id='word_1_192' title='bbox 991 1763 1254 1808; x_wconf 84' lang='lat' dir='ltr'><strong>humanitati</strong></span> <span class='ocrx_word' id='word_1_193' title='bbox 1276 1780 1468 1811; x_wconf 87' lang='lat' dir='ltr'><strong>reserva-</strong></span> 
     </span>
     <span class='ocr_line' id='line_1_25' title="bbox 76 1832 1467 1893; baseline 0.002 -16"><span class='ocrx_word' id='word_1_194' title='bbox 76 1842 147 1878; x_wconf 88' lang='lat' dir='ltr'><strong>tus</strong></span> <span class='ocrx_word' id='word_1_195' title='bbox 168 1842 229 1877; x_wconf 87' lang='lat' dir='ltr'><strong>est</strong></span> <span class='ocrx_word' id='word_1_196' title='bbox 242 1833 364 1877; x_wconf 89' lang='lat' dir='ltr'><strong>locus</strong></span> <span class='ocrx_word' id='word_1_197' title='bbox 385 1851 394 1878; x_wconf 74' lang='grc' dir='ltr'><strong><em>ι</em></strong></span> <span class='ocrx_word' id='word_1_198' title='bbox 419 1835 523 1893; x_wconf 88' lang='lat' dir='ltr'><strong>quia</strong></span> <span class='ocrx_word' id='word_1_199' title='bbox 542 1832 673 1877; x_wconf 90' lang='lat' dir='ltr'><strong>timor</strong></span> <span class='ocrx_word' id='word_1_200' title='bbox 689 1841 733 1876; x_wconf 89' lang='lat' dir='ltr'><strong>et</strong></span> <span class='ocrx_word' id='word_1_201' title='bbox 750 1848 872 1877; x_wconf 89' lang='lat' dir='ltr'><strong>amor</strong></span> <span class='ocrx_word' id='word_1_202' title='bbox 891 1834 968 1877; x_wconf 90' lang='lat' dir='ltr'><strong>Dei</strong></span> <span class='ocrx_word' id='word_1_203' title='bbox 985 1849 1075 1893; x_wconf 84' lang='lat' dir='ltr'><strong>prae</strong></span> <span class='ocrx_word' id='word_1_204' title='bbox 1092 1835 1210 1879; x_wconf 89' lang='lat' dir='ltr'><strong>omni</strong></span> <span class='ocrx_word' id='word_1_205' title='bbox 1228 1835 1467 1880; x_wconf 85' lang='lat' dir='ltr'><strong>desiderio—</strong></span> 
     </span>
     <span class='ocr_line' id='line_1_26' title="bbox 76 1903 1466 1963; baseline 0.003 -15"><span class='ocrx_word' id='word_1_206' title='bbox 76 1919 174 1948; x_wconf 91' lang='lat' dir='ltr'><strong>rum</strong></span> <span class='ocrx_word' id='word_1_207' title='bbox 195 1904 434 1949; x_wconf 88' lang='lat' dir='ltr'><strong>carnalium</strong></span> <span class='ocrx_word' id='word_1_208' title='bbox 456 1919 602 1948; x_wconf 88' lang='lat' dir='ltr'><strong>amore</strong></span> <span class='ocrx_word' id='word_1_209' title='bbox 624 1903 858 1949; x_wconf 86' lang='lat' dir='ltr'><strong>ferebatur.</strong></span> <span class='ocrx_word' id='word_1_210' title='bbox 882 1905 1072 1963; x_wconf 88' lang='lat' dir='ltr'><strong>Jephthe</strong></span> <span class='ocrx_word' id='word_1_211' title='bbox 1093 1915 1143 1950; x_wconf 89' lang='lat' dir='ltr'><strong>ut</strong></span> <span class='ocrx_word' id='word_1_212' title='bbox 1164 1906 1307 1950; x_wconf 88' lang='lat' dir='ltr'><strong>hostes</strong></span> <span class='ocrx_word' id='word_1_213' title='bbox 1324 1905 1405 1951; x_wconf 91' lang='lat' dir='ltr'><strong>diis</strong></span> <span class='ocrx_word' id='word_1_214' title='bbox 1419 1924 1466 1953; x_wconf 88' lang='lat' dir='ltr'><strong>ac</strong></span> 
     </span>
     <span class='ocr_line' id='line_1_27' title="bbox 77 1973 1466 2034; baseline 0.004 -17"><span class='ocrx_word' id='word_1_215' title='bbox 77 1973 352 2019; x_wconf 81' lang='lat' dir='ltr'><strong>daemonibus</strong></span> <span class='ocrx_word' id='word_1_216' title='bbox 374 1973 652 2019; x_wconf 87' lang='lat' dir='ltr'><strong>immolantes</strong></span> <span class='ocrx_word' id='word_1_217' title='bbox 673 1983 914 2034; x_wconf 86' lang='lat' dir='ltr'><strong>superaret,</strong></span> <span class='ocrx_word' id='word_1_218' title='bbox 936 1975 1110 2020; x_wconf 87' lang='lat' dir='ltr'><strong>unicam</strong></span> <span class='ocrx_word' id='word_1_219' title='bbox 1127 1975 1261 2020; x_wconf 85' lang='lat' dir='ltr'><strong>filiam</strong></span> <span class='ocrx_word' id='word_1_220' title='bbox 1278 1976 1325 2021; x_wconf 90' lang='lat' dir='ltr'><strong>in</strong></span> <span class='ocrx_word' id='word_1_221' title='bbox 1342 1979 1466 2022; x_wconf 89' lang='lat' dir='ltr'><strong>sacri-</strong></span> 
     </span>
     <span class='ocr_line' id='line_1_28' title="bbox 75 2043 1461 2104; baseline 0.003 -16"><span class='ocrx_word' id='word_1_222' title='bbox 75 2044 174 2088; x_wconf 90' lang='lat' dir='ltr'><strong>ficio</strong></span> <span class='ocrx_word' id='word_1_223' title='bbox 206 2043 368 2088; x_wconf 70' lang='lat' dir='ltr'><strong>dedit4.</strong></span> <span class='ocrx_word' id='word_1_224' title='bbox 410 2047 587 2090; x_wconf 84' lang='lat' dir='ltr'><strong>Samson</strong></span> <span class='ocrx_word' id='word_1_225' title='bbox 619 2060 720 2090; x_wconf 93' lang='lat' dir='ltr'><strong>cum</strong></span> <span class='ocrx_word' id='word_1_226' title='bbox 754 2055 903 2104; x_wconf 83' lang='lat' dir='ltr'><strong>gentes</strong></span> <span class='ocrx_word' id='word_1_227' title='bbox 937 2046 1243 2091; x_wconf 85' lang='lat' dir='ltr'><strong>daemonicolas</strong></span> <span class='ocrx_word' id='word_1_228' title='bbox 1272 2047 1433 2092; x_wconf 87' lang='lat' dir='ltr'><strong>virtute</strong></span> <span class='ocrx_word' id='word_1_229' title='bbox 1449 2083 1461 2103; x_wconf 87' lang='lat'>‚</span> 
     </span>
     <span class='ocr_line' id='line_1_29' title="bbox 76 2115 1472 2175; baseline 0.004 -18"><span class='ocrx_word' id='word_1_230' title='bbox 76 2129 207 2175; x_wconf 88' lang='lat' dir='ltr'><strong>quam</strong></span> <span class='ocrx_word' id='word_1_231' title='bbox 229 2130 253 2158; x_wconf 89' lang='lat' dir='ltr'><strong>a</strong></span> <span class='ocrx_word' id='word_1_232' title='bbox 275 2117 364 2158; x_wconf 89' lang='lat' dir='ltr'><strong>Deo</strong></span> <span class='ocrx_word' id='word_1_233' title='bbox 385 2115 431 2157; x_wconf 90' lang='lat' dir='ltr'><strong>in</strong></span> <span class='ocrx_word' id='word_1_234' title='bbox 447 2118 588 2172; x_wconf 89' lang='lat' dir='ltr'><strong>capite</strong></span> <span class='ocrx_word' id='word_1_235' title='bbox 609 2119 875 2175; x_wconf 72' lang='lat' dir='ltr'><strong>acceperat5,</strong></span> <span class='ocrx_word' id='word_1_236' title='bbox 892 2117 1057 2162; x_wconf 91' lang='lat' dir='ltr'><strong>diutius</strong></span> <span class='ocrx_word' id='word_1_237' title='bbox 1075 2117 1201 2162; x_wconf 90' lang='lat' dir='ltr'><strong>bellis</strong></span> <span class='ocrx_word' id='word_1_238' title='bbox 1217 2128 1472 2164; x_wconf 80' lang='lat' dir='ltr'><strong>contereret·</strong></span> 
     </span>
     <span class='ocr_line' id='line_1_30' title="bbox 77 2182 1463 2247; baseline 0.004 -19"><span class='ocrx_word' id='word_1_239' title='bbox 77 2194 209 2244; x_wconf 87' lang='lat' dir='ltr'><strong>atque</strong></span> <span class='ocrx_word' id='word_1_240' title='bbox 231 2182 432 2242; x_wconf 83' lang='lat' dir='ltr'><strong>fatigaret</strong></span> <span class='ocrx_word' id='word_1_241' title='bbox 446 2218 457 2238; x_wconf 82' lang='lat'>‚</span> <span class='ocrx_word' id='word_1_242' title='bbox 482 2183 777 2245; x_wconf 88' lang='lat' dir='ltr'><strong>seductusque</strong></span> <span class='ocrx_word' id='word_1_243' title='bbox 797 2196 947 2245; x_wconf 87' lang='lat' dir='ltr'><strong>postea</strong></span> <span class='ocrx_word' id='word_1_244' title='bbox 969 2203 1045 2247; x_wconf 88' lang='lat' dir='ltr'><strong>per</strong></span> <span class='ocrx_word' id='word_1_245' title='bbox 1065 2188 1293 2232; x_wconf 86' lang='lat' dir='ltr'><strong>mulierem</strong></span> <span class='ocrx_word' id='word_1_246' title='bbox 1315 2188 1463 2234; x_wconf 89' lang='lat' dir='ltr'><strong>oculos</strong></span> 
     </span>
     <span class='ocr_line' id='line_1_31' title="bbox 77 2253 1462 2319; baseline 0.004 -21"><span class='ocrx_word' id='word_1_247' title='bbox 77 2253 292 2313; x_wconf 88' lang='lat' dir='ltr'><strong>simulque</strong></span> <span class='ocrx_word' id='word_1_248' title='bbox 312 2254 517 2298; x_wconf 83' lang='lat' dir='ltr'><strong>virtutem</strong></span> <span class='ocrx_word' id='word_1_249' title='bbox 533 2255 683 2313; x_wconf 84' lang='lat' dir='ltr'><strong>capitis</strong></span> <span class='ocrx_word' id='word_1_250' title='bbox 700 2255 972 2314; x_wconf 85' lang='lat' dir='ltr'><strong>perdidisset,</strong></span> <span class='ocrx_word' id='word_1_251' title='bbox 998 2268 1283 2319; x_wconf 88' lang='lat' dir='ltr'><strong>posteaquam</strong></span> <span class='ocrx_word' id='word_1_252' title='bbox 1299 2275 1462 2319; x_wconf 85' lang='lat' dir='ltr'><strong>cogno-</strong></span> 
     </span>
     <span class='ocr_line' id='line_1_32' title="bbox 77 2324 1461 2382; baseline 0.004 -14"><span class='ocrx_word' id='word_1_253' title='bbox 77 2324 142 2369; x_wconf 87' lang='lat' dir='ltr'><strong>vit</strong></span> <span class='ocrx_word' id='word_1_254' title='bbox 167 2324 213 2367; x_wconf 89' lang='lat' dir='ltr'><strong>in</strong></span> <span class='ocrx_word' id='word_1_255' title='bbox 234 2324 519 2382; x_wconf 88' lang='lat' dir='ltr'><strong>opprobrium</strong></span> <span class='ocrx_word' id='word_1_256' title='bbox 542 2340 670 2369; x_wconf 89' lang='lat' dir='ltr'><strong>suum</strong></span> <span class='ocrx_word' id='word_1_257' title='bbox 699 2341 850 2370; x_wconf 91' lang='lat' dir='ltr'><strong>omnes</strong></span> <span class='ocrx_word' id='word_1_258' title='bbox 878 2326 976 2371; x_wconf 90' lang='lat' dir='ltr'><strong>illos</strong></span> <span class='ocrx_word' id='word_1_259' title='bbox 997 2329 1246 2372; x_wconf 86' lang='lat' dir='ltr'><strong>convenisse</strong></span> <span class='ocrx_word' id='word_1_260' title='bbox 1275 2331 1330 2374; x_wconf 89' lang='lat' dir='ltr'><strong>ad</strong></span> <span class='ocrx_word' id='word_1_261' title='bbox 1350 2339 1461 2373; x_wconf 87' lang='lat' dir='ltr'><strong>tem—</strong></span> 
     </span>
     <span class='ocr_line' id='line_1_33' title="bbox 77 2392 1455 2455; baseline 0.006 -19"><span class='ocrx_word' id='word_1_262' title='bbox 77 2393 202 2452; x_wconf 88' lang='lat' dir='ltr'><strong>plum</strong></span> <span class='ocrx_word' id='word_1_263' title='bbox 223 2392 441 2437; x_wconf 89' lang='lat' dir='ltr'><strong>idolorum</strong></span> <span class='ocrx_word' id='word_1_264' title='bbox 472 2410 651 2439; x_wconf 86' lang='lat' dir='ltr'><strong>suorum</strong></span> <span class='ocrx_word' id='word_1_265' title='bbox 668 2430 679 2451; x_wconf 86' lang='lat'>,</span> <span class='ocrx_word' id='word_1_266' title='bbox 712 2410 871 2455; x_wconf 89' lang='lat' dir='ltr'><strong>eosque</strong></span> <span class='ocrx_word' id='word_1_267' title='bbox 901 2398 1179 2455; x_wconf 84' lang='lat' dir='ltr'><strong>magnificare</strong></span> <span class='ocrx_word' id='word_1_268' title='bbox 1206 2398 1309 2443; x_wconf 87' lang='lat' dir='ltr'><strong>deos</strong></span> <span class='ocrx_word' id='word_1_269' title='bbox 1329 2414 1427 2444; x_wconf 91' lang='lat' dir='ltr'><strong>suos</strong></span> <span class='ocrx_word' id='word_1_270' title='bbox 1445 2435 1455 2454; x_wconf 90' lang='lat'>‚</span> 
     </span>
    </p>
   </div>
   <div class='ocr_carea' id='block_1_6' title="bbox 77 2491 1456 2579">
    <p class='ocr_par' dir='ltr' id='par_1_7' title="bbox 77 2491 1456 2579">
     <span class='ocr_line' id='line_1_34' title="bbox 125 2491 1456 2537; baseline 0.008 -15"><span class='ocrx_word' id='word_1_271' title='bbox 125 2498 138 2516; x_wconf 80' lang='lat'>¹</span> <span class='ocrx_word' id='word_1_272' title='bbox 164 2491 236 2524; x_wconf 74' lang='lat' dir='ltr'><strong>lsai.</strong></span> <span class='ocrx_word' id='word_1_273' title='bbox 254 2503 344 2533; x_wconf 77' lang='lat' dir='ltr'><strong>xxix,</strong></span> <span class='ocrx_word' id='word_1_274' title='bbox 363 2492 382 2535; x_wconf 65' lang='grc'>4</span> <span class='ocrx_word' id='word_1_275' title='bbox 400 2511 440 2517; x_wconf 85' lang='lat'><strong>—</strong></span> <span class='ocrx_word' id='word_1_276' title='bbox 458 2495 550 2526; x_wconf 87' lang='lat' dir='ltr'><strong>Num.</strong></span> <span class='ocrx_word' id='word_1_277' title='bbox 570 2505 648 2533; x_wconf 76' lang='lat' dir='ltr'><strong>xxv,</strong></span> <span class='ocrx_word' id='word_1_278' title='bbox 667 2497 699 2527; x_wconf 91' lang='grc'><strong>8.</strong></span> <span class='ocrx_word' id='word_1_279' title='bbox 723 2513 764 2519; x_wconf 85' lang='grc'><strong>-</strong></span> <span class='ocrx_word' id='word_1_280' title='bbox 785 2494 798 2519; x_wconf 84' lang='grc'>3</span> <span class='ocrx_word' id='word_1_281' title='bbox 818 2496 919 2530; x_wconf 81' lang='lat' dir='ltr'><strong>Exod.</strong></span> <span class='ocrx_word' id='word_1_282' title='bbox 941 2508 1042 2537; x_wconf 75' lang='lat' dir='ltr'><strong>xxxii,</strong></span> <span class='ocrx_word' id='word_1_283' title='bbox 1066 2497 1117 2531; x_wconf 86' lang='lat'><strong>16.</strong></span> <span class='ocrx_word' id='word_1_284' title='bbox 1141 2514 1183 2522; x_wconf 92' lang='lat'><strong>--</strong></span> <span class='ocrx_word' id='word_1_285' title='bbox 1199 2496 1215 2525; x_wconf 68' lang='lat'><strong>⁴</strong></span> <span class='ocrx_word' id='word_1_286' title='bbox 1232 2499 1334 2532; x_wconf 82' lang='lat' dir='ltr'><strong>Judic.</strong></span> <span class='ocrx_word' id='word_1_287' title='bbox 1356 2510 1396 2531; x_wconf 74' lang='lat' dir='ltr'><strong>xl.</strong></span> <span class='ocrx_word' id='word_1_288' title='bbox 1415 2516 1456 2522; x_wconf 77' lang='lat'><strong>——</strong></span> 
     </span>
     <span class='ocr_line' id='line_1_35' title="bbox 77 2545 243 2579; baseline 0 -1"><span class='ocrx_word' id='word_1_289' title='bbox 77 2545 91 2569; x_wconf 90' lang='lat'><em>5</em></span> <span class='ocrx_word' id='word_1_290' title='bbox 113 2548 157 2579; x_wconf 68' lang='lat' dir='ltr'><strong>[sl.</strong></span> <span class='ocrx_word' id='word_1_291' title='bbox 180 2558 243 2578; x_wconf 78' lang='lat' dir='ltr'><strong>xw.</strong></span> 
     </span>
    </p>
   </div>
  </div>
 </body>
</html>
