1729 3143
535 243 588 269 ne
621 242 830 280 SYMBOLO,
864 240 1002 271 senno
1036 245 1065 270 1.
1425 234 1480 272 39

95 305 320 360 adulteria,
346 314 421 349 aut
443 305 585 364 aliqua
601 303 716 348 facta
733 304 937 349 immania
957 323 966 350 ;
991 305 1092 350 inde
1104 314 1242 364 agunt
1255 307 1476 365 poeniten-

97 376 215 420 tiam.
241 377 351 418 Nam
369 375 401 418 si
422 374 530 417 levia
549 381 725 431 peccata
746 373 939 430 ipsorum
960 383 1116 429 essent,
1141 375 1197 420 ad
1217 376 1312 420 haec
1332 381 1482 435 quotis

95 445 223 490 diana
241 445 388 488 Oratio
405 442 590 486 delenda
605 441 838 486 sufficeret.

150 517 269 558 XVI.
304 516 420 571 Ergo
434 513 572 556 tribus
584 510 724 555 modis
738 511 1020 555 dimittuntur
1030 522 1206 570 peccata
1216 513 1459 560 inEcclesia
1472 551 1484 573 ,

91 586 136 629 in
157 583 429 642 baptismate,
452 582 498 624 in
512 581 734 636 Oratione,
753 582 799 625 in
817 580 1063 625 humilitate
1083 584 1245 642 majore
1261 584 1479 642 poeniten-

91 655 162 698 tiae
180 672 189 697 ι
210 661 354 696 tamen
372 655 486 695 Deus
507 666 596 695 non
612 650 791 695 dimittit
809 659 997 710 peccata,
1019 651 1101 695 nisi
1115 651 1358 710 baptizatis.
1381 657 1481 714 Ipsa

87 731 262 782 peccata
279 737 378 781 quae
399 722 590 780 primum
607 720 801 776 dimittit,
823 736 913 765 non
934 720 1016 765 nisi
1037 721 1263 780 baptizatis
1281 721 1474 769 dimittit.

88 791 296 846 Quando?
319 792 506 844 Quando
537 791 827 850 baptizantur.
856 795 1036 836 Peccata
1057 807 1157 851 quae
1178 801 1326 851 postea
1348 808 1478 838 oran-

86 863 203 907 tibus
226 862 522 916 dimittuntur,
554 870 596 905 et
620 862 952 920 poenitentibus,
973 862 1134 921 quibus
1151 861 1346 917 dimittit,
1365 864 1477 923 bap-

85 933 225 978 tizatis
247 932 441 975 dimittit.
468 934 576 976 Nam
598 929 822 990 quomodo
845 931 1024 976 dicunt:
1065 951 1085 974 «
1116 936 1243 976 Pater
1262 943 1423 988 noster,
1454 953 1474 975 »

84 1004 162 1063 qui
183 1003 382 1046 nondum
398 1003 488 1046 nati
503 1004 635 1046 sunt?
658 1003 973 1047 Catechumeni
990 1002 1187 1062 quandiu
1210 1013 1328 1059 sunt,
1348 1019 1478 1063 super

84 1072 179 1117 illos
207 1081 308 1116 sunt
336 1072 481 1115 omnia
504 1081 681 1131 peccata
703 1086 871 1116 eorum.
900 1074 944 1117 Si
966 1074 1286 1129 catechumeni,
1309 1084 1476 1134 quanto

82 1142 215 1198 magis
234 1142 413 1200 pagani?
434 1151 599 1199 quanto
617 1143 752 1199 magis
774 1143 1001 1187 haeretici?
1025 1143 1110 1188 Sed
1130 1144 1345 1188 haereticis
1363 1145 1475 1204 bap-

82 1212 257 1255 tismum
273 1226 363 1254 non
374 1219 608 1255 mutamus.
625 1213 794 1263 Quare?
809 1213 923 1264 Quia
937 1212 996 1256 sic
1009 1214 1175 1255 habent
1191 1214 1456 1271 baptismum
1470 1249 1481 1271 ,

83 1280 305 1342 quomodo
339 1282 533 1324 desertor
560 1281 693 1325 habet
726 1282 1049 1325 characterem:
1073 1282 1134 1325 ita
1155 1290 1199 1324 et
1218 1282 1290 1325 isti
1311 1283 1478 1330 habent

83 1353 370 1411 baptismum3
394 1351 574 1405 habent,
599 1350 674 1394 sed
696 1350 816 1394 unde
838 1350 1119 1405 damnentur,
1144 1366 1235 1395 non
1257 1351 1375 1396 unde
1397 1369 1475 1398 co-

82 1431 306 1466 ronentur.
350 1423 408 1464 Et
441 1429 590 1463 tamen
627 1420 661 1463 si
699 1419 894 1463 desertor
921 1421 1012 1479 ipse
1046 1430 1266 1470 correctus
1298 1422 1478 1482 incipiat

81 1492 282 1546 militare,
311 1489 529 1549 numquid
564 1490 695 1534 audet
729 1490 962 1549 quisquam
984 1490 1023 1534 ei
1047 1491 1342 1536 characterem
1373 1507 1473 1538 mu-

81 1564 199 1607 tare?

140 1635 284 1676 XVII.
320 1629 546 1675 Credimus
559 1631 690 1674 etiam
700 1631 1060 1675 resurrectionem
1077 1631 1233 1686 carnis,
1246 1644 1347 1691 quae
1361 1647 1474 1692 prae-

82 1703 206 1747 cessit
234 1702 279 1744 in
299 1700 471 1745 Christo
489 1719 497 1744 ε
524 1708 574 1743 ut
591 1700 674 1744 hoc
697 1700 826 1743 etiam
848 1709 991 1759 speret
1012 1715 1192 1760 corpus,
1217 1702 1338 1761 quod
1355 1717 1468 1762 prae-

82 1772 206 1817 cessit
226 1772 272 1815 in
293 1772 448 1830 capite.
475 1772 618 1829 Caput
636 1770 839 1815 Ecclesiae
859 1772 1073 1827 Christus,
1098 1771 1292 1816 Ecclesia
1313 1788 1472 1833 corpus

82 1842 282 1888 Christi1.
302 1843 444 1901 Caput
461 1850 660 1886 nostrum
677 1841 875 1896 surrexit,
902 1841 1095 1886 ascendit
1116 1842 1163 1886 in
1183 1841 1347 1887 coelum
1365 1862 1374 1888 :
1395 1845 1471 1888 ubi

83 1921 229 1971 caput,
266 1911 353 1956 illic
394 1921 436 1956 et
471 1912 682 1956 membra.
714 1912 991 1965 «Quomodo
1023 1913 1162 1957 carnis
1190 1915 1470 1959 resurrectio-

86 1999 106 2023 »
142 1983 268 2026 nem?
289 1999 309 2023 »
334 1984 397 2027 Ne
419 1981 532 2026 forte
549 1991 674 2041 putet
696 1981 851 2042 aliquis
873 1983 1096 2043 quomodo
1118 1984 1282 2039 Lazari,
1299 1992 1350 2028 ut
1363 1986 1470 2029 scias

84 2066 174 2094 non
197 2053 256 2096 sic
283 2067 387 2106 esse,
417 2052 615 2096 additum
637 2061 725 2098 est:
751 2056 804 2097 In
824 2053 957 2098 vitam
980 2062 1203 2098 aeternam.
1228 2058 1472 2114 Regeneret

84 2137 159 2167 vos
177 2124 306 2177 DeuS,
327 2133 550 2168 conservet
572 2133 615 2168 et
630 2133 805 2169 tueatur
821 2140 897 2171 vos
915 2128 1044 2183 Deus,
1062 2126 1109 2172 in
1125 2141 1185 2182 se,
1202 2127 1278 2187 qui
1298 2136 1361 2172 est
1379 2126 1471 2186 ipsa

84 2193 173 2238 vita
192 2200 366 2247 aeterna,
383 2192 594 2252 perducat
606 2210 681 2240 vos
699 2198 828 2241 Deus.
854 2199 1008 2241 Amen.

133 2295 145 2311 ¹
166 2288 278 2330 Ephes.
299 2299 334 2330 v,
353 2288 406 2321 23.
