1729 3143
214 179 298 218 350
638 188 672 216 s.
709 189 940 217 mausum
972 190 1154 218 Enscol’l

210 270 310 315 quae
337 263 483 298 tamen
514 253 677 297 aversio
698 262 828 313 atque
849 255 1074 299 conversio
1092 289 1103 310 ‚
1127 256 1336 315 quoniam
1359 273 1448 303 non
1469 259 1590 316 cogi-

210 333 304 380 tur,
328 324 403 368 sed
424 331 487 367 est
503 322 763 380 voluntaria,
787 323 918 383 digna
939 334 982 369 et
997 325 1113 385 justa
1134 341 1229 371 eam
1251 326 1434 372 miseriae
1458 343 1593 388 poena

211 394 503 453 subsequitur.

269 466 382 509 LIV.
419 462 504 509 Sed
520 472 570 509 tu
585 464 765 510 fortasse
786 465 1048 526 quaesiturus
1069 482 1113 511 es
1130 502 1142 523 ‚
1168 468 1376 528 quoniam
1393 477 1596 513 movetur

209 534 408 580 voluntas
425 550 527 579 cum
543 551 587 580 se
609 537 761 582 avertit
781 537 834 580 ab
857 536 1204 582 incommutabili
1225 539 1344 584 bono
1366 538 1422 583 ad
1449 547 1595 583 muta—

208 605 296 650 bile
328 606 497 651 bonum
513 642 524 663 ‚
561 607 680 652 unde
716 609 754 651 ei
789 609 868 652 iste
897 619 1040 654 motus
1075 610 1258 668 existat3
1294 612 1370 671 qui
1398 608 1597 670 profecto

207 675 349 722 malus
370 685 454 733 est,
481 679 648 723 tametsi
668 678 870 724 voluntas
891 679 1026 725 libera
1039 716 1050 736 ‚
1073 681 1174 741 quia
1190 682 1280 725 sine
1292 681 1368 725 illa
1385 696 1467 725 nee
1482 689 1597 725 recte

208 747 295 792 vivi
317 758 484 807 potest,
508 749 555 793 in
577 743 702 794 bonis
724 751 994 795 numeranda
1013 754 1081 796 sit.
1113 753 1155 797 Si
1176 754 1292 797 enim
1316 762 1462 797 motus
1487 753 1568 796 iste
1583 786 1595 807 ‚

207 817 252 862 id
274 827 363 873 est,
388 820 553 865 aversio
574 820 811 866 voluntatis
836 837 860 865 a
885 822 1071 866 Domino
1088 826 1194 878 Deo,
1212 824 1304 867 sine
1323 822 1611 867 dubitatione-

207 899 434 949 peccatum
456 901 546 947 est,
572 908 679 936 num
701 908 930 952 possumus
952 903 1173 938 auctorem
1195 895 1362 954 peccati
1382 898 1518 938 Deum
1535 892 1601 936 di-

207 975 301 1004 cere
319 962 336 1004 ?
358 963 455 1005 Non
477 961 558 1005 erit
578 976 682 1019 ergo
703 962 783 1005 iste
805 973 950 1006 motus
971 979 1024 1007 ex
1045 968 1151 1008 Deo.
1180 963 1305 1008 Unde
1332 964 1466 1022 igitur
1487 963 1600 1006 erit?

208 1026 274 1075 Ita
295 1032 510 1092 quaerenti
532 1031 612 1076 tibi
627 1066 642 1087 ,
667 1033 701 1076 si
723 1033 1009 1093 respondeam
1022 1035 1188 1079 nescire
1204 1050 1273 1078 me
1288 1069 1299 1089 ‚
1320 1034 1501 1078 fortasse
1518 1033 1600 1077 eris

206 1102 366 1146 tristior
393 1121 402 1146 :
428 1102 502 1146 sed
524 1111 670 1147 tamen
688 1118 788 1148 vera
811 1104 1124 1163 responderim.
1153 1106 1260 1150 Sciri
1282 1106 1398 1148 enim
1419 1120 1507 1148 non
1525 1118 1602 1163 po-

209 1181 291 1216 test
327 1171 447 1233 quod
479 1173 589 1217 nihil
625 1183 689 1219 est
702 1177 734 1219 ².
772 1178 837 1219 Tu
859 1184 1031 1219 tantum
1062 1176 1269 1234 pietatem
1297 1177 1602 1220 inconcussam

211 1252 322 1299 tene,
340 1252 390 1288 ut
404 1243 596 1288 nullumt
615 1245 674 1289 ibi
696 1246 862 1290 bonum
885 1246 955 1290 vel
977 1246 1202 1301 sentienti,
1227 1247 1298 1291 vel
1319 1245 1596 1304 intelligenti,

207 1314 276 1359 vel
297 1330 477 1375 quoquo
492 1314 624 1361 modo
645 1317 856 1376 cogitanti
875 1326 1091 1372 occurrat,
1110 1317 1231 1377 quod
1249 1333 1339 1361 non
1352 1318 1406 1362 sit
1421 1333 1472 1361 ex
1491 1320 1595 1360 Deo.

209 1387 275 1430 Ita
296 1386 414 1430 enirn
436 1385 557 1435 nulla
575 1396 733 1432 natura
754 1388 943 1432 occurrit
956 1422 967 1442 ‚
992 1403 1092 1448 quae
1114 1403 1204 1432 non
1225 1388 1280 1433 sit
1295 1403 1346 1432 ex
1366 1391 1473 1432 Deo.
1494 1388 1603 1431 Om-

209 1472 308 1501 nem
326 1457 490 1517 quippe
512 1472 603 1501 rem
619 1492 630 1513 ‚
651 1459 730 1502 ubi
753 1473 1001 1504 mensuram
1018 1468 1061 1504 et
1083 1475 1318 1504 numerum
1340 1468 1384 1503 et
1401 1458 1602 1504 ordinem

209 1526 380 1584 videris,
398 1531 488 1573 Deo
510 1528 663 1574 artifici
684 1530 874 1575 tribuere
891 1546 946 1576 ne
965 1532 1194 1576 cuncteris.
1215 1531 1341 1577 Unde
1362 1540 1508 1576 autem
1521 1529 1603 1573 ista

209 1600 382 1660 penitus
403 1599 660 1656 detraxeris,
688 1602 799 1646 nihil
817 1603 996 1648 omnino
1020 1603 1290 1648 remanebit:
1309 1603 1412 1663 quia
1429 1601 1508 1646 etsi
1530 1615 1603 1644 re-

210 1670 414 1715 manserit
422 1670 728 1731 aliquaformae
737 1672 864 1734 alicuj
872 1689 920 1718 us
929 1674 1165 1730 inchoatio,
1182 1673 1260 1718 ubi
1273 1688 1418 1733 neque
1426 1685 1604 1716 mensu-

211 1756 320 1797 ram,
338 1757 483 1801 neque
499 1758 751 1799 numerum,
772 1760 916 1804 neque
933 1745 1131 1789 ordinem
1144 1745 1354 1800 invenias,
1379 1744 1482 1803 quia
1502 1742 1603 1786 uhi-

211 1827 400 1873 cumque
413 1813 492 1858 ista
507 1823 623 1869 sunt,
649 1814 789 1859 forma
802 1815 997 1874 perfecta
1009 1825 1086 1871 est,
1104 1825 1276 1875 oportet
1290 1813 1460 1859 auferas
1473 1814 1604 1858 etiam

212 1883 349 1942 ipsam
364 1883 688 1929 inchoationem
700 1886 870 1941 formae,
887 1901 987 1946 quae
1003 1895 1210 1946 tanquam
1226 1885 1420 1929 materies
1437 1885 1493 1928 ad
1510 1898 1604 1943 per-

211 1953 449 1999 ficiendum
470 1956 692 2016 subjacere
715 1957 889 2002 videtur
911 1957 1079 2002 artifici.
1109 1958 1152 2003 Si
1179 1957 1294 2001 enim
1318 1955 1472 2001 formae
1498 1970 1603 2015 per-

213 2024 343 2070 fectio
365 2026 535 2072 bonum
564 2038 629 2073 est
645 2063 656 2084 ,
693 2028 959 2074 nonnullum
985 2030 1081 2089 jam.
1097 2029 1266 2074 bonum
1293 2037 1356 2073 est
1378 2037 1422 2072 et
1448 2027 1604 2071 formae

213 2095 433 2143 inchoatio
455 2117 465 2144 t
491 2099 551 2144 ita
570 2098 764 2145 detracto
785 2101 958 2160 penitus
981 2101 1100 2145 omni
1130 2101 1250 2146 bono
1267 2134 1279 2155 ‚
1304 2115 1395 2144 non
1424 2097 1603 2158 quidem

216 2168 444 2225 nonnihil,
471 2169 547 2214 sed
569 2171 749 2216 omnino
770 2171 879 2215 nihil
902 2172 1158 2216 remanebit.
1184 2173 1326 2215 Omne
1349 2179 1496 2215 autem
1525 2168 1606 2213 bo-

216 2253 324 2282 num
346 2253 397 2283 ex
417 2241 508 2286 Deo
529 2259 537 2285 :
563 2240 686 2286 nulla
706 2256 808 2301 ergo
829 2251 985 2287 natura
1001 2251 1090 2298 est,
1116 2257 1216 2302 quae
1236 2257 1326 2286 non
1347 2241 1400 2285 sit
1422 2255 1474 2284 ex
1494 2242 1602 2284 Deo.

217 2310 363 2355 Motus
384 2325 488 2371 ergo
509 2310 583 2356 ille
604 2312 838 2358 aversionis
852 2347 864 2370 ,
889 2311 1012 2374 quod
1032 2311 1221 2357 fatemur
1242 2327 1332 2356 esse
1354 2319 1600 2372 peccatum,

220 2382 425 2437 quoniam
447 2382 689 2429 defectivus
710 2394 854 2430 motus
883 2393 947 2429 est
963 2419 974 2441 ,
1006 2385 1144 2430 omnis
1171 2393 1317 2429 autem
1339 2381 1534 2428 defectus
1553 2394 1605 2424 ex

222 2449 358 2496 nihilo
379 2461 444 2497 est
458 2488 470 2509 ‚
495 2454 594 2500 vide
610 2471 699 2516 quo
716 2456 931 2517 pertineat
947 2488 960 2513 ‚
985 2465 1028 2502 et
1051 2456 1106 2502 ad
1127 2459 1267 2502 Deum
1283 2470 1372 2501 non
1389 2453 1605 2515 pertinere

271 2538 281 2557 ¹
310 2545 323 2567 1
344 2537 488 2572 Retract.
509 2549 582 2582 cap.
601 2551 647 2581 rx,
666 2551 700 2572 n.
722 2540 755 2582 4.
