1729 3143
605 221 657 248 1313
691 222 940 250 HAEREsuws.
1382 215 1464 253 253

13 320 17 331 ,
35 287 39 291 ’
88 280 267 324 habent.
292 280 360 325 Illi
382 292 527 327 autem
541 317 552 338 ‚
577 293 628 328 ut
644 286 704 329 ita
722 286 904 329 dixerim
919 320 931 340 ,
952 285 1202 342 fabulones,
1226 285 1273 331 id
1289 296 1369 342 est,
1390 290 1466 347 qui

87 348 257 395 fabulas
278 367 408 397 vanas
431 355 690 413 easdemque
706 354 857 413 longas
879 356 1189 416 perplexasque
1210 366 1462 412 contexunt,

87 429 175 465 tam
198 421 346 466 multis
368 423 484 469 falsis
506 423 782 481 dogmatibus
802 424 922 484 pleni
947 435 1049 470 sunt
1063 461 1074 481 ‚
1109 436 1159 471 ut
1188 427 1269 486 ipsi
1289 443 1465 486 quoque

86 489 159 534 illa
191 507 420 536 numerare
452 509 541 536 non
563 493 753 552 possint,
786 504 860 538 aut
890 494 1145 540 difficillime
1165 497 1345 555 possint.
1378 500 1467 542 Nec

86 559 165 604 ulli
183 561 323 607 alieno
344 563 434 606 ulla
455 563 624 607 haeresis
641 561 768 607 facile
786 563 846 607 sic
867 564 1119 617 innotescit,
1146 575 1195 610 ut
1212 567 1297 610 suis
1315 585 1323 610 :
1350 567 1468 610 unde

85 646 166 675 nec
179 646 342 687 earum,
358 648 465 691 quas
477 634 830 688 commemoravi,
851 634 996 678 omnia
1011 634 1216 693 dogmata
1233 650 1302 679 me
1315 636 1468 681 dixisse

84 699 154 744 vel
174 700 371 746 didicisse
388 703 608 761 profiteor.
632 703 738 756 Quis
759 703 874 747 enim
896 718 987 749 non
1004 703 1149 748 videat
1169 714 1376 763 quantam
1404 721 1468 749 res

82 768 163 813 ista
180 785 356 828 operam
379 780 423 815 et
444 787 577 832 qnam
599 771 758 818 multas
778 773 941 818 litteras
959 773 1156 833 flagitet?
1177 776 1265 819 Nec
1284 774 1383 819 ideo
1400 784 1468 820 ta-

82 852 184 881 men
200 854 355 897 parum
371 840 548 900 prodest
563 857 729 886 errores
747 843 851 887 istos
863 878 873 898 ‚
890 859 1000 903 quos
1017 844 1118 888 huic
1134 844 1266 903 Operi
1284 844 1468 899 intexui,

82 906 216 952 lectos
241 911 525 969 cognitosque
551 912 703 955 vitare.
739 913 858 964 Quid
887 914 1005 957 enim
1037 923 1190 958 contra
1213 915 1293 958 ista
1315 914 1471 958 sentiat

81 979 292 1023 catholica
315 980 529 1035 Ecclesia,
553 983 674 1041 quod
697 998 720 1025 a
745 998 814 1026 me
842 983 1079 1027 dicendum
1102 986 1288 1043 putasti,
1320 999 1471 1043 super-=

83 1047 174 1091 fluo
191 1049 403 1107 quaeritur
424 1069 432 1093 ε
465 1065 566 1093 cum
584 1060 763 1109 propter
781 1052 864 1096 hoc
886 1053 993 1096 scire
1007 1053 1194 1097 sufficiat
1210 1068 1304 1097 eam
1320 1063 1471 1098 contra

80 1116 160 1160 ista
181 1119 340 1162 sentire
355 1153 366 1173 ‚
394 1134 474 1162 nec
497 1119 664 1179 aliquid
687 1121 844 1164 horum
866 1121 912 1162 in
936 1121 1067 1162 fidem
1098 1137 1365 1181 quemquam
1392 1123 1471 1166 de·-

80 1186 183 1231 bere
207 1190 412 1248 recipere.
445 1190 678 1243 Quomodo
709 1199 853 1233 autem
884 1204 983 1247 quae
1010 1198 1160 1233 contra
1193 1191 1285 1235 haec
1317 1192 1473 1236 veritas

82 1257 244 1312 hahet,
282 1261 510 1304 asserenda
538 1276 587 1304 ac
613 1258 892 1304 defendenda
916 1259 1025 1313 sint,
1055 1259 1284 1303 modulum
1321 1262 1473 1318 Operis

82 1327 213 1387 hujus
235 1327 421 1372 excedit.
445 1329 530 1373 Sed
546 1328 737 1372 multum
755 1328 934 1388 adjuvat
955 1343 1029 1372 cor
1042 1327 1172 1372 fidele
1188 1363 1199 1383 ‚
1224 1344 1346 1373 nosse
1363 1330 1472 1389 quid

83 1399 355 1443 credendum
377 1415 467 1444 non
488 1401 566 1454 sit,
594 1400 725 1444 etiam
745 1401 778 1444 si
795 1399 1046 1458 disputandi
1062 1399 1272 1443 facultate
1289 1399 1333 1443 id
1351 1399 1473 1444 refu-

83 1478 175 1514 tare
194 1485 284 1514 non
312 1470 464 1529 possit.
492 1471 643 1513 Omnis
672 1470 820 1529 itaque
842 1470 1112 1514 Christianus
1138 1468 1376 1513 catholicus
1396 1471 1474 1514 ista

84 1556 174 1585 non
196 1540 329 1584 debet
350 1541 558 1597 credere3
586 1541 660 1584 sed
681 1556 771 1585 non
797 1539 936 1584 omnis
965 1541 1041 1600 qui
1073 1541 1153 1584 ista
1184 1555 1274 1585 non
1305 1540 1443 1584 credit
1459 1576 1470 1596 ‚

84 1620 403 1670 consequenter
418 1611 551 1654 debet
565 1625 608 1654 se
625 1610 921 1655 Christianum
936 1610 1199 1654 catholicum
1213 1612 1304 1670 jam
1320 1620 1474 1670 putare

82 1680 154 1724 vel
186 1680 345 1725 dicere.
387 1684 576 1724 Possunt
608 1680 723 1723 enim
759 1689 802 1723 et
829 1681 1012 1723 haereses
1040 1678 1160 1734 aliae,
1197 1696 1296 1740 quae
1324 1681 1369 1723 in
1390 1681 1474 1725 hoc

83 1751 225 1808 Opere
246 1759 397 1795 nostro
419 1758 773 1794 commemoratae
790 1764 878 1793 non
899 1758 1029 1803 sunt,
1054 1749 1125 1793 vel
1142 1765 1231 1794 esse
1266 1749 1333 1793 vel
1357 1750 1471 1804 fieri,

83 1834 272 1878 quarum
290 1819 485 1879 aliquam
507 1819 705 1878 quisquis
721 1819 927 1873 tenuerit,
948 1819 1219 1863 Christianus
1236 1819 1475 1863 catholicus

25 1890 27 1909 ³
83 1904 175 1933 non
196 1890 292 1934 erit.
315 1888 433 1942 Quid
456 1904 561 1948 ergo
583 1888 714 1933 faciat
734 1889 1007 1943 haereticum,
1027 1887 1230 1947 deinceps
1252 1889 1474 1948 requiren-

26 1997 29 2023 ἱ
85 1958 193 2002 dum
216 1969 309 2004 est:
339 1968 389 2003 ut
415 1975 515 2003 cum
548 1960 633 2004 hoc
666 1959 852 2003 Domino
885 1959 1118 2018 adjuvante
1148 1959 1360 2014 vitamus,
1387 1974 1475 2003 non

26 2029 29 2059 ³
86 2028 228 2074 solum
250 2045 300 2073 ea
338 2045 438 2088 quae
467 2030 647 2084 scimus,
681 2030 965 2074 verumetiam
988 2045 1087 2088 quae
1110 2030 1324 2073 nescimus
1341 2064 1352 2084 ‚
1388 2029 1476 2073 sive

27 2110 30 2144 2
85 2116 185 2160 quae
203 2102 294 2160 jam
317 2109 414 2145 orta
437 2110 560 2154 sunt,
582 2102 670 2145 sive
687 2117 786 2160 quae
808 2100 952 2145 adhuc
969 2100 1071 2145 oriri
1092 2109 1313 2159 poterunt,
1338 2100 1476 2143 haere-

28 2182 30 2219 ῑ
85 2170 170 2215 tica
191 2185 362 2215 venena
383 2171 586 2214 vitemus.
609 2172 748 2229 Hujus
765 2179 911 2214 autem
928 2170 982 2214 sit
998 2171 1088 2229 jam
1106 2170 1338 2214 voluminis
1359 2170 1472 2224 finis,

28 2270 31 2279 ‚
85 2241 207 2300 quod
229 2250 462 2301 propterea
489 2240 613 2285 vobis
628 2274 639 2295 ,
669 2248 903 2299 antequam
925 2249 1069 2283 totum
1096 2241 1179 2284 hoc
1201 2242 1321 2299 Opus
1342 2241 1474 2298 perfi—

86 2325 229 2355 cerem
246 2346 257 2366 ‚
283 2310 452 2356 credidi
474 2325 564 2355 esse
587 2308 847 2354 mittendum
865 2344 876 2362 ‚
901 2319 950 2353 ut
976 2308 1086 2353 illud
1116 2311 1383 2369 quicumque
1409 2309 1473 2353 le-

90 2381 256 2439 geritis,
284 2381 339 2424 ad
356 2381 401 2425 id
417 2381 542 2440 quod
563 2389 692 2424 restat
709 2379 998 2438 implendum,
1019 2378 1139 2438 quod
1161 2388 1250 2423 tam
1267 2393 1474 2437 magnum

89 2465 178 2495 esse
196 2451 370 2496 cernitis
387 2486 398 2507 ‚
424 2466 497 2495 me
519 2450 789 2495 orationibus
812 2449 1020 2508 adjuvetis
1038 2452 1113 2505 (8).
