1729 3143
259 188 339 225 102
679 195 712 222 s.
748 194 979 222 Aucusmm
1012 195 1194 223 muscum

257 282 278 305 »
307 263 427 308 Sicut
460 263 575 305 enim
614 262 747 305 Jonas
782 259 867 304 fuit
901 261 947 304 in
968 269 1118 305 ventre
1147 260 1230 304 ceti
1260 261 1399 305 tribus
1417 261 1572 306 diebus
1593 272 1631 310 et

256 352 276 375 »
302 333 439 378 tribus
472 330 690 384 noctibu5‚
726 330 786 375 ita
816 340 990 390 oportet
1019 347 1109 375 esse
1131 340 1174 376 et
1197 331 1354 375 Filium
1379 332 1565 377 hominis
1594 334 1639 378 in
1688 346 1691 386 ι

256 423 277 446 »
302 402 432 447 corde
453 410 580 445 terrae
602 399 740 444 tribus
761 399 917 445 diebus
938 411 981 446 et
1002 402 1140 446 tribus
1165 402 1368 446 noctibus
1386 404 1417 445 ¹.
1446 420 1467 444 »
1496 406 1639 462 Ipsam
1687 394 1692 482 ἱ

250 477 435 533 figuram
457 471 758 530 propheticam
775 473 1085 532 comparando,
1110 474 1299 517 breviter
1316 488 1635 532 percurramus.
1689 485 1694 581 1

249 545 404 590 Missus
425 551 489 587 est
509 544 641 587 Jonas
662 542 718 587 ad
739 543 957 589 civitatem
973 545 1127 590 Ninive
1145 579 1156 599 ‚
1183 554 1231 588 ut
1253 546 1345 604 ejus
1368 545 1500 588 finem
1524 559 1640 604 prae-

250 613 414 657 dicaret
450 632 460 657 ι
493 613 643 656 missus
674 623 738 657 est
769 614 969 659 Christus
1001 629 1023 657 a
1057 618 1183 658 Patre
1203 649 1215 669 ‚
1254 624 1303 658 ut
1330 615 1463 657 finem
1485 613 1641 658 mundi

249 684 456 728 omnibus
490 684 819 728 demonstraret.
864 686 996 743 Fugit
1027 688 1159 729 Jonas
1196 685 1242 727 in
1277 685 1447 728 Tharsis
1478 701 1503 728 a
1532 684 1643 729 facie

250 755 425 799 Domini
451 774 459 799 ε
485 753 587 812 fuga
613 758 764 808 Jonae,
789 754 915 799 velox
936 756 1144 799 transitus
1170 754 1331 799 Christi
1358 773 1366 798 ;
1390 753 1446 797 de
1467 769 1556 813 quo
1576 753 1644 798 di-

248 824 308 868 cit
330 824 548 884 Propheta
570 844 579 869 ε
606 844 626 867 «
644 824 871 869 Exultavit
888 834 938 868 ut
956 825 1072 882 gigas
1091 823 1146 868 ad
1162 822 1421 868 currendam
1435 823 1550 867 viam
1562 825 1595 866 2.
1619 841 1640 864 »
1692 816 1697 864 ἶῑ

249 895 457 939 Ascendit
495 910 649 939 navem
686 895 903 954 Propheta
926 893 1099 953 fugiens
1129 914 1138 938 :
1165 894 1333 952 lignum
1362 894 1561 939 Christus
1582 909 1645 938 as·
1693 873 1698 981 1

249 964 398 1009 cendit
415 1000 426 1020 ,
451 981 526 1025 per
550 981 667 1009 mare
688 966 818 1026 hujus
842 966 989 1010 saeculi
1006 965 1232 1009 transiens.
1260 964 1393 1008 Irruit
1413 972 1644 1023 tempestas

249 1050 406 1093 magna
438 1036 483 1079 in
508 1036 614 1079 mari
641 1055 649 1079 :
676 1036 948 1094 perturbatio
971 1036 1099 1079 maris
1117 1070 1128 1089 ‚
1159 1034 1341 1094 perfidia
1369 1034 1641 1079 Judaeorum.

249 1107 358 1146 Data
375 1108 437 1141 est
457 1112 547 1141 sors
567 1131 578 1151 ,
606 1105 656 1140 ut
680 1102 900 1154 Propheta
921 1106 1132 1155 fugitivus
1158 1106 1202 1140 in
1226 1115 1345 1142 mare
1367 1099 1614 1143 mitteretur
1633 1119 1643 1144 τ

251 1185 340 1215 sors
367 1167 469 1212 data
505 1176 570 1211 est
603 1182 733 1226 super
768 1166 931 1212 Christi
962 1168 1246 1222 vestimenta,
1272 1179 1323 1212 ut
1354 1170 1498 1213 unitas
1527 1171 1647 1214 omni

1706 2474 1711 2499 i

1709 2805 1715 2974 ἒ

249 1240 419 1285 mundo
440 1238 763 1298 praedicaretur.
791 1240 1015 1298 Projectus
1037 1248 1101 1282 est
1123 1254 1146 1281 e
1168 1240 1267 1284 navi
1286 1240 1332 1283 in
1351 1255 1466 1283 mare
1489 1243 1643 1286 Jonas:

250 1325 367 1355 mors
388 1310 549 1355 Christi
570 1309 616 1352 in
637 1308 844 1352 cordibus
867 1308 1063 1367 gentium
1081 1307 1294 1353 collocata
1309 1318 1386 1353 est.
1412 1312 1646 1370 Susceptus

253 1390 316 1425 θεῖ
347 1397 371 1424 a
404 1380 541 1424 bestia
564 1380 782 1438 Propheta
799 1414 810 1433 ‚
849 1378 1162 1423 custodiendus
1183 1414 1193 1434 ,
1219 1395 1307 1423 non
1330 1380 1642 1426 comedendus.

253 1450 369 1496 Audi
390 1452 461 1495 hic
483 1451 616 1510 ipsius
638 1464 790 1493 vocem
812 1449 972 1494 Christi
993 1465 1070 1508 per
1089 1459 1287 1494 sanctum
1308 1449 1447 1495 David
1466 1470 1475 1495 ι
1505 1470 1525 1492 «
1548 1453 1647 1497 Non

255 1542 275 1562 n
300 1521 576 1581 derelinques
619 1521 807 1564 animam
850 1536 992 1564 meam
1030 1522 1149 1580 apud
1182 1520 1373 1577 inferos,
1405 1537 1486 1566 nec
1523 1522 1646 1566 dabis

257 1611 277 1635 »
304 1602 503 1636 sanctum
526 1601 652 1636 tuum
675 1591 823 1635 videre
844 1591 1170 1650 corruptionem
1194 1594 1226 1636 3.
1255 1611 1275 1634 »
1303 1596 1354 1636 In
1375 1602 1528 1637 ventre
1548 1592 1646 1636 bes-

258 1665 330 1708 tiae
372 1663 550 1706 marinae
586 1662 752 1720 positus
789 1664 920 1706 Jonas
957 1672 1130 1706 sanctus
1168 1663 1308 1707 oravit
1349 1681 1358 1707 :
1395 1664 1442 1706 in
1473 1663 1646 1708 inferno

256 1733 455 1778 Christus
480 1731 745 1776 descendens
768 1741 963 1776 mortuos
996 1732 1230 1777 suscitavit.
1275 1732 1419 1776 Tertio
1442 1731 1513 1776 die
1537 1736 1645 1778 Pro-

255 1805 388 1863 pheta
423 1802 559 1847 littori
584 1802 815 1847 incolumis
849 1812 913 1847 est
947 1802 1142 1848 redditus
1169 1822 1178 1849 :
1206 1802 1276 1847 die
1298 1802 1427 1848 tertio
1449 1803 1646 1848 Christus

256 1875 311 1919 de
333 1872 532 1932 sepulcro
554 1888 734 1932 surgens
751 1908 762 1927 ‚
798 1889 928 1933 super
948 1873 1081 1918 coelos
1104 1883 1167 1917 est
1188 1873 1415 1917 exaltatus.
1444 1874 1512 1917 Ad
1534 1888 1647 1932 prae-

255 1944 518 1989 dicationem
535 1946 660 1988 Jonae
679 1959 755 2003 per
771 1943 1076 2004 poenitentiam
1099 1942 1261 1987 salvata
1277 1952 1342 1987 est
1357 1942 1508 1987 civitas
1534 1962 1543 1987 :
1567 1958 1646 2002 per

255 2015 415 2061 Christi
438 2014 791 2075 praedicationem
818 2023 965 2060 sancta
985 2013 1227 2060 Jerusalem
1249 2012 1475 2074 redempta
1496 2022 1560 2058 est
1580 2014 1644 2059 ci·
1713 2052 1717 2066 ,

254 2087 379 2133 vitas·

314 2160 416 2202 VII:
440 2159 698 2217 Assumptus
716 2157 763 2200 in
780 2156 959 2201 coelum.
994 2175 1015 2199 «
1039 2156 1126 2210 Qui
1146 2155 1372 2200 descendit
1387 2188 1399 2209 ,
1424 2154 1484 2198 ait
1505 2157 1645 2213 Apos-

256 2247 276 2270 »
304 2229 418 2272 tolus
439 2263 450 2284 ‚
486 2229 576 2288 ipse
598 2237 662 2273 est
687 2238 730 2272 et
761 2229 838 2289 qui
867 2226 1060 2273 ascendit
1083 2242 1213 2286 super
1227 2236 1383 2270 'omnes
1406 2224 1541 2270 coelos
1556 2259 1568 2280 ‚
1594 2233 1646 2268 ut
1712 2269 1719 2272 Δ

256 2316 276 2339 »
303 2297 560 2358 adimpleret
602 2301 748 2345 omnia
767 2302 799 2344 ⁴.
825 2318 844 2340 »
885 2300 991 2352 Quis
1028 2307 1092 2342 est
1129 2297 1205 2356 qui
1237 2295 1496 2340 descendit?
1529 2298 1645 2339 Deus

254 2368 402 2411 homo.
440 2370 545 2422 Quis
581 2380 644 2414 est
676 2370 753 2430 qui
790 2368 1018 2414 ascendit?
1053 2368 1176 2412 Idem
1215 2366 1304 2424 ipse
1343 2368 1458 2409 Deus
1491 2365 1639 2409 homo.

308 2470 318 2485 1
347 2464 459 2495 Matth.
479 2476 535 2503 xli,
555 2467 598 2507 39
619 2472 651 2498 et
678 2466 732 2507 40.
759 2483 800 2489 -
819 2473 832 2488 ²
852 2465 935 2496 Psal.
957 2476 1052 2503 xvm,
1071 2464 1092 2494 (i
1112 2479 1152 2485 —
1173 2460 1186 2484 3
1203 2462 1251 2493 Id.
1271 2472 1333 2503 xv,
1356 2472 1406 2495 10.
1428 2478 1470 2484 —
1488 2457 1503 2488 4
1523 2459 1639 2502 EpheS.
1708 2466 1711 2471 ⁴

260 2530 301 2553 ν,
336 2531 384 2549 10.
