1729 3143
230 201 317 241 482
649 209 684 239 s.
718 208 949 240 Aucus-nm
979 211 1161 239 Enscom

224 292 365 323 meam
382 275 614 322 custodire.
639 276 777 321 Nemo
799 291 902 335 ergo
926 285 1067 335 potest
1083 276 1312 336 pervenire
1332 275 1389 320 ad
1410 277 1608 322 arborem

225 348 326 393 vitae
342 381 352 401 ‚
390 346 472 390 nisi
494 360 570 405 per
593 345 670 390 has
692 344 801 390 duas
819 381 831 401 ,
856 345 902 390 id
923 355 986 391 est
1006 380 1018 402 ,
1049 361 1127 405 per
1152 344 1428 392 tolerantiam
1448 345 1605 392 moles-

225 417 383 460 tiarum
403 449 414 470 ,
439 423 483 459 et
504 415 696 460 scientiae
713 415 1049 476 plenitudinem.

278 487 485 530 XXXVI.
509 485 593 531 Sed
614 487 886 532 tolerantiam
908 486 1207 531 molestiarum
1224 486 1429 532 omnibus
1449 485 1540 531 fere
1560 487 1609 531 in

220 554 301 598 hac
330 555 419 600 vita
445 555 675 602 subeunda
711 566 802 613 est,
827 557 1110 602 tendentibus
1147 556 1203 601 ad
1239 557 1439 602 arborem
1475 557 1605 602 vitae:
1666 546 1672 550 ⁸
1727 574 1729 588 ·

219 624 450 683 plenitudo
481 636 628 672 autem
649 628 840 673 scientiae
861 629 1034 674 videtur
1055 628 1333 688 paucioribus
1353 627 1607 688 provenire,

221 703 271 740 ut
292 697 414 755 quasi
434 712 526 741 non
547 713 697 743 omnes
717 699 792 759 qui
815 700 1075 758 perveniunt
1097 699 1153 743 ad
1170 699 1370 743 arborem
1387 698 1510 753 vitae,
1533 711 1611 756 per

217 766 407 810 scientiae
428 766 747 826 plenitudinem
767 770 971 825 veniant,
999 771 1196 829 quamvis
1232 785 1383 815 omnes
1413 767 1609 813 toleran-

216 835 321 879 tiam
343 835 639 882 molestiarum
656 873 667 893 ,
691 838 738 883 id
758 848 821 883 est
841 873 852 894 ,
878 840 1126 883 flammeam
1140 839 1346 883 frameam
1363 837 1621 883 versatilem?

215 906 419 952 sentiant.
448 909 534 952 Sed
556 909 591 951 si
613 909 868 952 attendatur
889 909 1011 968 quod
1033 910 1265 968 Apostolus
1287 910 1394 954 dicit
1418 928 1427 953 ε
1458 927 1477 950 «
1503 907 1605 952 Ple-

219 994 240 1018 »
266 976 423 1022 nitudo
444 987 591 1022 autem
619 978 725 1037 legis
746 1013 757 1034 ,
785 979 970 1023 charitas
986 982 997 1004 ¹
1019 1000 1030 1037 3
1058 997 1077 1021 υ
1110 988 1153 1024 et
1170 979 1392 1024 videamus
1410 977 1610 1023 eamdem

219 1064 240 1088 »
265 1048 520 1091 charitatem
551 1058 771 1109 praecepto
803 1048 879 1094 illo
910 1049 1084 1108 gemino
1118 1049 1331 1094 contineri
1363 1068 1372 1094 :
1408 1067 1429 1091 «
1454 1048 1611 1106 Diliges

220 1135 242 1159 »
268 1118 506 1162 Dominum
542 1121 681 1163 Deum
715 1128 843 1164 tuum
875 1135 927 1164 ex
956 1129 1049 1165 toto
1077 1119 1208 1164 corde
1229 1129 1334 1176 tuo,
1360 1128 1404 1164 et
1436 1135 1488 1164 ex
1519 1127 1612 1163 tota

220 1205 239 1228 »
267 1189 410 1232 anima
432 1197 507 1233 tua
529 1223 541 1244 ,
576 1198 619 1233 et
640 1204 691 1232 ex
712 1198 804 1234 tota
827 1199 975 1234 mente
994 1199 1070 1234 tua
1088 1210 1099 1248 3
1123 1199 1166 1234 et
1188 1189 1340 1247 diliges
1361 1189 1610 1248 proximum

220 1275 240 1299 »
266 1267 477 1318 tanquam
493 1268 536 1303 te
553 1259 697 1318 ipsum
713 1294 724 1315 ,
743 1260 790 1303 in
807 1261 967 1320 quibus
982 1260 1156 1304 duobus
1175 1259 1401 1319 praeceptis
1418 1268 1509 1303 tota
1523 1261 1612 1302 Lex

220 1345 241 1369 »
267 1328 454 1387 pendet,
477 1337 521 1373 et
543 1329 773 1389 Prophetae
789 1331 806 1354 ²
828 1349 837 1374 :
871 1350 889 1371 »
918 1330 1010 1373 sine
1033 1328 1309 1373 dubitatione
1331 1328 1613 1386 intelligimus

219 1397 276 1442 ad
297 1399 499 1443 arborem
519 1399 620 1444 vitae
641 1414 731 1443 non
753 1399 894 1443 solum
917 1414 994 1458 per
1021 1399 1243 1442 flammam
1275 1396 1484 1441 frameam
1512 1410 1614 1440 vcr-

220 1468 390 1514 satilem
407 1503 418 1525 ,
454 1470 501 1514 id
525 1478 617 1525 est,
642 1485 719 1529 per
750 1470 1026 1514 tolerantiam
1055 1467 1361 1528 temporalium
1394 1466 1615 1512 molestia-

221 1554 319 1583 rum
338 1574 350 1595 ,
375 1540 452 1584 sed
474 1540 606 1584 etiam
639 1555 715 1600 per
753 1539 1075 1600 plenitudinem
1103 1539 1317 1594 scientiae,
1342 1537 1389 1582 id
1417 1546 1511 1593 est,
1537 1550 1615 1596 per

224 1610 479 1655 charitatem
496 1611 634 1656 veniri
655 1629 664 1656 :
689 1628 711 1653 «
729 1612 843 1664 Quia
862 1611 897 1656 si
919 1610 1176 1656 charitatem
1193 1644 1205 1666 ,
1228 1608 1402 1670 inquit,
1426 1622 1517 1653 non
1534 1607 1616 1651 ha-

231 1698 252 1723 »
277 1682 430 1737 beam,
456 1682 568 1726 nihil
589 1696 687 1726 sum
703 1682 735 1726 3.
764 1699 786 1724 »
901 1668 906 1677 ’

284 1753 513 1796 XXXVII.
541 1752 627 1797 Sed
653 1752 699 1796 in
722 1753 805 1796 hoc
831 1765 1030 1795 sermone
1054 1750 1274 1810 pollicitus
1296 1764 1393 1794 sum
1413 1747 1617 1793 conside-

226 1823 440 1867 rationem
475 1838 620 1867 rerum
658 1822 873 1867 factarum
889 1857 900 1878 ,
927 1837 1061 1882 quam
1092 1830 1200 1882 puto
1237 1820 1494 1881 explicatam
1528 1839 1537 1862 :
1572 1827 1616 1863 et

231 1891 390 1938 deinde
412 1893 801 1939 considerationem
823 1894 1063 1953 prophetiae
1084 1927 1095 1947 ,
1136 1907 1236 1952 quae
1258 1899 1454 1935 remanet
1478 1889 1617 1949 expli-

231 1965 368 2008 canda
384 1967 476 2025 jam
496 1966 699 2010 breviter.
726 1966 872 2009 Posito
894 1964 1011 2008 enim
1035 1972 1245 2022 tanquam
1273 1963 1396 2021 signo
1425 1961 1620 2022 quodam

235 2034 464 2080 manifesto
480 2071 492 2092 ,
528 2051 618 2096 quo
649 2044 805 2080 caetera
826 2034 1070 2093 dirigantur
1086 2068 1097 2089 ,
1134 2048 1225 2077 non
1245 2031 1321 2076 diu
1347 2047 1426 2077 nos
1443 2067 1454 2087 ,
1480 2045 1622 2092 quan-

235 2114 331 2150 tum
352 2106 538 2151 arbitror
552 2141 563 2162 ,
587 2106 648 2150 ita
669 2105 956 2152 consideratio
978 2104 1207 2148 detinebit.
1228 2102 1339 2147 Dicit
1357 2104 1473 2146 enim
1488 2104 1621 2161 Apos-

237 2177 352 2223 tolus
383 2187 700 2223 sacramentum
738 2192 947 2237 magnum
986 2191 1076 2221 esse
1095 2209 1108 2231 ,
1153 2174 1274 2235 quod
1314 2174 1482 2219 dictum
1519 2181 1583 2217 est
1607 2190 1617 2216 ε

243 2268 264 2290 «
289 2253 471 2310 Propter
491 2251 576 2294 hoc
596 2249 813 2309 relinquet
831 2249 963 2292 homo
985 2255 1154 2307 patrem
1175 2254 1218 2290 et
1239 2253 1421 2289 matrem
1440 2279 1452 2300 ,
1477 2251 1521 2288 et
1541 2241 1621 2287 ad-

246 2338 266 2362 »
289 2322 475 2366 haerebit
493 2321 617 2366 uxori
633 2335 723 2365 suae
739 2354 751 2376 ,
776 2328 819 2364 et
834 2327 963 2363 erunt
979 2319 1069 2363 duo
1085 2317 1132 2361 in
1148 2331 1276 2361 carne
1291 2331 1379 2360 una
1393 2317 1408 2340 4
1429 2334 1438 2361 :
1462 2332 1483 2356 »
1503 2312 1623 2374 quod

245 2392 334 2450 ipse
348 2394 658 2452 interpretatur
674 2388 946 2450 subjiciendo
960 2407 971 2435 ;
992 2407 1013 2431 ι(
1028 2391 1122 2446 Ego
1136 2396 1281 2432 autem
1294 2384 1624 2431 dicoinChristo

297 2500 305 2516 ¹
326 2497 417 2527 Rom.
440 2505 509 2535 xui,
531 2505 580 2526 ιο.
613 2510 654 2516 -
683 2500 695 2515 ²
720 2492 833 2525 matth.
861 2502 939 2533 xxu,
960 2492 1012 2524 30.
1029 2507 1065 2513 —
1090 2488 1104 2513 3
1129 2501 1141 2522 1
1163 2491 1237 2522 Cor.
1263 2497 1334 2531 xiu,
1353 2496 1384 2520 2.
1403 2503 1444 2510 —
1469 2485 1486 2516 4
1507 2484 1624 2527 Ephes.

250 2559 289 2588 v,
316 2551 367 2581 32.
