1729 3143
455 250 509 275 DE
543 248 691 276 menno
724 245 936 284 Anum-1110,
971 245 1053 272 Lis.
1088 213 1160 275 ἦς’
1394 230 1476 269 393

165 317 261 359 LII.
289 316 376 359 Nec
397 314 643 358 mirandum
662 310 860 372 estquod
877 310 944 355 vel
961 308 1200 368 ignorando
1216 322 1305 352 non
1320 307 1480 350 habeat

104 378 329 429 arbitrium
352 384 539 427 liberum
561 382 795 427 voluntatis
813 381 867 424 ad
890 380 1132 438 eligendum
1158 377 1265 439 quid
1286 387 1400 422 recte
1418 376 1483 421 sa-

105 456 191 499 ciat
218 474 226 499 :
252 455 322 499 vel
347 455 566 498 resistente
601 451 759 497 carnali
793 450 1109 495 consuetudine
1127 485 1137 505 ‚
1162 465 1260 509 quae
1279 447 1485 493 violentia

105 524 297 569 mortalis
326 524 601 569 successionis
623 522 814 583 quodam
842 520 973 565 modo
1003 520 1257 564 naturaliter
1277 518 1483 573 inolevit,

104 595 248 640 videat
270 596 379 654 quid
411 604 526 639 recte
551 592 800 639 faciendum
823 592 901 646 sit,
927 600 971 635 et
989 590 1093 635 velit
1114 626 1124 646 ‚
1149 606 1229 635 nec
1255 590 1387 650 possit
1403 590 1488 633 im-

106 665 241 725 plere.
276 664 356 709 Illa
385 674 448 709 est
476 665 590 709 enim
613 663 780 724 peccati
808 677 939 722 poena
957 661 1218 722 justissima,
1244 670 1294 705 ut
1322 661 1491 704 amittat

113 737 297 797 quisque
318 751 405 796 quo
427 736 539 780 bene
561 737 625 780 uti
653 734 795 780 noluit
811 769 822 789 ‚
848 748 948 778 cum
976 733 1066 777 sine
1094 732 1184 776 ulla
1208 741 1350 792 posset
1373 731 1492 776 diffi-

106 807 268 852 cultate
285 842 296 862 ‚
321 807 354 852 si
376 806 522 852 vellet.
550 806 602 851 Id
620 815 683 850 est
700 815 845 850 autem
866 814 917 849 ut
938 804 1013 865 qui
1034 803 1169 848 sciens
1185 812 1301 847 recte
1317 817 1408 846 non
1423 801 1494 846 fa-

106 877 167 922 cit
184 913 194 932 ,
220 878 391 921 amittat
410 878 517 921 scire
534 877 641 936 quid
661 885 827 920 rectum
846 876 899 920 sit
921 894 930 920 ε
951 884 993 919 et
1011 875 1087 935 qui
1102 882 1217 918 recte
1237 871 1375 917 facere
1393 887 1495 916 cum

106 956 250 1007 posset
283 946 426 992 noluit
443 982 453 1001 ‚
492 948 660 990 amittat
682 960 806 1005 posse
828 958 928 988 cum
950 943 1070 987 velit.
1094 945 1204 987 Nam
1226 950 1327 986 sunt
1349 957 1497 987 revera

108 1018 227 1063 omni
248 1016 445 1076 peccanti
463 1016 619 1060 animae
637 1016 725 1060 duo
742 1016 822 1060 ista
843 1013 1035 1074 poenalia
1051 1048 1061 1068 ,
1086 1013 1329 1071 ignorantia
1352 1022 1396 1057 et
1412 1013 1498 1057 dif-

107 1087 277 1132 ficultas
292 1090 322 1131 1.
348 1105 367 1127 »
382 1087 454 1131 'Ex
470 1086 713 1145 ignorantia
728 1086 984 1130 dehonestat
999 1099 1118 1128 error
1134 1118 1146 1138 ‚
1170 1098 1223 1127 ex
1241 1082 1500 1128 difficultate

107 1158 324 1202 cruciatus
352 1157 520 1215 affligit.
550 1156 635 1201 Sed
657 1157 900 1215 approbare
922 1153 1027 1199 falsa
1043 1170 1123 1214 pro
1143 1154 1256 1198 veris
1274 1188 1285 1208 ‚
1311 1162 1361 1197 ut
1388 1163 1502 1198 erret

108 1228 271 1272 invitus
288 1261 300 1282 ‚
324 1236 368 1271 et
384 1227 608 1270 resistente
631 1235 762 1285 atque
784 1234 1018 1285 torquente
1035 1224 1185 1269 dolore
1208 1224 1388 1268 carnalis
1409 1224 1504 1269 vin-

110 1298 224 1353 culi,
250 1312 339 1342 non
360 1312 484 1357 posse
505 1312 529 1340 a
551 1294 794 1340 libidinosis
817 1296 1021 1355 operibus
1038 1304 1279 1354 temperare
1296 1328 1307 1348 ‚
1331 1309 1422 1338 non
1439 1303 1504 1338 est

111 1379 269 1413 natura
290 1367 477 1411 instituti
497 1366 710 1421 hominis,
736 1365 811 1410 sed
833 1381 965 1425 poena
987 1365 1197 1409 damnati.
1224 1367 1336 1410 Cum
1359 1373 1504 1409 autem

110 1439 165 1482 de
187 1437 323 1482 libera
343 1436 571 1481 voluntate
593 1444 708 1480 recte
731 1434 921 1480 faciendi
942 1435 1166 1496 loquimur
1183 1470 1194 1490 ‚
1219 1435 1275 1479 de
1295 1434 1369 1479 illa
1390 1434 1505 1479 scili-

112 1516 207 1563 cet,
238 1508 284 1551 in
304 1522 390 1567 qua
414 1507 548 1550 homo
571 1504 711 1550 factus
733 1514 824 1560 est,
848 1505 1088 1565 loquimur.

171 1580 293 1622 LIII.
320 1578 401 1622 Hic
425 1576 613 1621 occurrit
634 1574 709 1621 illa
733 1575 915 1635 quaestio
931 1610 943 1632 ,
969 1590 1101 1636 quam
1117 1575 1230 1619 inter
1251 1590 1296 1619 se
1313 1589 1508 1620 murmu-

114 1656 258 1693 rantes
282 1648 480 1692 homines
497 1646 650 1692 rodere
667 1656 1010 1702 consueverunt,
1044 1647 1121 1706 qui
1138 1646 1369 1707 quodlibet
1388 1646 1508 1691 aliud

116 1718 163 1761 in
185 1717 410 1777 peccando
430 1733 561 1776 quam
583 1732 627 1761 se
649 1732 849 1761 accusare
872 1717 1012 1776 parati
1030 1725 1148 1760 sunt.
1174 1716 1336 1761 Dicunt
1361 1716 1506 1767 enimaz

126 1788 169 1832 Si
191 1787 332 1831 Adam
360 1796 403 1831 et
432 1790 524 1831 Eva
553 1795 868 1846 peccaverunt,
893 1786 1001 1846 quid
1021 1801 1100 1830 nos
1126 1786 1271 1830 miseri
1295 1785 1476 1831 fecimus
1495 1821 1506 1842 ‚

119 1868 170 1904 ut
185 1874 285 1904 cum
303 1859 558 1918 ignorantiae
575 1859 770 1904 caecitate
787 1867 830 1902 et
851 1856 1120 1902 difficultatis
1134 1857 1395 1902 cruciatibus
1412 1873 1513 1902 nas·

120 1944 343 1984 ceremur,
368 1939 412 1974 et
432 1930 574 1988 primo
597 1944 838 1974 erraremus
860 1929 1098 1973 nescientes
1123 1927 1232 1988 quid
1254 1928 1380 1973 nobis
1403 1937 1511 1973 esset

120 1999 372 2045 faciendum
391 2020 402 2057 3
429 1999 588 2043 deinde
612 1999 687 2043 ubi
711 1999 837 2044 nobis
859 1999 1103 2058 inciperent
1124 1998 1278 2058 aperiri
1295 2007 1512 2058 praecepta

118 2070 298 2131 justitiae
313 2105 324 2125 ‚
349 2068 560 2131 vellemus
587 2084 636 2113 ea
664 2068 828 2124 facere,
848 2077 891 2113 et
910 2069 1124 2114 renitente
1146 2068 1329 2113 carnalis
1346 2084 1513 2114 concu-

122 2142 343 2202 piscentiae
371 2141 516 2185 nescio
544 2155 631 2200 qua
653 2141 905 2185 necessitate
933 2156 1022 2186 non
1047 2140 1318 2185 valeremus?
1340 2140 1513 2194 Quibus

124 2213 313 2258 breviter
348 2212 637 2272 respondetur
679 2221 730 2256 ut
762 2212 989 2271 quiescant
1007 2235 1027 2267 ,⁷
1057 2221 1100 2256 et
1135 2211 1339 2257 adversus
1373 2214 1513 2255 Deum

126 2299 399 2329 murmurare
419 2283 643 2328 desistant.
668 2285 803 2327 Recte
830 2283 945 2327 enim
972 2282 1152 2328 fortasse
1181 2291 1509 2344 quaererentur,

127 2355 161 2399 si
172 2355 327 2398 erroris
344 2363 387 2398 et
404 2353 594 2398 libidinis
612 2353 758 2398 nullus
774 2354 1002 2398 hominum
1019 2354 1158 2399 victor
1173 2355 1392 2409 existeret,
1409 2368 1511 2398 cum

128 2440 230 2470 vero
250 2424 413 2484 ubique
429 2424 483 2468 sit
498 2439 684 2483 praesens
702 2459 712 2479 ‚
745 2424 821 2484 qui
838 2424 987 2469 multis
1009 2423 1148 2469 modis
1171 2439 1248 2484 per
1269 2433 1510 2468 creaturam

130 2495 209 2540 sibi
247 2495 432 2539 Domino
463 2495 720 2540 servientem
752 2510 947 2541 aversum
975 2504 1128 2550 vocet,
1152 2495 1306 2540 doceat
1326 2494 1509 2540 creden-

176 2582 189 2602 ῐ
206 2579 285 2613 Vide
306 2588 319 2610 1
339 2583 483 2613 Reti-act.
502 2589 575 2623 cap.
595 2590 643 2621 ix,
658 2591 689 2612 n.
712 2580 742 2612 3.
