1729 3143
217 208 298 247 398
645 214 678 243 s.
714 214 945 243 Aucusnm
975 216 1157 245 muscom

213 283 421 329 cultatem
440 280 640 326 studiosis
661 288 705 324 et
725 280 945 325 benevolis
973 279 1278 336 evincendam,
1307 281 1364 326 ad
1384 297 1588 328 coronam

214 353 361 413 gloriae
384 350 530 416 yalere
557 359 779 408 praestaret
802 366 813 393 z
837 350 1156 410 negligentibus
1179 361 1322 396 autem
1352 361 1395 396 et
1415 363 1591 411 peccata

213 439 287 467 sua
309 420 634 486 de'intirmitate
655 419 889 465 defendere
908 421 1178 476 volentibus,
1201 437 1291 466 non
1311 422 1446 482 ipsam
1468 424 1593 481 igno-

212 493 394 537 rantiam
416 490 806 553 difficultatemque
827 508 906 552 pro
928 493 1108 538 crimine
1129 493 1365 554 objiceret,
1395 494 1468 538 sed
1492 494 1593 554 quia

212 563 258 606 in
275 562 333 606 eis
353 563 496 622 potius
517 579 783 623 permanere,
807 579 939 623 quam
955 563 1100 609 studio
1116 563 1343 626 quaerendi
1359 574 1488 624 atque
1505 564 1594 609 dis-

212 632 368 688 cendi,
390 624 433 677 et
454 633 698 678 humilitate
724 635 961 678 confitendi
984 644 1116 695 atque
1141 634 1323 690 orandi,
1357 635 1412 679 ad
1438 635 1596 679 verita-

211 711 299 747 tem
322 718 372 747 ac
400 702 650 749 facilitatem
681 706 906 764 pervenire
937 705 1198 763 voluerunt,
1230 708 1348 767 justo
1381 705 1596 766 supplicio

209 773 466 819 vindicaret.

268 846 383 889 LIX.
420 847 585 889 Harum
617 853 763 889 autem
792 854 981 905 quatuor
1005 845 1061 890 de
1082 847 1223 892 anima
1247 849 1560 892 sententiarum
1581 880 1608 902 ,ν

210 923 358 959 utrum
390 915 444 959 de
477 918 714 974 propagine
742 917 916 959 veniant
935 951 947 971 ,
973 932 1028 960 an
1051 917 1098 961 in
1130 918 1309 976 singulis
1346 919 1597 977 quibusque

208 985 485 1030 nascentibus
515 1000 637 1028 novae
668 985 802 1038 fiant,
836 1001 891 1029 an
922 985 969 1029 in
1000 1001 1182 1045 corpora
1211 987 1482 1031 nascentium
1509 988 1599 1046 jam

208 1056 368 1101 alicubi
390 1056 615 1100 existentes
637 1055 707 1099 vel
729 1055 961 1100 mittantur
983 1055 1190 1101 divinitus
1206 1091 1217 1111 ‚
1241 1057 1312 1101 vel
1341 1072 1417 1101 sua
1442 1065 1597 1116 sponte

206 1126 437 1182 labantur,
464 1126 628 1170 nullam
659 1135 820 1170 temere
849 1127 1065 1171 affirmare
1087 1127 1322 1186 oportebit.
1355 1130 1446 1172 Aut
1479 1126 1596 1170 enim

208 1198 406 1243 nondum
434 1198 512 1242 ista
553 1198 736 1257 quaestio
772 1213 796 1241 a
829 1196 1078 1241 divinorum
1102 1198 1337 1242 Librorum
1369 1196 1595 1242 catholicis

205 1269 510 1314 tractatoribus
532 1284 610 1328 pro
634 1268 788 1312 merito
809 1283 899 1312 suae
921 1268 1195 1313 obscuritatis
1222 1276 1266 1312 et
1299 1268 1593 1328 perplexitatis

207 1340 380 1386 evoluta
404 1349 533 1400 atque
555 1338 765 1384 illustrata
789 1347 852 1383 est
873 1357 883 1384 z
908 1349 984 1383 aut
1004 1340 1038 1383 si
1054 1340 1144 1399 jam
1167 1338 1332 1383 factum
1355 1348 1420 1384 est
1439 1374 1451 1394 ,
1476 1354 1593 1384 non-

206 1411 311 1456 dum
329 1412 374 1455 in
394 1426 548 1455 manus
569 1420 736 1455 nostras
757 1410 1058 1470 hujuscemodi
1082 1410 1259 1454 Litterae
1280 1419 1591 1470 pervenerunt.

206 1485 395 1527 Tantum
413 1482 524 1526 adsit
540 1480 647 1525 fides
663 1479 773 1524 nihil
787 1480 841 1524 de
862 1480 1099 1524 substantia
1116 1481 1333 1526 Creatoris
1351 1480 1511 1525 falsum
1529 1481 1596 1525 in-

204 1552 474 1613 dignumque
512 1551 741 1597 sentiendi.
780 1551 848 1596 Ad
881 1551 1004 1596 illum
1037 1552 1154 1596 enim
1185 1551 1406 1597 tendimus
1437 1553 1594 1596 itinere

204 1625 390 1684 pietatis.
419 1624 461 1670 Si
479 1638 580 1682 ergo
605 1622 726 1668 aliud
748 1622 802 1666 de
821 1622 896 1667 illo
909 1623 1168 1668 senserimus
1180 1639 1313 1683 quam
1332 1632 1421 1680 est,
1446 1623 1594 1667 inten-

206 1696 267 1740 tio
294 1705 439 1740 nostra
466 1711 555 1740 non
582 1695 627 1738 in
656 1694 904 1737 beatitatem
921 1729 932 1749 ,
968 1694 1045 1738 sed
1079 1695 1126 1738 in
1157 1695 1394 1739 vanitatem
1425 1710 1502 1739 nos
1530 1695 1593 1738 ire

205 1765 452 1825 compellet.
475 1769 536 1809 De
555 1773 749 1809 creatura
767 1779 869 1807 vero
884 1764 919 1807 si
937 1764 1045 1823 quid
1067 1763 1190 1807 aliter
1206 1779 1338 1824 quam
1354 1779 1444 1808 sese
1459 1765 1594 1809 habet

206 1836 488 1890 senserimus,
519 1834 760 1894 dummodo
792 1849 877 1877 non
912 1833 957 1877 id
986 1849 1063 1891 pro
1092 1834 1269 1892 cognito
1296 1844 1591 1894 perceptoque

208 1914 432 1950 teneamus
449 1939 460 1960 ,
496 1903 669 1948 nullum
697 1904 939 1962 periculum
969 1912 1047 1946 est.
1078 1905 1176 1948 Non
1201 1904 1314 1947 enim
1341 1903 1395 1947 ad
1417 1913 1590 1947 creatu-

208 1992 299 2020 ram
325 1976 534 2036 jubemur
566 1973 744 2019 tendere
766 1983 816 2017 ut
838 1973 1079 2017 efficiamur
1102 1973 1243 2029 beati,
1275 1972 1350 2018 sed
1373 1973 1427 2018 ad
1449 1975 1591 2033 ipsum

207 2049 456 2092 Creatorem
478 2065 487 2092 :
513 2045 568 2090 de
585 2061 674 2106 quo
695 2045 729 2090 si
749 2043 867 2089 aliud
889 2058 1021 2104 quam
1044 2052 1217 2102 oportet
1245 2059 1294 2088 ac
1321 2059 1411 2088 sese
1431 2059 1497 2088 res
1517 2045 1591 2089 ha·

206 2117 281 2162 bet
294 2154 304 2173 ,
330 2118 455 2163 nobis
473 2116 772 2177 persuadetur,
793 2114 1153 2175 perniciosissimo
1167 2130 1312 2159 errore
1329 2115 1586 2174 decipimur.

209 2189 278 2234 Ad
299 2191 382 2235 hoc
402 2190 518 2234 enim
540 2187 783 2249 pergendo,
811 2186 931 2248 quod
952 2195 1027 2231 aut
1049 2202 1138 2231 non
1160 2196 1246 2241 est,
1269 2195 1342 2230 aut
1361 2187 1396 2230 si
1417 2196 1481 2231 est
1502 2202 1592 2231 non

209 2257 313 2305 facit
333 2261 482 2305 beatos
501 2295 512 2316 ,
538 2260 593 2304 ad
616 2259 786 2303 beatam
808 2258 940 2302 vitam
961 2255 1108 2301 nullus
1128 2257 1351 2315 pervenire
1372 2264 1527 2315 potest.

268 2334 361 2376 Lx.
399 2332 482 2377 Sed
505 2331 559 2375 ad
582 2329 960 2389 contemplandam
983 2327 1174 2372 veritatis
1193 2327 1478 2371 aeternitatem
1497 2361 1508 2381 ,
1541 2334 1590 2369 ut

212 2416 259 2444 ea
277 2402 442 2461 perfrui
463 2403 589 2462 eique
606 2401 817 2444 inhaerere
837 2399 1077 2452 valeamus,
1097 2399 1333 2442 infirmitati
1347 2406 1504 2442 nostrae
1520 2395 1588 2440 via

213 2469 267 2514 de
284 2471 593 2532 temporalibus
610 2479 839 2531 procurata
856 2478 941 2524 est,
967 2477 1017 2513 ut
1033 2478 1249 2529 quantum
1266 2467 1407 2512 itineri
1428 2465 1588 2512 sufficit

215 2539 272 2585 ad
305 2552 467 2587 aeterna
500 2541 803 2597 tendentium,
839 2540 1057 2601 praeterita
1079 2548 1123 2584 et
1156 2539 1305 2584 futura
1341 2536 1583 2583 credamus.
