1729 3143
213 223 238 260 4
646 232 677 259 s.
715 232 943 260 aueusrmi
977 233 1157 261 Emscol’i

207 306 285 341 est.
315 300 423 342 Nam
444 297 478 341 si
502 306 710 356 tanquam
732 305 880 340 nostra
901 297 981 341 ista
1003 299 1260 356 cogitemuS,
1296 298 1341 340 in
1365 298 1441 342 illo
1471 296 1592 342 nulla

206 375 321 410 sunt.
346 366 465 412 Nihil
487 367 602 410 enim
621 365 779 409 horum
795 380 873 410 nos
889 366 981 410 sine
1002 366 1197 410 molestia
1218 367 1426 411 sentimus
1447 387 1456 411 z
1482 367 1593 410 absit

205 446 351 480 autem
368 446 417 481 ut
435 435 741 494 impassibilem
765 436 842 479 Dei
865 445 1064 480 naturam
1085 438 1253 496 perpeti
1275 436 1409 480 ullam
1434 436 1595 481 moles-

205 508 310 552 tiam
325 509 607 569 suspicemur.
628 507 747 551 Sicut
766 516 910 551 autem
929 507 1040 552 zelat
1053 508 1143 551 sine
1159 507 1306 566 aliquo
1324 507 1474 559 livore,
1495 505 1597 548 iras-

203 578 316 622 citur
335 579 425 621 sine
448 577 592 637 aliqua
613 578 962 636 perturbatione,
987 579 1215 622 miseretur
1238 577 1328 619 sine
1347 575 1492 634 aliquo
1516 574 1597 618 do-

204 646 310 701 lore,
332 647 518 705 poenitet
535 662 634 691 eum
649 647 739 690 sine
754 645 933 706 alicujus
950 663 1039 690 suae
1056 646 1277 705 pravitatis
1295 645 1565 689 correctione
1583 663 1591 688 2

204 717 264 760 ita
275 724 339 760 est
347 716 513 774 patiens
522 717 612 760 sine
621 716 709 760 ulla
719 717 930 775 passione.
943 719 1068 761 Nunc
1080 718 1226 775 itaque
1237 716 1425 759 humana
1436 714 1598 772 patien-

206 787 281 841 tia,
298 800 430 844 quam
446 801 598 845 capere
611 801 855 845 possumus,
872 795 914 830 et
928 787 1088 830 habere
1107 786 1331 840 debemus,
1353 782 1598 843 cujusmodi

207 856 277 910 sit,
303 865 517 915 quantum
533 857 740 901 Dominus
752 857 923 911 tribuit,
943 866 986 901 et
1000 866 1215 916 quantum
1232 856 1395 915 patitur
1412 854 1599 898 brevitas

204 927 429 983 praesentis
451 927 659 970 sermonis
676 962 686 981 ,
711 926 949 985 expediam.

268 999 327 1040 ΙΙ.
365 997 575 1040 Patientia
591 996 795 1050 hominis,
817 1011 916 1055 quae
934 1005 1049 1039 recta
1072 1004 1137 1039 est
1159 1004 1289 1053 atque
1310 992 1539 1036 laudabilis
1556 1000 1600 1035 et

207 1065 423 1109 vocabulo
455 1065 582 1123 digna
616 1065 803 1119 virtutis,
837 1080 885 1109 ea
915 1064 1172 1123 perhibetur
1194 1080 1280 1124 qua
1303 1078 1431 1122 aequo
1454 1063 1599 1106 animo

206 1134 321 1178 mala
355 1134 604 1190 toleramus,
640 1150 696 1178 ne
724 1135 869 1178 animo
895 1134 1048 1191 iniquo
1082 1135 1198 1173 bona
1230 1133 1492 1186 deseramus,
1524 1146 1600 1190 per

204 1220 305 1260 qua:
320 1206 376 1243 ad
389 1206 566 1244 uxellora
583 1206 900 1258 perveniamus.
920 1208 1192 1258 Quapropter
1208 1200 1481 1258 impatientes
1495 1202 1601 1243 dum

205 1269 319 1314 mala
353 1269 445 1328 pati
477 1268 650 1323 nolunt,
679 1284 768 1313 non
790 1269 986 1313 efficiunt
1007 1279 1057 1313 ut
1080 1285 1102 1312 a
1125 1269 1246 1312 malis
1274 1279 1499 1324 eruantur,
1527 1268 1602 1313 sed

207 1348 257 1383 ut
274 1338 388 1384 mala
407 1339 602 1398 graviora
619 1339 854 1398 patiantur.
876 1339 1094 1384 Patientes
1116 1349 1262 1384 autem
1279 1340 1356 1400 qui
1374 1339 1486 1383 mala
1504 1355 1598 1384 ma-

207 1409 308 1453 lunt
331 1424 422 1453 non
442 1408 757 1453 committendo
779 1408 908 1463 ferre,
929 1424 1061 1468 quam
1079 1425 1168 1453 non
1191 1409 1373 1454 ferendo
1397 1411 1599 1454 commit-

207 1488 316 1533 tere,
340 1488 385 1523 et
404 1479 567 1523 leviora
589 1477 756 1523 faciunt
778 1495 877 1538 quae
899 1494 977 1538 per
998 1480 1252 1538 patientiam
1284 1481 1525 1539 patiuntur,
1559 1489 1603 1524 et.

208 1550 356 1608 pejora
399 1548 592 1593 evadunt
629 1549 790 1608 quibus
822 1564 900 1608 per
931 1550 1247 1608 impatientiam
1284 1560 1597 1608 mergerentur.

209 1620 330 1662 Bona
347 1631 450 1662 vero
473 1626 635 1661 aeterna
657 1627 700 1661 et
721 1632 876 1675 magna
894 1633 984 1662 non
1003 1618 1209 1676 perdunt,
1230 1618 1335 1662 dum
1353 1619 1475 1662 malis
1496 1629 1603 1663 tem-

210 1686 432 1748 poralibus
453 1687 747 1746 brevibusque
769 1702 859 1731 non
881 1687 1071 1731 cedunt:
1111 1707 1130 1729 «
1158 1689 1374 1741 Quoniam
1391 1704 1480 1733 non
1501 1698 1603 1733 sunt

213 1777 235 1799 »
272 1757 500 1816 condignae
540 1758 757 1817 passiones
791 1758 923 1817 hujus
954 1759 1158 1816 temporis
1174 1793 1184 1812 ‚
1221 1759 1334 1802 sicut
1369 1760 1603 1818 Apostolus

215 1848 236 1871 »
271 1828 377 1874 dicit
394 1863 405 1883 ,
430 1828 484 1872 ad
507 1827 701 1872 futuram
720 1828 901 1885 gloriam
917 1844 1017 1888 quae
1035 1828 1299 1873 revelabitur
1321 1830 1364 1872 in
1384 1830 1509 1874 nobis
1525 1834 1553 1873 ¹.
1577 1848 1596 1871 »

212 1902 270 1944 Et
303 1900 461 1942 iterum
489 1899 578 1943 ait:
599 1917 619 1939 «
638 1898 766 1951 Quod
789 1908 852 1942 est
875 1898 1113 1957 temporale
1136 1908 1178 1942 et
1195 1899 1288 1943 leve
1312 1899 1601 1944 tribulationis

214 1987 237 2011 »
272 1979 445 2024 nostrae,
462 1969 819 2013 inincredibilem
837 1969 1018 2013 modum
1037 1979 1249 2013 aeternum
1267 1969 1415 2028 gloriae¹
1433 1970 1602 2029 pondus

217 2059 238 2082 »
273 2050 477 2100 operatur
495 2040 662 2084 nobis2.
685 2059 704 2081 »

272 2114 356 2155 ΙΙΙ.
395 2114 649 2156 Intueamur
665 2125 783 2169 ergo,
805 2110 1055 2164 charissimi,
1075 2120 1238 2169 quanta
1259 2110 1303 2153 in
1320 2110 1542 2154 laboribus
1560 2119 1603 2153 et

214 2179 439 2225 doloribus
460 2180 657 2224 homines
675 2178 782 2223 dura
806 2180 1060 2233 sustineant,
1082 2195 1160 2238 pro
1181 2180 1309 2223 rebus
1326 2195 1431 2238 quas
1449 2179 1601 2223 vitiose

213 2250 418 2309 diligunt,
445 2260 488 2295 et
510 2259 675 2310 quanto
697 2265 740 2293 se
763 2249 827 2292 his
850 2248 1060 2293 feliciores
1078 2250 1170 2292 fieri
1194 2258 1364 2307 putant,
1391 2258 1512 2291 tanto
1530 2249 1600 2291 in-

213 2319 381 2365 felicius
414 2322 741 2379 concupiscunt.
774 2323 942 2371 Quanta
976 2334 1054 2377 pro
1086 2318 1201 2362 falsis
1235 2318 1408 2371 divitiis,
1436 2327 1599 2377 quanta

217 2406 296 2449 pro
330 2392 449 2434 vanis
487 2390 741 2444 honoribus,
777 2397 941 2448 quanta
973 2404 1052 2447 pro
1087 2386 1262 2431 ludicris
1296 2387 1600 2432 affectionibus

218 2460 570 2519 periculosissima
603 2470 645 2504 et
678 2458 971 2503 molestissima
1003 2458 1307 2517 patientissime
1339 2458 1595 2501 tolerantur.

266 2550 275 2566 ¹
304 2546 394 2576 Rom.
414 2555 482 2584 vm,
509 2547 556 2575 28.
582 2559 614 2566 m
630 2550 641 2565 ²
662 2552 680 2573 2
702 2544 772 2573 Cor.
796 2553 838 2582 ιν,
863 2552 910 2582 17·
