1729 3143
198 201 284 241 560
630 213 665 242 5.
702 212 933 242 Aucus-rim
965 216 1144 244 EPISCOPI

197 295 270 325 vos
292 281 451 334 dicere,
479 280 556 324 ubi
586 281 666 325 erit
695 281 978 326 memorabile
1008 282 1092 327 oris
1121 282 1425 341 signaculum?
1448 287 1581 330 Docet

195 351 311 394 enim
331 350 455 405 ratio,
480 364 560 395 nec
577 365 678 395 sane
702 351 940 407 recondita,
965 353 1041 396 sed
1063 352 1110 396 in
1130 362 1340 412 promptu
1354 353 1434 398 sita
1452 363 1495 398 et
1509 369 1582 398 exa

194 421 331 480 posita
351 421 549 465 omnium
569 420 801 477 intellecti,
827 422 903 468 sed
923 423 1084 468 invicta
1107 432 1150 467 et
1172 439 1223 468 eo
1242 424 1445 469 invictior
1462 424 1583 486 quod

194 505 287 534 eam
311 506 441 536 nemo
457 492 655 550 ignorare
683 493 971 550 permittitur,
1002 497 1141 538 Deum
1164 510 1253 539 esse
1274 495 1582 555 incorruptibi-

194 561 296 617 lem,
316 561 738 620 incommutabilem,
762 564 1076 621 inviolabilem,
1097 566 1142 610 in
1165 582 1297 626 quem
1328 566 1449 611 nulla
1468 567 1584 611 indi—

196 632 357 691 gentia,
383 632 504 678 nulla
525 633 814 689 imbecillitas,
835 634 955 680 nulla
974 636 1142 680 miseria
1160 636 1314 681 cadere
1333 637 1482 696 possit.
1506 639 1587 682 Us-

194 718 281 762 que
304 701 413 748 adeo
436 713 582 749 autem
603 704 682 749 ista
711 706 850 749 omnis
879 706 1021 750 anima
1045 707 1266 751 rationalis
1296 708 1587 752 communiter

196 774 326 819 sentit
343 795 354 832 3
378 784 428 819 ut
448 775 579 820 etiam
593 791 670 821 vos
692 792 793 821 cum
811 776 1035 833 dicuntur,
1057 779 1275 823 annuatis.

255 847 379 890 XXI.
417 845 502 891 Sed
535 862 635 891 cum
669 846 837 890 fabulas
865 856 1026 893 vestras
1060 864 1234 893 narrare
1269 849 1517 909 coeperitis,
1547 858 1591 893 et

198 916 544 976 corruptibilem,
563 926 606 961 et
619 917 992 972 commutabilem,
1005 918 1165 962 etviola
1173 917 1301 962 bilem
1311 953 1321 973 ,
1333 929 1375 964 et
1390 919 1592 978 indigen-

199 986 271 1030 tiae
293 986 549 1031 obnoxium:
575 995 618 1030 et
633 985 977 1031 imbecillitatem
999 987 1320 1043 admittentem,
1347 997 1390 1033 et
1413 1005 1435 1032 a
1462 989 1591 1033 mise-

200 1057 261 1101 ria
284 1072 373 1102 non
395 1066 541 1101 tutum
564 1060 702 1101 Deum
733 1058 838 1102 mira
873 1059 1067 1102 caecitate
1094 1059 1274 1118 possessi
1302 1058 1513 1115 suadetis,
1549 1069 1593 1105 et

201 1127 307 1171 mira
336 1128 528 1172 caecitate
548 1128 749 1188 possessis
771 1129 899 1172 etiarn
921 1129 1204 1188 persuadetis
1235 1133 1382 1190 Atque
1405 1131 1487 1175 hoc
1513 1146 1591 1190 pa-

202 1213 297 1242 rum
321 1206 414 1243 est:
440 1214 528 1244 non
552 1199 669 1243 enim
691 1198 1021 1259 corruptibilem
1055 1209 1228 1244 tantum
1258 1203 1398 1245 Deum
1432 1200 1589 1256 dicitis,

201 1268 276 1312 sed
298 1278 551 1329 corruptum
573 1285 681 1327 ,nec
699 1278 742 1314 et
754 1269 1127 1326 commutabilem,
1149 1269 1223 1315 sed
1241 1279 1559 1315 commutatum
1578 1291 1589 1328 3

203 1355 284 1384 nec
306 1338 570 1395 violabilem,
595 1341 671 1385 sed
695 1339 928 1397 violatum,
953 1356 1033 1385 nec
1054 1340 1131 1400 qui
1152 1340 1285 1399 possit
1305 1340 1594 1400 indigentiam

205 1411 309 1470 pati,
334 1410 409 1456 sed
427 1411 721 1471 indigentem,
742 1427 821 1457 nec
840 1412 885 1455 in
905 1427 1034 1472 quem
1054 1427 1203 1456 casura
1218 1412 1286 1466 sit,
1311 1411 1383 1456 sed
1401 1411 1448 1456 in
1460 1427 1591 1472 quem

204 1480 410 1525 ceciderit
432 1481 730 1537 imbecillitas,
756 1497 835 1525 nec
857 1482 933 1541 qui
959 1481 1088 1526 miser
1109 1497 1199 1526 esse
1222 1482 1377 1541 possit,
1407 1481 1481 1526 sed
1511 1482 1595 1525 rni-

204 1567 363 1596 serum.
390 1551 591 1596 Animam
610 1552 772 1612 quippe
798 1555 937 1596 Deum
959 1567 1048 1596 esse
1069 1551 1209 1597 dicitis
1230 1552 1300 1597 vel
1318 1561 1482 1612 partem
1500 1553 1593 1597 Dei.

205 1625 293 1668 Nec
315 1621 442 1667 video
463 1622 686 1682 quomodo
709 1625 823 1666 Deus
845 1638 934 1667 non
956 1623 1030 1677 sit,
1056 1639 1156 1682 quae
1180 1638 1277 1682 pars
1302 1623 1378 1667 Dei
1406 1622 1565 1667 dicitur
1584 1641 1593 1667 z

207 1708 308 1736 nam
325 1701 368 1737 et
385 1693 478 1736 auri
500 1708 598 1752 pars
626 1707 797 1746 aurum,
833 1701 876 1736 et
904 1692 1072 1751 argenti
1094 1702 1341 1752 argentum,
1367 1701 1411 1737 et
1441 1692 1597 1752 lapidis

206 1763 314 1822 lapis
341 1781 350 1807 :
375 1771 419 1806 et
449 1771 499 1806 ut
527 1762 581 1806 ad
613 1764 705 1806 haec
737 1763 898 1821 majora
927 1763 1176 1817 veniamus,
1209 1778 1305 1821 pars
1327 1771 1454 1806 terrae
1485 1772 1598 1806 terra

209 1841 298 1886 est,
327 1841 371 1876 et
397 1847 521 1892 aquae
543 1847 640 1891 pars
663 1847 798 1892 aqua,
824 1841 867 1876 et
891 1832 996 1876 aeris
1034 1835 1128 1887 ae'r,
1165 1841 1208 1876 et
1235 1833 1269 1875 si
1293 1831 1400 1891 quid
1424 1832 1478 1876 de
1501 1832 1600 1890 igne

209 1903 458 1957 detraxeris,
484 1903 631 1962 ignem
655 1917 743 1946 esse
766 1917 855 1947 non
876 1902 1069 1960 negabis,
1093 1911 1136 1946 et
1153 1901 1361 1962 quaelibet
1378 1917 1475 1961 pars
1491 1902 1600 1947 lucis

211 1973 319 2017 nihil
344 1981 485 2033 potest
507 1987 596 2017 esse
619 1971 738 2016 aliud
762 1987 894 2032 quam
917 1971 1005 2016 lux.
1032 1974 1122 2017 Cur
1149 1988 1253 2031 ergo
1282 1988 1379 2032 pars
1402 1973 1479 2017 Dei
1510 1989 1601 2018 non

209 2045 292 2089 erit
306 2045 446 2089 Deus?
461 2047 530 2090 An
545 2042 771 2088 articulata
788 2044 864 2088 Dei
877 2032 1018 2088 forma
1035 2052 1097 2088 est
1112 2078 1123 2099 ,
1145 2044 1255 2088 sicut
1275 2044 1462 2089 hominis
1474 2078 1484 2098 ,
1503 2043 1601 2088 reli-

210 2130 488 2175 quorumque
506 2114 819 2159 animantium?
840 2129 940 2158 nam
954 2130 1049 2173 pars
1067 2115 1254 2159 hominis
1269 2123 1430 2159 nonest
1450 2115 1597 2160 homo.

268 2187 415 2231 XXII.
454 2185 538 2230 Sed
561 2183 615 2228 ad
636 2184 877 2244 quamlibet
894 2185 1073 2228 istarum
1092 2185 1348 2244 opinionum
1365 2184 1598 2240 descendo,

211 2266 254 2301 et
277 2255 528 2316 singillatim
550 2264 783 2314 utramque
807 2253 1048 2299 considero.
1073 2257 1181 2300 Nam
1207 2256 1241 2300 si
1270 2258 1408 2299 Deum
1432 2255 1490 2299 ita
1513 2270 1602 2299 esse

212 2327 343 2372 vultis
365 2335 415 2371 ut
432 2325 590 2380 lucem,
617 2341 815 2370 recusare
837 2341 926 2369 non
952 2326 1128 2384 potestis
1146 2328 1283 2370 Deum
1305 2341 1392 2369 esse
1414 2326 1599 2385 aliquam

213 2408 379 2456 partem
406 2399 495 2442 Dei.
522 2398 816 2451 Quamobrem
847 2412 947 2440 cum
987 2406 1151 2454 partem
1187 2398 1264 2440 Dei
1294 2413 1383 2441 esse
1413 2397 1601 2440 animam

212 2469 378 2523 dicitis,
402 2483 535 2529 quam
557 2483 646 2512 non
668 2468 832 2526 negatis
860 2477 902 2510 et
926 2476 1176 2526 corruptam
1196 2482 1307 2521 esse,
1345 2483 1443 2526 quae
1471 2466 1600 2510 stulta

216 2547 306 2595 est,
330 2548 372 2583 et
393 2547 720 2593 commutatam,
745 2552 845 2596 quae
867 2537 1035 2595 sapiens
1057 2536 1169 2595 fuit3
1194 2545 1238 2580 et
1258 2536 1477 2591 violatam,
1503 2550 1601 2595 quae
