1729 3143
449 281 503 307 m:
533 281 743 318 SYMBOLo,
778 281 917 308 sufflo
948 282 997 307 11.
1365 270 1420 307 67

37 344 209 389 sarcinis
242 353 534 404 peccatorum.
571 347 729 388 Totum
766 344 947 403 quidem
980 344 1201 388 hominem
1235 344 1423 401 suscepit

37 413 112 458 ille
133 415 395 470 curandum,
415 414 491 459 sed
508 413 764 473 ampliorem
785 429 936 458 curam
959 413 1273 459 demonstravit
1296 413 1425 457 adhi-

43 484 233 528 bendam
270 500 359 529 esse
394 484 549 528 animae
576 498 709 542 quam
746 484 933 542 corpori.
969 486 1168 543 Namque
1204 497 1304 528 cum
1336 483 1428 542 ipse

45 554 240 599 Salvator
260 555 373 598 inter
393 563 547 598 caetera
569 552 777 598 miracula
798 569 898 613 quae
914 567 1101 611 praesens
1114 553 1325 608 faciebat,
1345 567 1429 612 pa-

41 623 273 680 ralyticum
303 624 481 682 antiqua
518 622 766 668 valetudine
795 637 1048 682 oppressum
1080 622 1275 678 videret,
1308 622 1430 681 prius

39 694 130 752 ejus
151 693 340 736 animam
361 694 528 737 censuit
553 708 642 737 esse
669 693 907 738 sanandam
922 728 934 748 ,
959 702 1066 737 tunc
1095 690 1276 736 demum
1298 693 1431 736 etiam

39 765 132 822 ejus
152 763 320 821 corpori
343 763 544 821 dignatus
566 773 631 808 est
667 764 831 809 donare
852 763 1052 808 salutem.
1079 781 1100 805 «
1121 761 1206 806 Fili
1221 795 1234 818 ‚
1259 762 1427 822 inquit,

41 850 63 874 »
89 832 281 889 confide,
292 834 502 892 quoniam
514 835 689 879 remissa
709 845 812 879 sunt
822 834 904 878 tibi
920 842 1096 893 peccata
1110 835 1221 877 tua1.
1238 851 1259 874 »
1270 835 1434 890 Magna

40 901 154 946 salus
170 918 260 948 non
278 913 343 948 est
360 904 695 949 contemnenda.
713 907 838 949 Hanc
850 913 1054 963 appetere
1071 902 1221 957 debet,
1238 900 1435 960 quisquis

40 973 220 1017 interius
240 983 284 1017 et
309 976 496 1018 exterius
521 974 664 1019 salvus
686 990 776 1019 esse
798 975 1028 1018 desiderat.
1054 992 1074 1015 «
1095 971 1309 1019 Mundate
1327 1006 1339 1026 ,
1378 970 1438 1014 ait

44 1060 65 1083 >›
89 1043 180 1100 ipse
198 1044 425 1097 Dominus,
446 1060 545 1102 quae
567 1045 684 1088 intus
699 1054 820 1098 sunt,
844 1053 888 1088 et
904 1060 1004 1103 quae
1026 1043 1129 1088 foris
1146 1051 1250 1087 sunt
1270 1039 1439 1086 munda

46 1129 67 1154 »
93 1116 264 1155 erunt2.
288 1129 308 1152 »
326 1113 638 1155 Verumtamen
654 1113 841 1156 intentio
857 1114 932 1155 illa
950 1127 1148 1170 perversa
1161 1116 1184 1156 J
1190 1112 1437 1169 udaeorum,

41 1197 141 1242 quae
166 1196 256 1225 non
277 1181 464 1225 fideliter
497 1182 761 1241 sequebatur
779 1183 1025 1237 Christum,
1055 1182 1133 1226 sed
1153 1182 1209 1226 ad
1230 1183 1314 1227 hoc
1336 1196 1440 1225 eum

40 1250 512 1311 frequentabant,quia
536 1252 574 1295 ei
599 1251 740 1296 dolosi
762 1251 911 1296 dolose
928 1251 1101 1295 insidias
1113 1252 1436 1311 praeparabant,

41 1320 219 1381 quando
241 1320 475 1364 audierunt
498 1322 735 1364 Dominum
775 1320 1017 1378 paralytico
1045 1320 1294 1366 dicentem:
1319 1339 1340 1362 «
1364 1320 1440 1364 Di-

43 1409 65 1433 »
90 1391 218 1435 missa
231 1400 333 1434 sunt
350 1390 430 1434 tibi
447 1399 623 1449 peccata
636 1399 727 1445 tua,
748 1408 768 1430 »
787 1390 1001 1434 continuo
1014 1393 1254 1436 susurratio
1270 1390 1345 1435 illa
1359 1406 1438 1435 co-

44 1462 260 1520 gitationis
279 1462 491 1520 pessimae,
503 1461 581 1504 ubi
603 1476 675 1505 eos
693 1461 900 1505 audiebat
916 1460 992 1519 qui
1008 1459 1140 1504 corda
1162 1460 1436 1519 inspiciebat:

47 1550 68 1574 «
92 1531 198 1585 Quis
219 1540 284 1575 est
304 1531 401 1586 iste,
426 1531 650 1589 inquiunt,
675 1531 751 1589 qui
782 1539 960 1589 peccata
995 1530 1200 1574 dimittit?
1228 1530 1439 1589 Blasphe-

47 1621 68 1644 »
94 1611 214 1646 mat:
239 1604 377 1646 Nemo
420 1602 535 1644 enim
559 1610 702 1660 potest
735 1601 956 1644 dimittere
978 1609 1178 1660 peccata,
1212 1600 1295 1643 nisi
1321 1600 1438 1645 solus

49 1691 70 1714 »
96 1676 223 1716 Deus.
249 1690 268 1713 »
306 1671 385 1714 Ille
413 1681 560 1714 autem
581 1681 632 1715 ut
652 1671 712 1715 eis
733 1671 1052 1715 demonstraret
1079 1687 1125 1715 se
1153 1685 1242 1715 esse
1270 1673 1434 1727 Deum,

46 1758 285 1802 eorumque
314 1742 553 1802 nequitiam
586 1742 834 1787 ostenderet
848 1777 859 1797 ‚
893 1758 943 1787 ac
966 1758 1088 1787 suam
1121 1742 1440 1787 demonstraret

45 1813 303 1872 potentiam,
328 1814 388 1857 ait
408 1812 492 1857 illis
511 1832 518 1857 :
548 1832 567 1854 «
589 1812 706 1866 Quid
728 1813 925 1872 cogitatis
950 1828 1142 1873 nequam
1162 1813 1209 1857 in
1231 1812 1439 1857 cordibus

50 1902 71 1926 »
96 1884 272 1929 vestris?
291 1883 408 1937 Quid
434 1893 498 1928 est
520 1883 704 1943 amplius
726 1884 898 1929 dicere:
923 1883 1104 1929 Dimissa
1127 1891 1231 1927 sunt
1256 1892 1334 1928 tua
1354 1882 1436 1927 tibi

51 1973 72 1998 »
98 1964 296 2014 peccata,
323 1963 399 1999 aut
418 1954 563 1999 dicere
581 1974 589 1999 :
611 1957 748 2014 Surge
763 1965 807 1999 et
829 1954 1038 1999 ambula?
1063 1957 1120 1999 Ut
1135 1954 1344 1999 noveritis
1356 1969 1438 1998 au-

53 2043 74 2067 »
99 2034 189 2070 tem
222 2026 324 2085 quia
355 2025 488 2070 habet
508 2034 768 2085 potestatem
791 2024 928 2069 Filius
948 2025 1138 2070 hominis
1159 2025 1206 2068 in
1228 2033 1340 2069 terra
1368 2023 1440 2068 di-

54 2114 74 2136 »
100 2094 300 2139 mittendi
313 2105 488 2153 peccata
499 2130 511 2150 ‚
528 2097 587 2140 ait
600 2095 841 2155 paralytico
855 2115 864 2140 2
878 2098 1015 2155 Surge
1027 2130 1039 2151 ,
1056 2094 1161 2140 tolle
1179 2094 1440 2154 grabbatum

55 2182 76 2206 »
101 2173 229 2208 tuum
247 2199 259 2219 ,
290 2174 332 2208 et
349 2164 458 2209 vade
474 2165 521 2207 in
542 2165 722 2210 domum
745 2167 906 2210 tuamss.
925 2184 946 2207 »
967 2168 1024 2210 Et
1042 2165 1189 2210 statim
1225 2164 1411 2208 surrexit
1427 2197 1438 2217 ,

52 2244 96 2279 et
115 2235 216 2279 tulit
229 2235 487 2292 grabbatum
500 2250 644 2289 suum,
662 2245 706 2279 et
723 2235 844 2280 abiit.
861 2238 899 2280 Ο
913 2252 1047 2296 quam
1064 2236 1218 2281 melius
1235 2235 1299 2280 illi
1314 2242 1440 2289 esset,

51 2306 85 2348 si
112 2314 211 2364 post
230 2314 451 2363 acceptam
475 2305 770 2349 remissionem
801 2315 1102 2364 peccatorum,
1128 2321 1218 2350 non
1253 2305 1309 2349 de
1328 2304 1444 2348 lecto

53 2374 109 2420 ad
125 2375 394 2434 peccandum
410 2376 569 2420 iterum
582 2384 792 2434 surgeret,
827 2375 904 2419 sed
921 2375 977 2420 de
993 2377 1194 2435 sepulcro
1214 2374 1269 2419 ad
1293 2389 1441 2419 veram

56 2446 189 2490 vitam
211 2446 322 2489 liber
343 2462 607 2505 securusque
630 2455 837 2503 surgeret.
863 2449 961 2491 Non
988 2447 1107 2490 enim
1129 2455 1280 2501 vacat,
1305 2445 1444 2489 dilec-

58 2515 231 2570 tissimi,
257 2515 377 2576 quod
394 2518 432 2560 ei
454 2516 622 2560 dictum
636 2524 700 2560 est
720 2535 729 2560 ς
753 2534 774 2558 «
798 2514 918 2560 Tolle
941 2516 1203 2574 grabbatum
1223 2524 1350 2560 tuum
1366 2549 1377 2570 ,
1406 2523 1449 2558 et

108 2606 116 2623 ¹
138 2598 251 2632 Matth.
271 2610 314 2641 ix,
335 2609 373 2640 2,
397 2604 430 2632 et
450 2602 547 2633 Marc.
575 2612 612 2641 ιι,
635 2600 664 2632 3.
684 2616 721 2622 —-
741 2606 752 2622 ²
767 2599 886 2632 Matth.
911 2609 994 2641 xxv,
1015 2599 1068 2631 26.
1084 2616 1124 2623 -
1140 2596 1154 2622 3
1174 2600 1220 2632 Μ.
1240 2610 1273 2631 ix
1287 2623 1295 2639 ‚
1311 2598 1384 2631 2-62

1221 2653 1260 2690 5.
