1729 3143
510 248 563 275 DE
594 247 802 284 εΥΜΒοῐ-ο,
837 247 974 274 sthO
1005 247 1036 272 1.
1394 233 1449 272 35

73 314 125 359 lit
147 313 459 373 multiplicare:
483 329 539 358 ne
560 315 639 357 ista
658 327 733 370 spe
765 311 837 355 illa
869 310 1072 356 tolerasse
1097 307 1334 355 videretur.
1366 312 1453 353 Ista

74 399 164 428 non
185 383 308 438 dixit,
333 384 412 428 ista
433 399 523 428 non
546 381 747 441 speravit.
776 382 860 425 Sed
890 391 940 426 ut
965 396 1042 426 nos
1067 379 1340 434 doceremur,
1365 394 1456 424 non

74 454 263 512 speranti
275 454 482 499 Dominus
498 452 714 511 praestitit,
735 465 823 510 quo
838 466 916 494 nos
932 451 1203 506 doceremur,
1223 450 1326 513 quia
1343 451 1457 493 Deus

74 522 138 567 illi
155 524 306 568 affuit:
330 523 431 583 quia
452 522 487 566 si
507 531 551 566 et
571 521 644 566 illa
664 519 728 564 illi
748 536 838 565 non
861 520 1077 576 redderet,
1096 520 1312 567 occultam
1334 535 1458 565 coro-

74 608 176 637 nam
191 594 280 651 ejus
294 591 440 637 videre
458 592 635 636 minime
651 599 914 651 poteramus.
932 593 988 634 Et
1005 590 1104 634 ideo
1121 591 1229 650 quid
1246 591 1306 634 ait
1323 590 1463 649 Scrip-

76 671 173 708 tura
188 662 350 717 divina,
370 661 641 707 exhortando
659 662 712 706 ad
727 662 982 722 patientiam
997 670 1040 705 et
1056 676 1175 720 spem
1192 661 1462 716 futurorum,

75 747 164 777 non
186 732 431 782 mercedem
447 732 754 792 praesentium?
775 750 795 774 «
816 731 1072 776 Patientiam
1095 733 1119 775 J
1124 730 1182 775 ob
1205 729 1398 785 audistis,
1424 738 1469 773 et

78 820 99 844 »
133 803 266 851 finem
287 803 460 850 Domini
484 803 690 851 vidistis1.
710 821 731 843 n
751 807 890 856 Quare
913 801 1169 862 patientiam
1191 801 1294 857 Job,
1315 809 1358 844 et
1376 815 1467 844 non

75 872 208 916 finem
225 873 356 931 ipsius
374 875 398 916 J
403 873 458 916 ob
475 873 662 917 vidistis?
684 875 849 916 Fauces
873 872 1060 931 aperires
1082 871 1138 917 ad
1158 870 1294 930 dupla
1311 889 1321 915 2
1346 870 1466 914 dice-

76 957 158 998 res,
193 946 282 988 Deo
320 943 491 1001 gratiaS,
527 943 782 999 sustineam,
815 942 1003 1002 duplum
1035 943 1197 1001 recipio
1225 942 1338 986 sicut
1366 941 1466 985 Job.

76 1012 333 1061 Patientiam
355 1012 455 1067 Job,
488 1012 619 1057 finem
642 1013 832 1060 Domini.
861 1012 1121 1058 Patientiam
1143 1012 1230 1056 Job
1250 1011 1470 1065 novimus,

77 1091 120 1131 et
141 1084 273 1126 finem
298 1083 472 1131 Domini
494 1084 711 1131 novimus.
745 1086 887 1136 Quem
915 1084 1047 1128 finem
1070 1082 1269 1127 Domini?
1295 1100 1314 1123 «
1339 1085 1470 1136 Deus,

79 1170 100 1194 n
133 1155 247 1196 Deus
263 1168 401 1206 meus,
428 1162 478 1195 ut
499 1152 607 1210 quid
630 1168 700 1196 mc
721 1152 1043 1212 dereliquisti2?
1060 1172 1079 1194 »
1101 1153 1247 1198 Verba
1264 1162 1366 1196 sunt
1383 1154 1475 1196 Do-

76 1222 183 1267 mini
201 1222 429 1280 pendentis
444 1222 490 1264 in
505 1221 639 1279 ligno.
657 1224 789 1274 Quasi
804 1223 981 1281 reliquit
999 1223 1122 1266 illum
1142 1224 1197 1265 ad
1215 1231 1476 1279 praesentem

77 1291 344 1347 felicitatem,
371 1291 445 1336 sed
467 1307 555 1335 non
577 1307 678 1335 eum
700 1292 877 1351 reliquit
899 1291 954 1336 ad
977 1301 1187 1336 aeternam
1213 1291 1474 1337 immortali-

77 1370 226 1410 tatem.
253 1363 320 1406 Ibi
347 1372 410 1408 est
431 1362 528 1405 finis
549 1362 739 1406 Domini.
768 1364 936 1405 Tenent
959 1360 1118 1416 Judaei,
1150 1360 1365 1406 insultant
1391 1364 1475 1406 Ju-

79 1431 178 1486 daei,
207 1432 344 1489 ligant
377 1432 538 1486 Judaei,
572 1432 705 1491 spinis
737 1440 967 1486 coronant,
996 1431 1134 1490 sputis
1163 1431 1472 1487 dehonestant,

79 1501 317 1560 flagellant,
352 1502 596 1560 opprobriis
618 1502 832 1556 obruunt,
860 1501 982 1560 ligno
1005 1501 1296 1560 suspendunt,
1321 1501 1474 1548 lancea

79 1571 270 1626 fodiunt,
305 1581 524 1630 postremo
557 1571 772 1630 sepeliunt
795 1590 803 1616 :
827 1572 952 1631 quasi
972 1571 1147 1616 relictus
1164 1583 1241 1616 est.
1267 1571 1351 1617 Sed
1368 1573 1470 1632 qui-

79 1641 191 1685 bus?
223 1640 312 1684 Illis
334 1641 659 1689 insultantibus.
687 1641 793 1687 Ideo
820 1656 923 1698 ergo
944 1641 1107 1685 habeto
1126 1642 1397 1700 patientiam,
1422 1651 1473 1686 ut

80 1726 277 1769 resurgas
297 1719 340 1754 et
361 1726 451 1754 non
471 1711 683 1765 moriaris,
700 1709 746 1755 id
767 1719 847 1765 est,
871 1726 1102 1770 nunquam
1124 1711 1334 1766 moriaris,
1360 1711 1474 1757 sicut

80 1781 290 1829 Christus,
310 1780 380 1824 Sic
397 1780 512 1824 enim
527 1780 710 1837 legimus
728 1798 737 1825 :
753 1798 774 1824 α
790 1781 990 1829 Christus
1003 1796 1184 1840 surgens
1201 1796 1253 1826 ex
1268 1782 1469 1838 mortuis,

85 1868 105 1892 υ
135 1852 223 1910 jam
242 1865 332 1895 non
347 1851 573 1896 moritui-3.
594 1868 614 1892 »

140 1922 219 1964 XI.
255 1921 515 1966 Ascenditin
529 1920 720 1966 coelum:
745 1921 923 1970 credite.
946 1921 1075 1968 Sedet
1092 1923 1147 1971 ad
1162 1922 1380 1971 dexteram
1400 1927 1478 1969 Pa-

82 1990 188 2034 tris:
213 1991 390 2035 credite.
426 1991 598 2045 Sedere,
625 1990 858 2050 intelligite
875 1993 1096 2039 habitare:
1122 1993 1348 2054 quomodo
1364 1994 1474 2039 dici-

84 2075 181 2104 mus
208 2061 262 2104 de
289 2077 567 2121 quocumque
595 2063 772 2112 homine
791 2082 801 2108 2
820 2065 872 2107 In
892 2063 966 2110 illa
987 2064 1126 2123 patria
1152 2063 1263 2109 sedit
1288 2080 1366 2124 per
1389 2074 1477 2110 tres,

88 2131 266 2174 annos4.
292 2131 405 2174 Dicit
422 2130 530 2175 illud
553 2141 597 2177 et
615 2133 854 2191 Scriptura,
879 2132 1038 2181 sedisse
1052 2133 1288 2193 quemdam
1309 2134 1354 2179 in
1375 2134 1476 2179 civi-

86 2208 174 2244 tate
185 2208 356 2244 tantum
378 2209 560 2259 tempus.
575 2203 802 2262 Numquid
817 2204 944 2260 sedi-t,
962 2213 1006 2248 et
1020 2220 1247 2265 nunquam
1264 2206 1477 2249 surrexit?

88 2270 195 2315 Ideo
214 2271 439 2316 hominum
457 2272 746 2318 habitationes
767 2273 890 2318 sedes
909 2275 1130 2321 dicuntur.
1151 2276 1237 2320 Ubi
1254 2276 1477 2320 habentur

86 2341 222 2395 sedes,
259 2342 475 2401 numquid
495 2358 662 2401 semper
687 2343 892 2389 sedetur?
919 2347 1017 2391 Non
1036 2346 1244 2403 surgitur,
1268 2360 1359 2390 non
1381 2360 1478 2390 am·-

88 2410 280 2467 bulanu,
317 2428 404 2457 non
431 2414 628 2471 jacetur?
650 2422 694 2459 et
712 2423 857 2462 tamen
883 2413 1004 2460 sedes
1024 2424 1251 2460 vocantur.
1281 2416 1350 2461 Sic
1372 2431 1479 2474 ergo

136 2508 149 2528 ¹
169 2508 282 2540 Jacob.
304 2519 335 2548 v,
360 2520 405 2540 ιι.
450 2526 477 2531 -
496 2515 508 2532 ²
528 2509 608 2540 Psal.
629 2519 698 2549 xxi,
718 2518 749 2541 2.
781 2525 819 2533 ·-·-
840 2507 852 2532 3
872 2512 962 2542 Rom
992 2521 1032 2541 vi.
1057 2521 1089 2552 ς).
1118 2527 1158 2534 -
1186 2509 1239 2542 413
1259 2513 1334 2551 Reg.
1364 2522 1397 2550 11,
1420 2512 1472 2542 38.

95 2573 147 2596 sec
154 2589 159 2596 .
181 2573 235 2596 LXX
244 2586 253 2596 ο

1307 2610 1328 2623 ε’)

1306 2627 1328 2645 v.)
1336 2637 1343 2646 ι
