1729 3143
260 209 344 250 240
691 218 723 245 s.
759 219 991 246 aueusnm
1022 219 1202 247 Enscom

256 287 347 345 ipse
361 299 450 329 non
466 283 636 342 posuit,
656 290 699 325 et
721 280 866 342 aliqua
883 298 972 327 non
994 284 1120 342 posui
1137 298 1236 342 quae
1257 283 1346 342 ipse
1362 285 1508 342 posuit
1527 302 1536 328 :
1557 284 1641 328 ita-

256 370 343 416 que
377 353 458 398 alia
492 351 620 395 latius
651 366 783 409 quam
806 351 897 410 ipse
915 387 926 406 ‚
952 351 1034 396 alia
1059 353 1187 396 etiam
1209 352 1383 396 brevius
1405 353 1639 412 explicavi,

257 437 492 485 paremque
514 421 560 464 in
575 421 798 466 nonnullis
819 422 996 466 exhibui
1015 422 1275 466 brevitatem
1290 457 1301 476 ‚
1327 423 1473 466 omnia
1491 423 1645 467 mode-

256 509 355 539 rans
376 494 487 536 sicut
515 492 769 536 intentionis
797 508 905 536 meae
933 493 1042 536 ratio
1071 491 1337 551 postulabat.
1363 491 1550 535 Proinde
1571 492 1644 551 ille

257 564 312 608 de
334 562 551 620 octoginta
578 563 837 617 haeresibus,
863 563 1067 621 separatis
1091 563 1271 620 viginti,
1297 578 1405 621 quas
1435 570 1534 605 ante
1557 564 1645 605 Do-

257 634 364 678 mini
382 633 618 677 adventum
641 632 829 676 extitisse
845 667 856 685 ,
877 633 989 676 sicut
1006 633 1045 676 ei
1064 633 1203 676 visum
1227 642 1291 676 est
1306 668 1316 686 ‚
1341 632 1611 690 computavit
1632 667 1641 686 ‚

254 702 442 762 reliquas
463 710 562 761 post
583 701 757 745 Domini
783 717 1008 745 ascensum
1028 711 1151 744 natas
1174 702 1392 757 sexaginta
1406 735 1418 754 ‚
1446 700 1645 744 brevissi-

255 774 336 817 mis
358 773 480 817 libris
501 773 697 832 quinque
719 771 1075 830 comprehendit,
1101 780 1232 829 atque
1255 785 1404 814 omnes
1425 785 1497 814 sex
1512 770 1647 814 libros

256 843 389 887 totius
411 842 605 902 ejusdem
633 842 698 885 sui
723 842 861 900 operis
891 841 1008 884 fecit.
1045 843 1137 897 Ego
1160 850 1304 883 autem
1323 875 1333 893 ‚
1359 840 1461 898 quia
1491 854 1647 883 secun-

255 912 364 955 dum
383 911 639 970 petitionem
657 921 772 955 tuam
791 926 860 953 eas
878 910 1060 952 haereses
1076 925 1315 953 memorare
1327 909 1496 953 institui
1511 943 1521 962 ,
1548 925 1648 967 quae

256 991 354 1039 post
370 982 729 1039 glorificationem
747 980 907 1024 Christi
924 994 968 1022 se
987 978 1189 1022 adversus
1205 978 1453 1022 doctrinam
1467 979 1643 1032 Christi,

255 1052 386 1095 etiam
409 1051 490 1095 sub
511 1050 725 1095 velamine
748 1048 980 1094 Christiani
1000 1049 1184 1092 nominis
1206 1047 1485 1101 extulerunt,
1515 1048 1648 1106 quin·

257 1122 660 1179 quaginta-septem
678 1135 728 1158 ex
743 1118 978 1173 Epiphanii
989 1118 1122 1176 ipsius
1133 1120 1274 1176 Opere
1291 1118 1337 1160 in
1351 1133 1498 1160 meum
1515 1127 1650 1163 trans·
1704 1115 1715 1178 J

256 1191 365 1243 tuli,
387 1190 496 1232 duas
512 1189 560 1230 in
577 1200 709 1229 unam
731 1184 921 1228 referens
938 1220 948 1239 ‚
975 1189 1052 1231 ubi
1070 1188 1234 1232 nullam
1256 1188 1547 1231 differentiam
1567 1203 1648 1245 po-
1710 1178 1715 1210 ⁵

257 1260 322 1302 tui
354 1258 541 1315 reperire
573 1274 582 1299 z
617 1264 661 1298 et
682 1270 829 1297 rursus
857 1255 935 1298 ubi
957 1256 1030 1299 ille
1061 1274 1112 1301 ex
1144 1258 1316 1302 duabus
1348 1272 1481 1300 unam
1508 1257 1648 1301 facere
1708 1295 1711 1311 ‚

258 1327 398 1372 voluit
414 1360 424 1379 ‚
447 1325 527 1368 sub
551 1324 742 1367 numeris
764 1324 850 1367 suis
870 1325 1059 1381 singulas
1080 1324 1220 1381 posui.
1249 1322 1332 1367 Sed
1361 1323 1505 1368 adhuc
1526 1341 1648 1368 com-

259 1410 500 1441 memorare
527 1393 667 1437 debeo
684 1429 694 1442 ,
728 1394 816 1437 sive
838 1410 945 1453 quas
969 1392 1086 1452 apud
1113 1392 1218 1436 alios
1241 1394 1405 1451 reperi,
1433 1395 1521 1437 sive
1542 1411 1650 1453 quas
1711 1443 1713 1447 ,

257 1469 348 1525 ipse
371 1464 636 1508 reminiscor.
668 1466 794 1508 Nunc
824 1478 926 1522 ergo
957 1463 1070 1507 addo
1092 1479 1198 1521 quas
1232 1462 1441 1507 Philaster
1475 1465 1645 1522 posuit,
1704 1480 1709 1522 ,j

258 1552 339 1580 nec
361 1535 506 1594 posuit
533 1533 822 1592 Epiphanius.

319 1607 477 1648 LVIII.
498 1603 893 1660 Metangismonitae
907 1602 990 1646 diei
1010 1613 1213 1661 possunt,
1234 1605 1310 1662 qui
1330 1605 1650 1662 Metangismon
1704 1591 1713 1626 '³

261 1684 456 1721 asserunt
470 1709 481 1729 ‚
509 1674 701 1718 dicentes
719 1674 777 1717 sic
794 1689 882 1717 esse
903 1674 948 1716 in
974 1677 1098 1717 Patre
1116 1673 1278 1717 Filium
1295 1709 1305 1729 ‚
1331 1675 1554 1733 quomodo
1576 1692 1652 1721 vas

261 1748 306 1792 in
327 1761 451 1800 vase,
479 1744 603 1803 quasi
635 1744 723 1788 duo
755 1759 937 1802 corpora
965 1745 1193 1787 carnaliter
1223 1745 1474 1803 opinantes3
1507 1747 1565 1790 ita
1603 1757 1652 1790 ut

262 1817 397 1862 Filius
419 1816 551 1859 intret
571 1815 617 1858 in
640 1818 810 1858 Patrem
828 1848 838 1867 ,
868 1823 1076 1873 tanquam
1098 1829 1172 1858 vas
1189 1815 1332 1857 minus
1349 1816 1393 1857 in
1407 1831 1480 1859 vas
1492 1817 1645 1874 majus.

262 1887 390 1932 Unde
432 1895 475 1930 et
513 1885 597 1930 tale
640 1900 802 1929 nomen
842 1884 911 1927 hic
949 1899 1067 1927 error
1110 1884 1307 1941 accepit,
1352 1891 1401 1926 ut
1442 1895 1653 1938 μεταῃισμὸς
1702 1907 1710 1930 -;

263 1972 401 2017 graece
440 1956 657 2000 diceretur
684 1974 692 2000 :
721 1959 843 2007 ἀγγεῖον
866 1955 1029 2013 quippe
1062 1952 1134 1996 illa
1162 1952 1310 2010 lingua
1351 1968 1423 1997 vas
1452 1954 1614 1998 dicitur
1640 1975 1649 2000 :
1705 1975 1710 2000 :

263 2029 340 2073 sed
361 2027 563 2072 introitus
587 2027 716 2070 unius
738 2025 846 2069 vasis
875 2025 922 2068 in
949 2024 1133 2068 alterum
1149 2057 1160 2077 ,
1186 2022 1318 2065 latine
1341 2038 1429 2068 uno
1474 2025 1650 2070 nornine
1704 2048 1709 2070 ·.

265 2113 352 2142 non
377 2105 519 2156 potest
540 2096 625 2141 dici
642 2130 653 2150 ‚
680 2095 790 2139 sicut
812 2109 949 2152 graece
968 2093 1110 2151 potuit
1131 2101 1356 2144 μεταγγισμες.

325 2169 439 2210 LIX.
468 2165 708 2211 Seleuciani
740 2173 840 2207 sunt
862 2163 929 2207 vel
960 2162 1183 2206 Hermiani
1216 2162 1270 2205 ab
1303 2163 1554 2208 auctoribus
1576 2167 1652 2208 Se-

266 2239 391 2282 leuco
426 2236 495 2281 vel
521 2235 722 2289 Hermia,
758 2234 834 2293 qui
869 2232 1186 2276 elementorum
1222 2231 1445 2275 materiam
1479 2232 1534 2276 de
1567 2249 1653 2291 qua

268 2309 407 2353 factus
440 2316 503 2350 est
527 2306 740 2358 mundus,
772 2319 862 2348 non
883 2319 908 2346 a
942 2306 1031 2347 Deo
1059 2302 1217 2346 factam
1253 2301 1431 2356 dicunt²
1456 2303 1531 2346 sed
1565 2306 1653 2346 Deo

271 2388 548 2422 coaeternam.
569 2379 656 2422 Nec
674 2376 863 2419 animam
881 2377 970 2418 Deo
988 2374 1184 2417 tribuunt
1206 2374 1415 2427 creatori,
1441 2374 1515 2416 sed
1536 2389 1652 2417 crea-

271 2457 383 2491 tores
419 2464 506 2492 esse
539 2448 781 2491 animarum
814 2444 1003 2502 Angelos
1029 2442 1182 2487 volunt
1214 2443 1267 2486 de
1295 2444 1394 2500 igne
1417 2453 1459 2486 et
1482 2444 1649 2501 spiritu.
1690 2471 1693 2491 :

273 2519 437 2564 Malum
460 2528 602 2565 autem
627 2525 821 2562 asserunt
843 2531 932 2560 esse
955 2514 1189 2573 aliquando
1211 2530 1234 2558 a
1256 2518 1346 2560 Deo
1371 2549 1382 2569 ‚
1420 2514 1652 2573 aliquando
1689 2522 1692 2574 j

1688 2586 1692 2648 Ι
