1729 3143
232 165 315 202 192
660 173 695 198 s.
729 169 961 196 AUGUSTIEI
993 168 1174 197 Ense-01²1

226 239 370 285 solum
395 237 555 281 multos
583 235 686 278 deos
718 234 846 279 falsos
877 235 1037 291 Pagani
1064 234 1244 288 colunt,
1277 234 1353 278 sed
1379 234 1609 294 plerosque

226 309 308 354 sibi
341 305 576 352 contrarios
608 313 651 347 et
678 303 888 349 inimicos.
930 305 1065 348 Verbi
1099 304 1233 362 gratia
1251 338 1263 358 ‚
1297 319 1611 349 commemore-

226 394 322 423 mus
343 376 487 435 aliqua
508 374 702 433 ipsorum
722 409 732 430 ‚
765 376 799 419 si
822 383 980 420 cuncta
1001 390 1092 419 non
1113 389 1342 434 possumus
1368 392 1379 418 ι
1404 374 1611 418 Hercules

225 458 269 492 et
291 451 315 491 J
320 461 407 491 uno
428 444 592 488 inimici
620 444 801 490 suerunt
815 481 827 501 ‚
857 445 1055 491 homines
1078 446 1195 489 enim
1216 444 1423 501 fuerunt3
1448 444 1612 502 privig-

225 531 307 560 nus
327 514 427 569 ille,
453 529 638 559 noverca
658 515 732 559 illa
753 534 761 560 ε
796 515 972 574 utrique
994 530 1145 558 eorum
1169 513 1331 572 Pagani
1352 512 1514 572 templa
1541 513 1614 556 fe-
1681 506 1684 507 ⁷

225 594 402 642 cerunt,
429 595 472 630 et
494 587 658 631 Junoni
680 596 724 631 et
746 585 938 631 Herculi.
966 585 1164 631 Adorant
1185 584 1310 628 illum
1326 618 1337 639 ‚
1365 585 1549 628 adorant
1564 582 1616 626 il—

222 656 312 701 lam
337 676 346 701 :
373 657 533 716 pariter
565 666 671 702 eunt
703 656 758 700 ad
786 660 1008 701 ,lunonem
1025 691 1035 711 ,
1061 656 1221 715 pariter
1255 655 1312 698 ad
1347 653 1580 698 Herculem
1602 670 1612 696 z

223 727 307 772 illis
331 728 415 772 sibi
435 728 553 772 iratis
570 763 580 783 ‚
609 727 846 773 concordes
866 736 983 772 sunt.
1009 727 1232 771 Vulcanus
1254 733 1298 769 et
1316 728 1432 770 Mars
1453 722 1616 767 inimici

223 806 327 842 sunt
342 832 353 853 ,
378 806 421 842 et
438 799 601 858 justam
623 814 798 843 causam
819 798 954 843 habet
975 797 1199 841 Vulcanus
1222 816 1229 839 2
1251 793 1328 839 sed
1351 793 1403 838 da
1423 793 1617 853 judicem

224 869 301 927 qui
323 868 485 913 audiat.
524 870 629 913 Odit
657 870 772 913 enim
795 870 924 913 miser
953 868 1096 912 uxoris
1120 865 1384 910 adulterium
1411 883 1420 907 ε
1445 879 1527 907 nec
1547 873 1618 906 ta-

224 953 327 982 men
345 939 479 983 audet
495 939 683 984 cultores
701 955 802 984 suos
820 956 844 982 a
858 939 1010 982 Martis
1029 937 1194 985 templo
1211 934 1459 985 prohibere.
1481 932 1620 978 Simul

224 1005 408 1048 adorant
429 998 554 1042 illum
575 1007 618 1041 et
634 996 776 1040 illum.
807 998 850 1041 Si
867 997 1094 1040 imitantur
1111 995 1238 1051 deos,
1264 996 1437 1055 litigant
1457 1007 1500 1041 et
1517 999 1615 1057 ipsi.

224 1077 345 1118 Eunt
373 1070 428 1114 de
452 1067 616 1127 templo
636 1068 787 1112 Martis
811 1067 866 1111 ad
888 1067 1104 1126 templum
1127 1067 1312 1111 Vulcani
1339 1087 1347 1112 ε
1373 1083 1532 1126 magna
1553 1069 1622 1113 in—

225 1142 444 1201 dignitas:
477 1154 558 1183 nec
594 1147 742 1182 tamen
772 1138 929 1181 timent
965 1153 1019 1181 ne
1052 1137 1135 1181 sibi
1173 1138 1381 1183 irascatur
1403 1139 1583 1183 maritus
1604 1175 1617 1195 ,

225 1211 348 1272 quod
370 1211 426 1254 ad
448 1223 550 1252 eum
571 1208 745 1252 venitur
768 1208 822 1250 de
850 1207 1015 1267 templo
1037 1208 1185 1252 Martis
1208 1208 1409 1253 adulteri.
1443 1209 1620 1254 Habent

225 1297 328 1336 cor,
373 1279 517 1322 sciunt
558 1276 747 1336 lapidem
786 1277 943 1321 sentire
981 1292 1070 1321 non
1104 1292 1243 1336 posse.
1282 1281 1396 1322 Ecce
1426 1278 1618 1323 colentes

225 1351 408 1404 multos,
434 1348 565 1393 falsos
579 1381 590 1400 ‚
630 1346 819 1390 diversos
840 1381 850 1401 ‚
889 1346 1088 1391 adversos
1105 1381 1115 1401 ‚
1148 1355 1302 1391 tenent
1322 1356 1471 1392 tamen
1492 1349 1537 1393 in
1560 1350 1619 1393 eis

225 1421 418 1468 colendis
440 1415 806 1477 qualemcumque
828 1417 1042 1460 unitatem
1071 1437 1080 1463 :
1106 1432 1206 1461 ecce
1227 1417 1382 1461 dicunt
1403 1427 1554 1463 contra
1576 1428 1619 1464 te

228 1489 524 1538 testimonium
549 1496 592 1531 et
623 1488 705 1546 ipsi
737 1488 925 1546 Pagani,
963 1503 987 1531 a
1008 1487 1169 1547 quibus
1197 1496 1272 1531 tua
1297 1489 1463 1547 jejunia
1495 1505 1620 1548 sepa-

229 1563 342 1607 rasti.
370 1559 482 1603 Veni
509 1572 612 1616 ergo
641 1557 697 1600 ad
719 1557 931 1601 unitatem
948 1592 958 1611 ‚
994 1556 1142 1600 frater.
1172 1559 1318 1601 Unum
1340 1560 1481 1601 Deum
1508 1558 1619 1602 coli-

228 1648 325 1677 mus
351 1650 360 1676 :
385 1643 612 1688 nunquam
630 1631 803 1672 Patrem
821 1637 864 1671 et
882 1627 1044 1671 Filium
1062 1628 1250 1672 vidimus
1271 1628 1507 1686 litigantes.
1531 1631 1620 1675 Nec

228 1702 336 1748 mihi
365 1699 525 1757 Pagani
555 1706 837 1742 succenseant
857 1732 868 1751 ,
894 1697 1015 1757 quod
1041 1698 1136 1741 haec
1158 1697 1245 1741 dixi
1267 1698 1321 1740 de
1343 1696 1424 1741 diis
1447 1713 1615 1743 eorum.

230 1776 374 1826 Quare
396 1770 513 1814 enim
534 1769 776 1812 irascantur
798 1767 939 1811 verbis
961 1767 1066 1810 meis
1088 1801 1098 1821 ,
1124 1775 1166 1809 et
1191 1782 1282 1810 non
1302 1768 1446 1825 potius
1466 1768 1619 1812 litteris

231 1844 349 1888 suis?
372 1840 472 1885 Illas
500 1839 617 1898 prius
635 1874 646 1893 ‚
684 1839 717 1882 si
738 1846 948 1897 possunt,
975 1837 1066 1881 imo
1083 1871 1095 1891 ‚
1130 1836 1165 1880 si
1184 1836 1341 1881 volunt
1359 1871 1370 1892 ‚
1407 1836 1582 1882 deleant
1607 1857 1618 1883 z

231 1928 322 1958 non
345 1911 404 1955 eis
433 1908 641 1955 docendis
675 1906 955 1952 Grammatici
986 1906 1081 1949 vela
1108 1907 1390 1964 suspendant.
1418 1907 1620 1951 Irascitur

231 1983 338 2028 mihi
369 1982 473 2042 quia
505 1994 584 2039 ego
623 1979 747 2034 dico,
784 1978 861 2038 qui
891 1977 966 2021 dat
993 1976 1239 2022 mercedem
1267 1985 1319 2020 ut
1350 1975 1466 2023 filius
1487 1977 1621 2036 ipsius

233 2054 386 2100 discat.

293 2126 349 2168 X.
386 2126 525 2183 Ergo,
551 2123 802 2177 charissimi,
820 2121 882 2165 illi
903 2119 1082 2181 quidem
1104 2120 1210 2165 tales
1232 2119 1335 2165 deos
1352 2119 1533 2176 habent,
1557 2120 1624 2165 vel

235 2196 381 2255 potius
398 2195 664 2239 habuerunt.
691 2194 803 2246 Quia
821 2194 938 2236 enim
957 2192 1035 2251 [psi
1055 2207 1128 2236 eos
1146 2192 1343 2235 deserere
1364 2191 1621 2246 noluerunt,

239 2266 292 2309 ab
320 2266 379 2309 eis
407 2264 565 2309 deserti
593 2273 709 2308 sunt.
735 2266 793 2307 Et
814 2263 942 2307 multi
973 2263 1258 2306 deseruerunt
1290 2276 1362 2304 eos
1380 2295 1390 2315 ‚
1416 2269 1459 2304 et
1481 2259 1626 2304 adhuc

240 2336 445 2381 deserunt
460 2372 471 2391 ‚
497 2336 706 2396 dejiciunt
732 2334 893 2394 templa
924 2349 1075 2377 eorum
1100 2333 1146 2376 in
1179 2331 1384 2375 cordibus
1406 2322 1493 2375 suis
1513 2347 1524 2374 :
1549 2329 1627 2375 sed

244 2406 505 2463 gaudeamus
537 2407 592 2450 de
624 2405 706 2449 illis
724 2440 734 2460 ‚
760 2406 863 2464 quia
889 2405 1072 2448 veniunt
1100 2402 1154 2446 ad
1182 2402 1393 2445 unitatem
1412 2436 1423 2456 ‚
1448 2416 1538 2445 non
1572 2398 1626 2444 ad

247 2474 512 2526 divisionem.
537 2479 635 2523 Non
664 2476 855 2520 inveniat
886 2478 1084 2531 Paganus
1112 2472 1382 2517 occasionem
1411 2486 1496 2531 qua
1517 2468 1626 2515 nolit
