1729 3143
603 227 658 254 DE
691 227 940 256 HAEREsnzus.
1377 219 1456 257 221

78 293 130 337 lis
150 326 161 347 ,
187 306 352 351 ponens
383 305 456 336 eos
483 292 565 336 sub
587 306 770 336 numero
797 307 890 335 suo.
916 291 1129 336 Eusebius
1149 305 1252 335 vero
1273 291 1462 336 Elcesai-

77 371 223 406 tarum
240 371 400 408 sectam
413 376 756 406 commemorans
774 362 789 386 1
805 395 817 415 ,
843 361 974 405 fidem
988 362 1035 405 in
1048 362 1346 421 persecutione
1359 362 1466 407 dicit

76 431 324 491 negandam
345 431 542 477 docuisse
557 465 568 486 ,
594 431 702 474 etin
724 429 855 474 corde
875 432 1147 476 servandam.

136 503 216 545 XI.
234 501 524 546 Valentiniani
537 516 560 545 a
576 499 825 555 Valentino,
843 501 920 559 qui
935 500 989 544 de
1002 511 1156 547 natura
1169 517 1315 548 rerum
1325 503 1465 548 multa

76 570 275 616 fabulosa
297 571 507 616 confinxit
523 605 534 625 ,
560 570 736 627 triginta
755 573 917 615 AEonas
933 605 944 626 ,
964 570 1011 614 id
1028 581 1091 615 est
1109 606 1120 627 ,
1145 573 1324 629 saecula,
1351 588 1464 618 asse-

9 659 11 663 ’
76 655 175 684 rens
197 640 409 694 extitisse,
434 654 623 700 quorum
642 639 907 699 principium
935 655 1025 684 esse
1047 640 1318 700 profundum
1340 652 1384 687 et
1404 644 1465 687 si-

74 709 260 755 lentium
279 744 290 765 ,
332 707 453 770 quod
490 708 762 768 profundum
793 712 924 755 etiam
954 720 1122 770 patrem
1154 711 1360 771 appellat.
1398 716 1467 757 Ex

73 780 233 839 quibus
256 779 428 824 duobus
450 779 570 823 velut
594 795 645 824 ex
672 781 876 840 conjugio
898 782 1153 840 processisse
1175 782 1378 841 perhibet
1394 783 1466 827 in-

9 843 12 851 ’
73 849 299 895 tellectum
333 859 377 894 et
409 850 661 905 veritatem,
688 860 732 896 et
762 851 993 910 protulisse
1021 853 1068 896 in
1089 853 1302 897 honorem
1332 855 1466 912 patris

72 922 234 964 AEonas
262 929 377 965 octo.
417 922 480 963 De
517 920 745 965 intellectu
772 931 919 966 autem
943 931 987 967 et
1010 923 1191 968 veritate
1212 923 1467 983 processisse

72 990 256 1034 verbum
279 999 323 1034 et
343 991 476 1034 vitam
493 1025 504 1045 ,
543 999 586 1035 et
607 991 839 1050 protulisse
869 995 1030 1037 AEonas
1057 992 1225 1038 decem.
1253 997 1389 1038 Porro
1412 993 1467 1037 de

7 1070 12 1114 2
71 1060 205 1105 verbo
224 1069 268 1104 et
287 1060 375 1104 vita
397 1060 651 1119 processisse
671 1062 897 1106 hominem
914 1072 959 1108 et
980 1062 1208 1108 ecclesiam
1221 1098 1233 1119 ,
1258 1071 1302 1107 et
1316 1073 1466 1122 protu-

70 1129 169 1174 lisse
191 1133 352 1175 AEonas
374 1129 622 1175 duodecim.
645 1134 801 1191 Itaque
822 1141 922 1176 octo
939 1142 983 1171 et
1000 1134 1152 1174 decem
1170 1143 1215 1177 et
1231 1133 1467 1178 duodecim

8 1194 11 1253 J
70 1200 163 1244 fieri
203 1201 382 1259 triginta
424 1204 586 1246 AEonas
601 1236 614 1255 ,
650 1202 860 1244 habentes
879 1229 890 1249 ,
935 1204 985 1239 ut
1021 1196 1206 1243 diximus
1225 1235 1236 1255 ,
1275 1204 1468 1258 primum

8 1278 11 1282 '
70 1269 334 1327 principium
372 1270 426 1309 de
458 1270 682 1323 profundo
717 1275 760 1310 et
797 1264 985 1309 silentio.
1024 1265 1249 1310 Christum
1274 1278 1421 1313 autem
1443 1286 1468 1314 a

11 1337 13 1343 '
70 1347 193 1398 patre
225 1338 431 1391 missum,
457 1335 503 1378 id
532 1343 626 1389 est,
661 1351 685 1379 a
707 1334 952 1393 profundo,
978 1335 1169 1394 spiritale
1191 1336 1261 1381 vel
1291 1338 1467 1384 coeleste

71 1423 228 1467 corpus
256 1422 404 1451 secum
425 1405 619 1449 attulisse
647 1423 656 1449 :
681 1404 881 1464 nihilque
903 1406 1176 1464 assumpsisse
1209 1406 1264 1450 de
1298 1409 1467 1468 virgine

69 1479 205 1524 Maria
226 1514 236 1533 ,
262 1476 336 1521 sed
355 1491 431 1536 per
452 1475 571 1520 illam
595 1484 804 1534 tanquam
821 1490 900 1534 per
918 1475 1059 1519 rivum
1082 1485 1158 1520 aut
1178 1491 1256 1535 per
1276 1478 1466 1523 fistulam

17 1570 19 1587 2
69 1550 162 1594 sine
182 1547 272 1592 ulla
294 1547 348 1590 de
368 1546 443 1590 illa
461 1554 681 1604 assumpta
703 1560 833 1589 carne
851 1546 1066 1590 transisse.
1089 1549 1228 1604 Negat
1247 1547 1377 1591 etiam
1398 1565 1466 1594 re-

17 1650 20 1658 .
70 1618 385 1663 surrectionem
408 1616 547 1660 carnis
566 1651 576 1673 ,
600 1614 742 1659 solum
761 1629 838 1673 per
855 1615 1078 1660 Christum
1093 1616 1295 1675 spiritum
1313 1627 1357 1662 et
1372 1620 1466 1663 ani-

69 1705 185 1734 mam
208 1688 393 1732 salutem
416 1687 609 1745 accipere
631 1686 867 1730 affirmans.

128 1761 230 1802 XII.
260 1755 522 1802 Secundiani
545 1756 630 1800 hoc
654 1771 678 1798 a
705 1753 1021 1801 Valentinianis
1047 1757 1204 1802 distare
1224 1759 1431 1805 dicuntur
1449 1796 1461 1817 ,

69 1828 190 1890 quod
212 1827 382 1872 addunt
404 1842 535 1886 opera
550 1824 852 1884 turpitudinis.

98 1946 100 1949 ,
128 1902 255 1944 XIII.
282 1898 543 1942 Ptolemaeus
574 1911 752 1956 quoque
779 1896 1016 1956 discipulus
1049 1898 1299 1957 Valentini,
1323 1903 1463 1947 haere-

21 1991 23 1999 *
68 1973 149 2016 sim
164 1984 326 2015 novam
341 1969 529 2014 condere
547 1968 726 2027 cupiens
745 2003 755 2024 ,
782 1978 972 2028 quatuor
994 1972 1156 2014 AEonas
1173 1980 1217 2015 et
1236 1971 1342 2018 alios
1359 1990 1462 2033 qua-

68 2051 169 2086 tuor
193 2054 379 2084 asserere
401 2038 572 2083 maluit.

126 2113 223 2155 XV.
249 2114 422 2155 Marcus
456 2110 587 2154 etiam
608 2111 753 2155 nescio
775 2111 871 2171 quis
901 2111 1100 2155 haeresim
1128 2111 1349 2169 condidit,
1380 2130 1460 2159 ne-

68 2198 173 2242 gans
207 2181 567 2225 resurrectionem
589 2181 728 2224 carnis
750 2216 760 2235 ‚
802 2191 845 2225 et
867 2183 1089 2227 Christum
1118 2199 1209 2228 non
1231 2199 1329 2228 vere
1349 2221 1360 2240 ,
1385 2186 1461 2230 sed

25 2274 27 2302 a
67 2253 263 2314 putative
285 2265 459 2311 passum
483 2266 741 2296 asseverans.
775 2254 872 2296 Duo
896 2269 1074 2313 quoque
1096 2255 1296 2312 opinatus
1320 2265 1383 2300 est
1409 2272 1460 2301 ex

69 2323 250 2368 adverso
264 2323 346 2368 sibi
364 2337 453 2367 esse
470 2322 697 2382 principia,
721 2321 899 2382 quidam
916 2323 1002 2368 tale
1020 2324 1074 2368 de
1093 2325 1308 2370 AEonibus
1330 2327 1457 2387 quale

74 2393 332 2439 Valentinus
350 2394 583 2439 affirmans.

126 2467 223 2509 XV.
249 2466 510 2511 Colorbasus
533 2475 707 2512 secutus
729 2475 793 2512 est
821 2467 951 2524 istos,
992 2481 1081 2512 non
1109 2466 1300 2514 multum
1329 2468 1452 2515 aliter

121 2552 132 2571 ¹
152 2552 270 2585 Euseb.
291 2551 335 2585 lib
355 2564 403 2595 vr,
422 2564 494 2595 cap.
514 2553 566 2586 38.
