1729 3143
316 255 398 282 LIB.
436 254 467 281 1.
502 253 557 281 DE
590 252 773 280 MORIBUS
803 250 1002 279 ECCLESIAE
1030 246 1287 277 cATHOLICAE.
1408 237 1486 276 501

117 339 139 365 »
163 321 274 375 Quia
301 330 478 381 propter
503 330 547 365 te
574 320 787 365 afficimur
808 327 899 362 tota
926 317 996 362 die
1015 352 1027 373 ,
1051 316 1248 361 aestimati
1268 330 1416 360 sumus
1444 323 1494 359 ut

117 411 138 435 »
163 408 263 438 oves
295 393 518 438 occisionis
545 394 575 436 1.
612 409 632 432 υ
673 392 777 435 Haec
813 388 877 432 illi
919 387 1060 434 solent
1100 403 1124 432 a
1167 386 1494 447 corruptoribus

116 465 436 523 Scripturarum
466 463 652 506 immissa
680 475 770 505 esse
795 460 963 514 dicere,
988 474 1126 519 usque
1148 458 1256 503 adeo
1285 456 1394 503 nihil
1413 458 1496 503 ha-

113 535 221 579 bent
242 533 362 594 quod
392 532 695 578 contradicant
711 565 723 587 ‚
753 539 803 574 ut
828 530 922 574 haec
957 529 1101 574 miseri
1128 527 1389 589 respondere
1418 543 1495 573 co-

115 614 287 665 gantur.
330 604 414 650 Sed
446 605 542 665 quis
576 618 666 648 non
697 601 910 660 intelligat
940 601 1238 646 convictorum
1266 600 1496 646 hominum

113 674 240 720 aliam
262 690 352 719 non
373 690 461 719 esse
483 674 673 734 potuisse
695 671 894 717 ultimam
917 673 1096 716 vocem?

171 747 268 789 XV.
294 747 332 789 Α
354 744 514 804 quibus
535 753 683 788 tamen
704 757 854 803 quaero
870 776 881 796 ‚
906 749 1055 786 utrum
1083 741 1208 785 istam
1238 740 1497 784 sententiam

113 815 159 858 in
181 815 328 858 Veteri
347 816 621 858 Testamento
642 828 731 856 esse
753 821 914 871 negent
933 847 944 864 ‚
985 826 1133 856 annon
1150 825 1389 868 congruere
1406 826 1500 855 sen-

114 885 261 929 tentiae
293 883 539 942 apostolicae
570 881 817 925 affirment?
839 882 896 924 At
927 878 1037 924 illud
1064 881 1254 939 primum
1275 880 1396 924 libris
1418 881 1499 927 do-

112 955 222 1000 cebo
242 973 251 999 :
272 955 317 998 in
336 955 420 998 hoc
445 961 586 997 autem
612 951 747 996 altero
766 951 1093 1010 tergiversantes
1110 950 1306 997 homines
1321 986 1333 1007 ‚
1360 961 1402 995 et
1424 967 1501 1011 per

68 1064 71 1070 .
114 1026 299 1083 abrupta
323 1022 539 1082 fugientes
559 1056 571 1077 ‚
602 1030 676 1066 aut
704 1022 749 1064 in
770 1036 920 1080 pacem
939 1020 1154 1066 revocabo
1171 1057 1186 1078 ,
1217 1021 1252 1066 si
1279 1021 1500 1067 voluerint

113 1094 325 1155 respicere
361 1093 630 1154 aliquantum
652 1127 663 1148 ‚
700 1101 743 1136 et
775 1091 1046 1136 considerare
1085 1092 1193 1151 qnid
1225 1093 1392 1136 dictum
1413 1095 1500 1152 sit3

114 1174 191 1210 aut
211 1179 282 1209 eos
302 1163 586 1221 intelligentia
610 1171 867 1206 caeterorum
884 1196 895 1217 ‚
921 1162 998 1221 qui
1022 1162 1114 1206 sine
1133 1162 1370 1221 cupiditate
1388 1162 1503 1222 judi-

114 1245 242 1291 cant,
278 1234 539 1279 insectabor.
581 1232 698 1286 Quid
724 1233 841 1276 enim
875 1241 1018 1291 potest
1041 1233 1219 1276 amicius
1247 1249 1381 1293 quam
1408 1233 1501 1278 istae

115 1308 194 1352 sibi
215 1321 453 1352 consonare
470 1304 729 1350 sententiae?
751 1306 860 1349 Nam
879 1302 1104 1348 tribulatio
1119 1338 1130 1359 ‚
1156 1305 1352 1362 angustia
1371 1340 1382 1361 ,
1406 1320 1503 1365 per-

115 1379 278 1424 secutio
292 1412 303 1433 ,
323 1376 479 1432 fames,
505 1375 704 1430 nuditas,
726 1375 970 1434 periculum
984 1410 995 1429 ‚
1015 1375 1238 1419 hominem
1255 1376 1300 1420 in
1316 1377 1398 1421 hac
1415 1379 1502 1422 vita

115 1449 400 1494 constitutum
438 1446 622 1506 graviter
656 1446 867 1490 afficiunt.
902 1448 1005 1490 Haec
1032 1446 1179 1506 itaque
1202 1447 1347 1492 omnia
1367 1448 1501 1493 verba

115 1519 190 1563 illo
208 1534 298 1563 uno
319 1516 643 1563 concluduntur
663 1516 913 1561 testimonio
935 1517 1090 1562 veteris
1112 1517 1237 1576 Legis
1254 1552 1265 1572 ,
1291 1533 1380 1578 quo
1402 1518 1498 1562 die-

117 1598 211 1634 tum
239 1597 332 1633 est:
366 1607 387 1630 «
413 1591 594 1647 Propter
615 1596 658 1631 te
680 1586 910 1630 afficimur.
940 1606 958 1628 »
990 1586 1169 1631 Gladius
1190 1588 1404 1644 restabat,
1427 1589 1504 1649 qui

116 1675 206 1704 non
224 1673 513 1703 aerumnosam
530 1658 662 1703 vitam
680 1657 831 1712 affert,
852 1657 927 1701 sed
943 1672 1076 1717 quam
1094 1657 1310 1702 invenerit
1332 1658 1498 1703 adimit.

118 1731 231 1789 Huic
253 1744 353 1788 ergo
376 1728 637 1788 respondet:
661 1747 681 1769 «
701 1728 917 1772 AEstimati
947 1743 1096 1772 sumus
1125 1737 1176 1772 ut
1202 1744 1303 1774 oves
1326 1730 1504 1775 occisio-

120 1820 140 1844 »
165 1801 247 1846 nis.
272 1820 291 1843 »
317 1801 512 1846 Charitas
545 1814 649 1844 vero
676 1800 767 1858 ipsa
794 1814 882 1844 non
907 1799 1052 1859 potuit
1073 1799 1306 1859 significari
1328 1816 1502 1860 expres-

117 1873 203 1917 sius
218 1907 229 1927 ‚
254 1886 387 1932 quam
402 1887 490 1931 quo
508 1869 674 1914 dictum
695 1878 759 1914 est
781 1889 790 1914 :
815 1888 835 1912 «
858 1872 1039 1929 Propter
1059 1879 1117 1914 te.
1144 1890 1162 1912 »
1189 1873 1276 1915 Fac
1291 1887 1394 1930 ergo
1413 1888 1504 1918 non

118 1944 164 1987 in
187 1942 323 1987 Paulo
352 1941 548 2001 apostolo
580 1949 853 2000 compertum
883 1940 1000 1986 istud
1031 1942 1327 1986 testimonium
1344 1978 1354 1997 ‚
1381 1944 1457 1997 sed
1479 1959 1504 1989 a

117 2028 188 2057 me
210 2027 300 2057 esse
316 2010 550 2071 prolatum.
575 2010 903 2071 Numquidnam
919 2011 998 2056 tibi
1014 2010 1402 2057 demonstrandum
1419 2023 1498 2071 est,

116 2084 318 2129 haeretice
334 2118 344 2138 ‚
376 2082 456 2126 nisi
478 2090 554 2126 aut
575 2081 783 2141 scriptum
807 2081 852 2125 in
873 2091 1016 2127 vetere
1038 2085 1151 2141 Lege
1172 2098 1262 2127 non
1283 2098 1374 2128 esse
1391 2119 1402 2139 ‚
1427 2094 1502 2129 aut

115 2145 325 2214 Apostolo
359 2168 450 2198 non
479 2152 739 2197 convenire?
766 2154 962 2205 Quorum
985 2153 1021 2198 si
1055 2154 1165 2199 nihil
1197 2154 1340 2199 dicere
1370 2156 1503 2201 audes

115 2225 302 2283 (urgeris
319 2224 434 2267 enim
452 2238 552 2267 cum
569 2231 612 2266 et
628 2221 764 2267 codex
782 2223 941 2282 legitur
956 2259 966 2279 ‚
993 2240 1082 2284 quo
1100 2223 1281 2284 planum
1298 2225 1351 2270 sit
1372 2227 1502 2286 scrip-

116 2304 212 2340 tum
235 2310 351 2350 esse,
388 2303 431 2337 et
452 2293 650 2338 homines
680 2291 932 2352 intelligunt
966 2293 1019 2338 ad
1051 2294 1095 2339 id
1123 2294 1243 2354 quod
1271 2296 1503 2355 Apostolus

116 2366 223 2411 dixit
239 2401 250 2421 ,
275 2365 384 2409 nihil
416 2380 540 2424 posse
572 2364 713 2423 aptius
741 2365 998 2423 convenire)
1020 2381 1097 2409 cur
1125 2381 1227 2425 ergo
1254 2365 1397 2411 valere
1419 2367 1500 2412 ali-

116 2435 224 2497 quid
252 2444 405 2495 putas‚
440 2434 560 2496 quod
599 2435 839 2494 Scripturas
877 2445 1100 2496 corruptas
1133 2451 1222 2481 esse
1249 2437 1498 2483 insimulare

117 2505 280 2552 audes?
302 2510 524 2552 Postremo
553 2506 662 2566 quid
684 2521 964 2566 responsurus
986 2522 1028 2557 es
1056 2508 1121 2564 ei,
1151 2509 1228 2568 qui
1249 2508 1328 2554 tibi
1349 2508 1462 2555 dicat
1482 2529 1491 2554 :

166 2599 178 2614 1
198 2591 280 2625 Psal.
299 2602 389 2635 xtu1,
409 2601 466 2626 22.
489 2603 502 2626 1
521 2594 664 2626 Retract.
684 2602 758 2634 cap.
780 2602 840 2634 vu,
854 2603 886 2626 n.
903 2600 935 2625 2.
