1729 3143
602 211 656 240 m:
686 209 854 248 onnam,
887 209 970 238 un.
1005 210 1053 237 11.
1430 198 1515 240 487

147 295 169 320 »
191 286 272 337 put
285 311 298 333 ‚
321 291 423 322 cum
443 277 497 321 sit
522 276 665 336 imago
692 284 735 320 et
757 274 892 334 gloria
912 273 1016 332 Dei3
1039 272 1195 318 mulier
1215 282 1361 318 autem
1382 274 1518 333 gloria

147 365 167 389 »
191 347 272 392 viri
293 355 358 391 est
381 366 391 392 :
413 348 511 392 Non
532 346 648 390 enim
669 345 736 391 vir
757 359 809 388 ex
828 343 1030 398 muliere,
1055 343 1131 387 sed
1152 343 1307 387 mulier
1326 358 1377 387 ex
1397 344 1490 389 viro
1508 364 1517 391 2

146 434 167 459 »
191 417 352 461 etenim
367 431 457 461 non
473 425 641 461 creatus
656 423 718 460 est
731 414 797 459 vir
810 422 988 473 propter
1000 412 1227 457 mulierem
1241 447 1254 469 ‚
1273 412 1350 458 sed
1365 413 1522 459 mulier

143 505 166 530 »
192 495 369 547 propter
387 487 528 531 virum
551 504 560 532 :
583 495 813 546 propterea
828 483 960 527 debet
975 483 1137 528 habere
1152 483 1351 529 velamen
1366 483 1524 530 mulier

70 577 74 598 t
144 575 166 600 »
190 572 320 617 super
340 566 471 616 caput
485 591 498 613 ‚
522 565 699 616 propter
715 553 919 614 Angelos.
945 555 1258 599 Verumtamen
1274 570 1417 615 neque
1432 571 1525 600 mu-

144 648 164 672 »
188 627 268 672 lier
288 629 379 672 sine
395 628 488 674 viro
503 662 515 684 ‚
547 642 694 688 neque
714 626 779 672 vir
802 625 894 670 sine
914 624 1098 669 muliere
1120 626 1166 670 in
1182 627 1369 672 Domino
1387 645 1397 673 ε
1417 627 1528 673 sicut

69 700 74 704 ’
143 715 165 740 »
189 698 306 742 enim
327 698 484 742 mulier
514 713 566 743 ex
588 698 679 743 viro
694 731 707 754 ‚
740 697 799 741 ita
831 705 874 741 et
906 695 972 741 vir
996 710 1074 755 per
1101 695 1328 741 mulierem
1349 716 1359 744 ε
1383 697 1527 744 omnia

70 761 73 763 ’
144 788 164 811 »
189 777 337 813 autem
359 783 411 812 ex
429 771 520 813 Deo
535 771 566 813 ¹.
595 786 616 810 »

197 842 315 884 XLI.
342 839 530 883 Laboret
541 840 634 899 jam
651 838 792 883 Adam
809 837 854 880 in
873 851 976 895 agro
995 851 1073 881 suo
1087 870 1099 892 ‚
1122 846 1166 881 et
1186 837 1306 896 quod
1324 838 1468 897 spinas
1485 848 1531 885 et

139 908 324 954 tribulos
346 909 384 952 ei
409 909 522 967 parit
538 916 651 951 terra
666 941 678 962 ‚
701 916 744 950 et
765 906 979 963 intelligat
1001 921 1092 949 non
1113 915 1282 950 naturae
1303 922 1394 952 esse
1412 942 1425 964 ‚
1452 909 1529 954 sed

138 993 313 1038 poenae3
338 986 382 1022 et
404 977 489 1021 hoc
517 992 607 1038 non
635 975 784 1020 nescio
806 974 875 1019 cui
898 972 1017 1033 genti
1033 974 1313 1020 tenebrarum
1328 1011 1340 1033 ‚
1363 977 1440 1022 sed
1459 979 1529 1023 di-

137 1047 240 1092 vino
267 1047 435 1107 judicio
462 1045 625 1090 tribuat
664 1064 673 1090 :
712 1045 814 1105 quia
846 1042 1127 1088 moderamen
1153 1045 1332 1104 justitiae
1360 1056 1425 1091 est
1452 1062 1528 1093 sua

137 1118 297 1178 cuique
320 1117 527 1161 tribuere.
556 1119 652 1175 Ipse
679 1115 753 1160 det
774 1114 948 1159 mulieri
965 1129 1106 1160 escam
1127 1115 1373 1173 coelestem,
1397 1133 1529 1178 quam

138 1186 304 1246 accepit
322 1202 345 1230 a
360 1186 501 1244 capite
517 1201 597 1229 suo
613 1220 625 1240 ,
650 1185 726 1246 qui
743 1194 807 1229 est
823 1184 1021 1230 Christus
1042 1203 1052 1230 z
1078 1200 1169 1229 non
1186 1185 1239 1229 ab
1258 1184 1333 1230 illa
1350 1187 1532 1247 accipiat

137 1256 324 1302 vetitum
339 1255 486 1300 cibum
499 1290 510 1311 ‚
535 1255 582 1299 id
599 1264 685 1311 est,
705 1255 1012 1299 haereticorum
1029 1253 1244 1300 fallaciam
1260 1271 1360 1300 cum
1372 1272 1529 1316 magna

137 1324 451 1387 pollicitatione
464 1325 655 1370 scientiae
666 1359 678 1381 ,
696 1334 740 1369 et
750 1325 874 1385 quasi
893 1333 1158 1370 secretorum
1171 1324 1495 1386 adapertionem
1512 1364 1524 1386 ,

139 1412 228 1458 quo
250 1397 326 1441 fiat
348 1396 404 1441 ad
426 1395 734 1456 decipiendum
764 1411 882 1440 error
912 1395 1005 1455 ipse
1035 1395 1264 1441 conditior.
1290 1398 1528 1445 Haeretico-

139 1482 238 1512 rum
260 1467 426 1527 quippe
445 1467 633 1526 superba
654 1475 698 1511 et
719 1467 886 1511 curiosa
907 1466 1122 1526 cupiditas
1144 1467 1193 1510 in
1209 1466 1322 1513 libro
1342 1471 1528 1514 Prover-

136 1538 313 1583 biorum
328 1537 487 1582 clamat
506 1537 588 1582 sub
606 1536 798 1583 mulieris
815 1537 1003 1597 imagine
1019 1571 1032 1593 ‚
1056 1546 1100 1582 et
1117 1537 1222 1582 dicit
1240 1556 1250 1583 z
1275 1556 1295 1580 «
1316 1540 1401 1592 Qui
1419 1540 1531 1585 stul-

141 1626 164 1651 »
188 1617 259 1653 tus
281 1616 371 1663 est,
407 1605 593 1652 divertat
610 1606 666 1652 ad
682 1622 752 1651 me
774 1626 783 1653 :
805 1625 827 1649 »
852 1615 897 1651 et
912 1607 1064 1667 inopes
1085 1622 1215 1653 sensu
1244 1609 1497 1655 exhortatur
1513 1646 1526 1668 ‚

138 1679 286 1724 dicens
312 1697 322 1724 ε
349 1696 371 1721 «
395 1681 532 1722 Panes
559 1678 753 1724 occultos
775 1678 890 1723 edite
916 1678 1104 1723 libenter
1123 1713 1136 1736 ‚
1172 1688 1216 1724 et
1247 1695 1406 1740 aquam
1428 1680 1530 1726 dul-

139 1767 162 1792 »
188 1763 284 1794 cem
305 1747 514 1794 furtivam
536 1749 676 1793 bibite
689 1751 721 1793 ².
751 1768 770 1790 »
801 1751 858 1793 Et
881 1763 1055 1795 necesse
1076 1758 1141 1794 est
1159 1759 1307 1795 tamen
1322 1786 1334 1806 ,
1358 1767 1459 1796 cum
1483 1762 1527 1798 et

136 1819 211 1865 illa
242 1819 428 1879 quisque
456 1818 717 1876 crediderit,
750 1818 1026 1879 praecedente
1054 1819 1240 1865 libidine
1259 1823 1525 1881 mentiendi,

136 1904 226 1950 qua
245 1889 468 1935 Christum
489 1889 725 1934 mentitum
748 1904 837 1934 esse
859 1889 998 1934 credit
1012 1924 1025 1946 ,
1055 1891 1237 1950 accipiat
1257 1891 1388 1937 etiam
1405 1893 1525 1937 tuni-

136 1974 231 2005 cam
261 1958 489 2019 pelliceam
513 1960 662 2005 divino
678 1959 862 2020 judicio.
893 1962 990 2013 Quo
1011 1960 1189 2005 nomine
1217 1961 1326 2005 mihi
1352 1961 1525 2008 videtur

136 2029 184 2074 in
206 2029 434 2088 prophetia
455 2029 685 2088 significari
705 2045 796 2075 non
818 2030 1008 2090 corporis
1028 2030 1293 2088 mortalitaS,
1317 2047 1418 2092 quae
1441 2034 1520 2094 sig-

87 2128 94 2132 -
136 2099 338 2144 nificatur
370 2100 416 2143 in
448 2098 656 2156 historia,
692 2099 747 2144 de
775 2116 862 2160 qua
882 2101 973 2160 jam
994 2109 1228 2146 tractatum
1249 2110 1341 2161 est3
1369 2102 1446 2148 sed
1467 2104 1523 2149 de

137 2169 384 2215 carnalibus
401 2171 597 2215 sensibus
614 2179 794 2216 attracta
814 2172 1119 2231 phantasmata
1136 2208 1148 2230 ,
1171 2189 1272 2235 quae
1294 2174 1522 2220 carnaliter

136 2242 424 2287 mentientem
445 2242 592 2287 divina
613 2242 708 2301 lege
728 2253 1056 2304 consequuntur
1078 2254 1121 2290 et
1148 2255 1389 2306 contegunt
1415 2265 1426 2292 ε
1449 2255 1518 2292 at-

136 2328 225 2373 que
246 2313 306 2357 ita
326 2314 381 2358 de
404 2312 604 2373 paradiso
620 2348 631 2370 ‚
655 2313 701 2358 id
722 2323 808 2371 est,
833 2314 888 2360 de
918 2315 1130 2362 catholica
1155 2316 1242 2362 fide
1271 2326 1316 2362 et
1341 2318 1520 2363 veritate

138 2382 372 2428 dimittitur
387 2418 400 2440 ,
431 2383 706 2428 habitaturus
729 2393 878 2430 contra
897 2387 1145 2446 paradisum
1159 2422 1171 2444 ‚
1196 2386 1243 2432 id
1259 2397 1349 2443 est,
1378 2388 1518 2433 eidem

137 2452 241 2499 fidei
257 2452 620 2500 contradicturus.
642 2456 727 2508 Qui
743 2456 778 2500 si
797 2456 1032 2518 aliquando
1048 2473 1093 2504 se
1108 2458 1164 2504 ad
1180 2462 1316 2505 Deum
1339 2475 1516 2506 conver-

186 2545 198 2562 ¹
220 2549 235 2571 1
254 2541 327 2572 Cor.
341 2549 388 2581 χι,
409 2547 506 2581 7-12.
521 2555 563 2563 -—
578 2546 591 2563 ²
609 2542 702 2573 Prov.
717 2550 766 2582 rx,
787 2543 838 2574 16.
