1729 3143
535 260 589 288 nn
621 256 830 297 svamm,
863 256 1001 287 sumo
1032 259 1063 286 1.
1415 242 1471 282 2⁶7

96 313 289 359 fantibus
311 315 577 358 exorcizatur
594 328 603 354 :
620 320 696 356 aut
707 311 956 356 exsufflatur
969 331 980 369 3
996 311 1070 356 sed
1083 309 1157 354 ille
1172 308 1255 354 sub
1266 320 1356 368 quo
1369 317 1473 353 sunt

95 400 243 430 omnes
260 385 336 444 qui
357 398 457 428 cum
480 391 656 442 peccato
672 391 925 436 nascuntur,
942 391 1005 426 est
1026 383 1140 426 enim
1155 380 1354 440 princeps
1370 393 1474 437 pec-

93 464 306 498 catorum.
319 456 382 497 Ac
397 467 472 510 per
490 452 573 495 hoc
589 460 764 509 propter
776 465 914 493 unum
931 452 1006 509 qui
1025 451 1170 509 lapsus
1185 458 1250 494 est
1263 458 1307 493 et
1321 462 1473 492 omnes

92 524 208 567 misit
227 523 271 566 in
289 531 490 574 mortem,
516 520 668 563 missus
689 528 753 564 est
774 535 888 563 unus
907 520 999 563 sine
1019 529 1197 578 peccato
1216 519 1294 579 qui
1321 532 1472 562 omnes

91 593 133 637 in
153 608 197 637 se
217 591 440 636 credentes
455 590 664 649 perducat
686 589 741 634 ad
762 590 911 644 vitam,
935 588 1124 632 liberans
1145 604 1216 632 eos
1234 605 1257 632 a
1275 596 1468 647 peccato.

154 664 236 705 ΙΙΙ.
264 661 369 704 Ideo
383 660 598 704 credimus
629 668 672 703 et
692 659 738 702 in
760 659 919 703 Filium
942 659 1047 718 ejus,
1067 657 1113 700 id
1134 667 1214 709 est,
1234 658 1312 700 Dei
1336 656 1473 701 Patris

90 730 418 789 omnipotentis,
460 730 657 784 unicum,
681 730 915 773 Dominum
940 737 1154 772 nostrum.
1179 725 1370 779 Quando
1394 742 1473 769 au-

88 799 154 843 dis
175 800 354 844 unicum
375 800 453 844 Dei
470 800 654 855 Filium,
690 815 872 857 agnosce
897 802 1051 843 Deum.
1076 800 1175 842 Non
1195 797 1312 840 enim
1334 795 1473 840 Filius

87 870 164 912 Dei
186 871 340 913 unicus
370 879 513 928 posset
534 885 622 913 esse
648 885 737 913 non
759 873 886 913 Deus.
908 867 1035 921 Quod
1055 876 1118 911 est
1136 901 1147 921 ‚
1180 867 1263 910 hoc
1288 866 1440 924 genuit
1459 885 1472 924 3

87 939 164 982 etsi
187 954 275 983 non
298 947 361 983 est
381 955 511 999 quem
534 942 698 999 genuit.
729 941 771 985 Si
797 955 924 984 verus
947 949 1010 982 est
1039 947 1185 982 autem
1209 935 1364 982 Filius,
1385 936 1472 980 hoc

87 1016 148 1050 est
171 1008 289 1067 quod
314 1013 465 1054 Pater:
493 1010 526 1053 si
550 1010 632 1054 hoc
651 1026 739 1054 non
754 1019 818 1053 est
839 1009 959 1068 quod
979 1011 1106 1051 Pater
1121 1041 1132 1061 ,
1153 1021 1243 1050 non
1265 1014 1326 1057 est
1344 1020 1471 1049 verus

86 1076 236 1121 Filius.
264 1080 467 1123 Mortales
487 1089 530 1123 et
553 1091 740 1124 terrenas
762 1087 978 1122 creaturas
1004 1076 1214 1121 attendite
1234 1095 1243 1120 ι
1263 1074 1393 1128 Quod
1408 1083 1473 1118 est

84 1161 149 1189 res
171 1163 374 1206 quaeque,
400 1150 483 1190 hoc
503 1158 694 1204 generat.
720 1151 818 1191 Non
840 1155 1017 1205 generat
1032 1148 1163 1190 homo
1186 1146 1362 1199 bovem,
1379 1159 1471 1188 non

84 1225 259 1272 generat
279 1216 368 1259 ovis
386 1231 536 1259 canem
550 1250 560 1269 ‚
587 1231 667 1259 nec
702 1217 818 1258 canis
843 1229 985 1259 ovem.
1013 1214 1239 1270 Quidquid
1261 1222 1325 1255 est
1346 1213 1469 1271 quod

85 1294 275 1342 generat,
301 1285 346 1328 id
368 1285 488 1344 quod
510 1294 573 1328 est
596 1287 973 1342 generas-Tenem
989 1298 1092 1341 ergo
1115 1281 1303 1335 fortiter,
1328 1282 1468 1324 firmi-

83 1362 171 1408 ter,
199 1354 382 1398 fideliter
398 1389 407 1407 ‚
429 1355 531 1414 quia
551 1355 635 1398 hoc
659 1356 809 1413 genuit
831 1357 944 1398 Deus
976 1356 1126 1406 Pater,
1147 1350 1265 1408 quod
1287 1359 1350 1394 est
1377 1352 1469 1410 ipse

83 1425 371 1482 omnipotens.
399 1427 619 1468 Creaturae
634 1425 726 1468 istae
743 1424 946 1467 mortales
961 1439 1036 1481 per
1056 1421 1380 1480 corruptionem
1399 1436 1467 1480 ge-

82 1501 252 1536 nerant.
278 1493 501 1552 Numquid
521 1496 580 1537 sic
594 1497 706 1536 Deus
719 1496 919 1550 generat?
934 1491 1128 1536 Mortalis
1143 1500 1270 1534 natus
1285 1490 1328 1533 id
1345 1490 1468 1550 quod

82 1572 144 1606 est
167 1572 366 1619 generat,
392 1562 646 1607 immortalis
669 1564 789 1622 quod
829 1572 890 1606 est
930 1571 1107 1620 generat
1129 1580 1137 1605 :
1171 1561 1466 1619 corruptibilis

82 1633 409 1691 corruptibilem
442 1643 616 1690 generat
635 1667 646 1684 ,
679 1633 1018 1691 incorruptibilis
1053 1631 1431 1690 incorruptibilem
1450 1651 1462 1688 3

81 1702 373 1761 corruptibilis
386 1702 740 1761 corruptibiliter,
763 1701 1104 1761 incorruptibilis
1121 1700 1465 1759 incorruptibili-

84 1781 172 1817 ter:
198 1787 336 1831 usque
358 1772 465 1817 adeo
487 1774 570 1817 hoc
591 1774 710 1831 quod
727 1785 789 1816 est
803 1808 813 1827 ‚
841 1782 890 1816 ut
912 1788 1025 1817 unus
1047 1788 1184 1816 unum
1203 1807 1214 1826 ‚
1239 1771 1338 1816 ideo
1360 1771 1464 1815 uni-

80 1858 196 1888 cum.
220 1843 340 1887 Scitis
358 1843 563 1902 quoniam
579 1857 680 1886 cum
701 1843 822 1887 vobis
838 1843 1163 1902 pronuntiarem
1185 1840 1460 1899 Symbolum,

79 1915 137 1958 sic
158 1913 262 1967 dixi,
284 1923 326 1957 et
347 1916 406 1958 sic
428 1913 602 1957 credere
625 1913 792 1957 debetis
819 1932 827 1958 ;
852 1914 997 1967 «Quia
1016 1912 1231 1957 credimus
1255 1913 1300 1956 in
1323 1915 1462 1955 Deum

82 2000 101 2024 »
128 1986 296 2027 Patrem
327 1984 696 2042 omnipotentem,
733 1994 777 2029 et
807 1985 853 2027 in
881 1986 1029 2028 Jesum
1057 1983 1277 2028 Christum
1302 1981 1462 2026 Filium

80 2070 100 2093 n
126 2054 215 2111 ejus
238 2054 431 2098 unicum.
453 2072 472 2095 »
499 2056 594 2098 Jam
612 2054 789 2114 quando
804 2055 1001 2106 unicum,
1026 2053 1153 2098 crede
1179 2053 1462 2111 omnipoten-

77 2130 165 2165 tem
186 2141 194 2166 :
219 2138 308 2166 non
331 2124 444 2166 enim
469 2127 580 2168 Deus
604 2128 728 2169 Pater
749 2123 854 2169 facit
876 2124 996 2184 quod
1010 2123 1173 2178 vult,et
1195 2126 1308 2167 Deus
1322 2121 1458 2166 Filius

75 2207 163 2236 non
187 2191 289 2236 facit
302 2192 422 2252 quod
443 2193 552 2237 vult.
580 2197 673 2238 Una
688 2195 891 2238 voluntas
909 2204 972 2239 est
996 2194 1130 2238 Patris
1151 2203 1195 2237 et
1216 2192 1329 2246 Filii,
1355 2191 1456 2252 quia

74 2277 162 2305 una
180 2271 350 2306 natura.
371 2265 459 2307 Nec
481 2263 595 2306 enim
618 2262 818 2307 voluntas
833 2264 928 2307 Filii
944 2273 1124 2323 potesta
1147 2263 1282 2308 Patris
1296 2261 1455 2306 volun-

74 2341 162 2376 tate
188 2331 508 2392 aliquantulum
540 2334 763 2392 segregari.
797 2337 908 2378 Deus
931 2343 974 2378 et
1001 2339 1140 2389 Deus,
1176 2333 1305 2377 ambo
1331 2347 1446 2377 unus

73 2405 187 2447 Deus
204 2423 212 2446 z
230 2404 504 2464 omnipotens
519 2415 561 2448 et
575 2405 864 2464 omnipotens,
881 2405 1010 2449 ambo
1023 2421 1136 2449 unus
1150 2404 1440 2463 omnipotens.

132 2476 208 2518 IV.
243 2477 340 2520 Non
360 2475 677 2520 introducimus
705 2475 814 2520 duos
843 2475 968 2531 deos,
1009 2475 1231 2535 quomodo
1269 2475 1450 2534 quidam

73 2544 358 2589 introducunt
373 2581 383 2599 ‚
410 2556 453 2590 et
474 2545 625 2591 dicunt
642 2582 652 2601 ‚
689 2550 802 2591 Deus
838 2550 964 2592 Pater
986 2555 1028 2590 et
1051 2549 1163 2591 Deus
1186 2545 1348 2603 Filius3
1373 2544 1447 2591 sed
