1729 3143
411 227 465 253 DE
496 226 647 254 ummo
680 223 894 263 Alim'nuo,
929 227 1011 252 Lm.
1046 225 1112 251 111.
1365 211 1444 252 401

18 289 21 293 ’
74 303 206 348 quam
227 289 382 334 veritas
398 305 487 334 sese
509 290 643 335 habet
663 289 887 335 credidero
904 299 980 335 aut
1002 304 1172 334 sensero
1189 323 1200 344 ,
1219 288 1452 334 vehemen-

73 367 139 403 ter
152 358 368 404 cavendus
386 369 448 404 est
465 376 583 405 error
604 380 613 405 :
637 376 692 404 ne
708 359 814 403 mihi
835 369 909 404 aut
925 359 1161 404 necessaria
1177 374 1266 404 non
1283 374 1452 418 praepa-

73 443 163 472 rem
180 463 191 484 ‚
217 438 292 473 aut
314 429 369 474 ad
390 445 490 474 eum
512 430 655 489 ipsum
676 430 808 472 finem
831 429 1039 488 propositi
1061 429 1144 473 mei
1162 465 1172 485 ‚
1205 429 1311 473 dum
1333 428 1453 473 aliud

72 513 152 558 pro
173 498 258 544 alio
279 500 385 544 mihi
403 501 596 556 videtur,
620 500 844 560 pervenire
860 514 950 544 non
967 500 1138 558 possim.
1159 501 1454 553 Quamobrem

14 621 17 627 1
72 570 182 614 sicut
204 570 259 615 ad
280 571 618 630 comparandam
641 579 804 616 vestem
824 569 933 614 nihil
955 571 1063 614 mihi
1084 572 1270 627 obesset,
1293 572 1326 616 si
1346 587 1456 631 prae-

72 641 210 686 teritae
240 642 410 699 hyemis
439 642 600 687 oblitus
624 656 779 696 essem,
812 641 982 686 obesset
1015 651 1161 686 autem
1192 643 1226 686 si
1254 643 1454 686 futurum

71 709 208 769 frigus
237 711 464 756 imminere
488 727 577 757 non
600 712 853 770 'crederem3
891 712 950 756 ita
979 711 1090 755 nihil
1124 712 1267 756 oberit
1299 713 1456 756 animae

15 785 17 838 j
71 796 195 837 meae,
213 782 248 826 si
266 782 401 827 oblita
421 791 484 827 est
505 782 613 843 quid
630 783 744 827 forte
762 782 1005 842 pertulerit,
1021 783 1055 827 si
1075 783 1206 827 modo
1226 783 1458 842 diligenter

10 843 17 852 '¹
72 853 269 898 advertat
288 863 332 898 et
348 863 494 899 teneat
511 870 600 915 quo
619 870 662 898 se
685 853 888 913 deinceps
903 869 1054 913 parare
1070 863 1313 899 moneatur.
1331 855 1458 899 Etsi-

8 961 18 988 ζ
71 933 146 969 cut
163 959 174 980 ‚
198 925 319 970 verbi
342 926 476 984 gratia
492 961 502 980 ,
528 929 712 969 Romam
736 926 957 982 naviganti
974 926 1083 967 nihil
1096 934 1272 968 noceret
1289 926 1323 969 si
1340 928 1457 971 exci-

71 995 202 1039 disset
222 995 382 1049 animo,
409 1011 431 1039 a
453 1010 542 1055 quo
559 993 705 1039 littore
723 1009 877 1038 navem
894 991 1070 1038 solverit
1085 1029 1096 1048 ‚
1117 993 1224 1038 dum
1242 1003 1389 1040 tamen
1403 999 1458 1042 ab

13 1068 17 1118 ἶ
71 1080 122 1110 eo
136 1064 233 1109 loco
246 1064 323 1108 ubi
341 1074 449 1109 esset
467 1080 556 1110 non
572 1065 793 1123 ignoraret
809 1080 897 1124 quo
910 1079 1083 1124 proram
1100 1064 1328 1125 dirigeret3
1348 1069 1459 1112 nihil

12 1137 16 1166 ‘-
71 1145 217 1180 autem
238 1135 463 1194 prodesset
483 1136 730 1180 meminisse
750 1136 907 1180 littoris
926 1170 938 1191 ,
963 1136 1082 1180 unde
1098 1137 1179 1180 iter
1193 1152 1368 1184 exorsus
1385 1141 1457 1198 sit,

12 1217 19 1256 ᾗ
71 1207 105 1250 si
128 1205 183 1250 de
211 1208 409 1250 Romano
430 1214 562 1265 portu
595 1203 751 1249 falsum
781 1204 948 1265 aliquid
974 1206 1220 1253 existimans
1237 1244 1248 1264 ‚
1284 1210 1328 1252 in
1361 1226 1459 1256 saxa

11 1283 16 1298 ¹
69 1275 292 1320 incidisset
316 1294 324 1320 ε
349 1277 409 1319 ita
425 1290 569 1334 neque
583 1275 618 1318 si
636 1290 726 1319 non
742 1283 926 1320 tenuero
939 1276 1113 1321 initium
1133 1280 1338 1338 temporis
1356 1281 1457 1325 vitae

71 1362 201 1402 meae,
227 1346 465 1406 quidquam
487 1346 593 1390 mihi
616 1346 756 1390 oberit
777 1346 929 1391 scienti
951 1363 1040 1408 quo
1062 1349 1149 1393 fine
1170 1350 1462 1411 requiescam3

15 1442 17 1444 ·
72 1433 152 1462 nec
186 1416 409 1476 prodesset
436 1415 602 1477 aliquid
633 1415 706 1460 illa
739 1416 826 1461 sive
854 1419 1067 1462 memoria
1099 1420 1187 1465 sive
1209 1422 1459 1481 conjectura

9 1494 17 1518 ἐ
71 1488 287 1533 inchoatae
304 1488 405 1532 vitae
422 1522 432 1542 ‚
458 1487 491 1531 si
513 1485 567 1530 de
590 1487 683 1546 ipso
702 1488 813 1542 Deo,
839 1488 916 1546 qui
935 1504 1049 1533 unus
1071 1489 1273 1535 laborum
1301 1493 1459 1537 animae

7 1569 17 1601 a:
71 1559 169 1603 finis
188 1567 276 1613 est,
302 1559 425 1602 aliter
456 1572 588 1619 quam
617 1556 797 1616 dignum
831 1567 894 1603 est
926 1561 1129 1619 opinatus
1147 1597 1158 1617 ‚
1187 1563 1232 1606 in
1258 1563 1459 1623 scopulos

72 1644 226 1673 errorls
247 1644 472 1672 irruerem.

132 1702 271 1743 LXII.
306 1702 394 1745 Nec
416 1699 495 1742 iste
512 1713 653 1744 sermo
674 1699 728 1742 ad
745 1698 790 1743 id
812 1699 1023 1756 valuerit,
1052 1711 1099 1746 ut
1127 1704 1356 1765 quisquam
1380 1720 1459 1750 nos

10 1799 15 1827 ὲ
72 1769 302 1829 prohibere
324 1769 574 1822 arbitretur,
596 1778 644 1812 ut
665 1780 863 1829 quaerant
881 1771 957 1830 qui
974 1773 1198 1830 potuerint
1214 1776 1458 1820 secundum

75 1840 315 1899 Scripturas
349 1838 557 1883 divinitus
588 1835 843 1898 inspiratas,
880 1849 1031 1886 utrum
1059 1844 1202 1888 anima
1229 1845 1286 1889 de
1316 1846 1458 1891 anima

72 1919 338 1970 propagetur
355 1944 366 1965 ‚
393 1925 447 1953 an
465 1924 543 1954 suo
560 1909 719 1968 cuique
735 1911 946 1955 animanti
964 1912 1144 1970 singulae
1161 1914 1206 1958 in
1223 1914 1315 1974 ipso
1332 1915 1455 1971 fiant,

74 1997 128 2025 an
151 1980 207 2025 ad
227 1980 468 2038 regendum
490 1980 865 2040 animandumque
892 1996 1047 2041 corpus
1076 1984 1223 2028 divino
1250 1994 1363 2030 nutu
1385 1985 1461 2030 ali-

73 2051 216 2096 cunde
238 2051 490 2104 mittantur,
516 2050 587 2094 vel
621 2051 795 2110 propria
828 2050 1055 2097 voluntate
1076 2069 1120 2098 se
1141 2055 1392 2114 insinuent3
1424 2058 1458 2101 si

74 2122 143 2167 vel
155 2121 337 2181 alicujus
349 2119 628 2180 expediendae
641 2121 890 2166 necessariae
904 2124 1156 2182 quaestionis
1170 2127 1277 2170 ratio
1291 2127 1459 2185 flagitat

73 2193 153 2236 ista
171 2192 442 2237 considerare
465 2200 596 2249 atque
618 2190 849 2246 discutere,
870 2192 939 2237 vel
959 2209 982 2237 a
1004 2195 1134 2239 rebus
1155 2197 1290 2256 magis
1308 2212 1459 2242 neces-

75 2265 193 2309 sariis
215 2265 354 2309 otium
379 2262 434 2307 ad
459 2263 552 2307 haec
575 2262 809 2322 quaerenda
839 2272 882 2307 et
913 2264 1161 2310 disserenda
1183 2267 1452 2313 conceditur.

73 2336 239 2378 Verum
255 2334 310 2378 ad
327 2333 371 2377 id
388 2333 531 2392 potius
548 2333 627 2377 ista
645 2332 825 2377 dixerim
844 2368 855 2388 ‚
880 2349 935 2378 ne
958 2336 1054 2395 quis
1072 2337 1117 2380 in
1138 2353 1183 2381 re
1200 2337 1276 2382 tali
1298 2338 1367 2382 vel
1392 2347 1458 2383 te-

75 2421 191 2449 mere
216 2413 467 2449 succenseat
488 2404 547 2458 ei,
578 2404 652 2463 qui
673 2419 762 2448 suae
784 2404 978 2463 opinioni
999 2406 1257 2453 humaniore
1278 2408 1458 2456 fortasse

12 2532 13 2538 ἵ
76 2475 350 2520 dubitatione
370 2490 460 2520 non
482 2474 596 2519 cedit
617 2494 625 2519 ;
651 2484 726 2519 aut
747 2476 877 2519 etiam
897 2476 933 2520 si
951 2477 1057 2536 quid
1079 2479 1182 2524 hinc
1205 2482 1310 2525 certi
1339 2483 1458 2542 quis-

76 2561 208 2606 quam
225 2555 268 2591 et
283 2545 438 2606 liquidi
463 2544 862 2605 comprehenderit,
886 2545 985 2594 ideo
1015 2557 1141 2607 putet
1171 2550 1307 2596 alium
1334 2567 1454 2611 spem

211 2628 396 2658 cxxxiv.
1219 2622 1270 2662 26
