1729 3143
264 144 345 194 142
684 156 718 185 ε.
754 155 985 187 Aucus-nm
1016 156 1198 188 Enxscom

262 240 283 264 »
307 222 562 282 sanguinem
583 221 726 265 fratris
753 220 818 264 tui
849 219 905 264 de
932 235 1065 266 manu
1100 229 1176 264 tua
1195 222 1226 264 1.
1255 238 1275 262 »
1308 223 1506 279 Agnosce
1529 223 1638 282 jam,

258 301 393 346 terra,
425 294 629 352 quoniam
659 290 870 348 sanguine
893 290 1027 348 rigata
1056 305 1099 334 es
1127 290 1400 347 innocentis,
1430 293 1642 337 convince
1700 290 1704 321 2

257 377 406 407 vocem
433 360 627 419 negantis
645 394 656 414 ,
687 361 854 419 suscipe
879 361 1135 419 sanguinem
1156 361 1418 406 confitentis.
1451 365 1644 406 Interro-
1700 415 1702 418 .

258 442 413 491 gentur
432 441 474 474 et
490 445 606 475 nunc
619 430 753 479 Judas
771 441 813 476 et
829 431 994 487 sudaei,
1017 432 1105 476 imo
1120 433 1164 475 in
1181 432 1296 476 Juda
1313 448 1464 476 omnes
1481 432 1640 480 Judaei.
1701 468 1705 473 .

257 505 500 558 Interroget
535 501 743 547 Dominus
776 502 963 558 Judam,
998 512 1041 546 et
1063 502 1179 547 dicat
1208 503 1272 558 ei,
1301 502 1445 557 suda,
1469 503 1548 546 ubi
1582 511 1645 546 est
1700 519 1707 557 '⁴

255 571 451 616 Christus
469 570 600 620 frater
620 574 751 617 tuus?
768 576 835 617 An
860 571 972 617 forte
994 573 1192 619 dicturus
1207 589 1272 627 es,
1298 589 1324 618 o
1349 573 1462 616 male
1481 573 1615 617 frater
1629 606 1641 628 ‚

254 644 375 702 quod
407 644 604 688 Christus
633 654 734 688 tuus
767 659 858 688 non
891 643 973 688 fuit
1008 643 1168 688 frater?
1191 645 1432 689 convineat
1460 653 1503 687 te
1526 644 1646 702 prius
1704 639 1705 683 j

252 713 342 772 ipse
367 713 576 758 Dominus
596 715 716 774 quod
734 724 834 758 tuus
852 714 983 758 fuerit
1005 714 1152 758 frater.
1180 716 1255 758 Dic
1285 714 1410 757 nobis
1425 748 1436 767 ‚
1464 713 1645 757 Domine
1699 732 1705 773 3

254 785 356 827 Jesu
378 786 549 829 Christe
568 821 579 840 ‚
604 796 754 829 utrum
775 784 910 829 Judas
932 783 1066 828 fuerit
1080 784 1212 828 frater
1230 793 1345 828 tuus.
1369 782 1642 843 Respondet:

254 855 310 896 Et
327 855 361 897 si
383 853 469 899 fuit
488 889 500 910 ‚
526 854 611 900 fuit
632 876 641 900 ε
666 872 755 899 non
776 856 892 899 enim
916 864 980 898 est
1001 856 1121 914 quod
1138 854 1242 909 fuit,
1269 863 1313 898 et
1334 855 1367 897 si
1395 854 1478 896 fuit
1495 888 1506 906 ‚
1529 852 1614 896 fuit
1635 870 1645 896 ε

255 939 336 983 ego
358 925 474 969 enim
498 926 756 984 generaliter
781 925 836 970 de
867 926 1069 970 omnibus
1098 925 1213 969 Patri
1235 939 1334 968 meo
1357 924 1444 967 dixi
1472 942 1481 967 ε
1511 942 1530 965 α
1554 926 1648 968 An·

256 1011 277 1036 >a
303 997 519 1041 nuntiabo
541 1012 702 1044 nomen
725 1007 851 1040 tuum
870 996 1077 1041 fratribus
1101 996 1206 1039 meis
1226 999 1260 1038 2.
1289 1013 1309 1035 »
1341 997 1478 1045 Ecce,
1513 994 1645 1049 Juda,
1699 988 1701 1026 ἶ

252 1065 479 1108 convictus
501 1077 572 1114 es,
598 1064 719 1120 quod
742 1062 939 1105 Christus
969 1062 1100 1104 fuerit
1131 1061 1261 1104 frater
1284 1070 1401 1105 tuus.
1432 1081 1452 1103 «
1480 1063 1566 1105 Ubi
1587 1071 1650 1106 est
1699 1100 1701 1105 ,

254 1150 275 1174 »
302 1132 435 1176 frater
457 1133 589 1175 tuus?
615 1150 635 1172 u
662 1131 918 1190 Responde,
945 1130 1038 1185 dic,
1064 1146 1246 1190 sequere
1262 1166 1273 1185 ‚
1299 1131 1371 1175 dic
1397 1131 1518 1190 quod
1542 1131 1650 1176 dixit
1698 1145 1700 1187 g

251 1212 296 1248 et
311 1202 383 1247 ille
405 1222 415 1248 ε
444 1222 464 1245 «
489 1203 658 1248 Nescio.
683 1201 910 1262 Numquid
932 1217 1013 1261 ego
1035 1218 1130 1246 sum
1153 1211 1297 1246 custos
1319 1200 1464 1246 fratris
1486 1201 1602 1246 mei?
1622 1221 1642 1245 »

250 1277 348 1320 Non
370 1275 486 1318 enim
507 1283 550 1318 et
572 1283 621 1318 tu
643 1274 762 1318 fuisti
786 1284 930 1318 custos
948 1309 958 1328 ,
984 1275 1061 1333 qui
1085 1283 1128 1318 et
1151 1273 1348 1332 proditor
1370 1273 1511 1319 factus
1534 1289 1578 1318 es
1601 1283 1645 1319 et

251 1343 466 1389 venditor.
506 1344 582 1388 Dic
609 1364 618 1389 :
653 1363 674 1386 «
699 1344 925 1404 Numquid
947 1360 1043 1388 sum
1073 1353 1216 1388 custos
1241 1343 1383 1388 fratris
1410 1344 1522 1388 mei?
1544 1362 1564 1385 »
1597 1352 1646 1388 ut

249 1413 565 1473 respondeatur
585 1423 628 1457 et
658 1415 739 1457 tibi
764 1434 773 1459 :
803 1433 821 1455 «
847 1417 942 1458 Vox
963 1414 1186 1472 sanguinis
1217 1413 1362 1458 fratris
1386 1414 1452 1458 tui
1485 1413 1645 1458 clamat
1697 1454 1700 1464 ,

253 1500 272 1525 »
298 1484 354 1528 ad
375 1500 444 1528 me
466 1483 520 1528 de
542 1493 671 1528 terra.
703 1502 723 1525 ν»
752 1484 869 1537 Quid
892 1485 1007 1528 enim
1031 1484 1138 1528 dicit
1167 1486 1307 1529 omnis
1336 1485 1469 1528 homo
1508 1485 1646 1529 terra?

253 1572 274 1596 «
299 1555 469 1600 Primus
483 1555 596 1599 enim
617 1556 748 1599 homo
766 1555 821 1598 de
839 1563 952 1598 terra
970 1564 1196 1612 terrenus3
1220 1573 1239 1596 u
1262 1564 1305 1599 et
1325 1573 1334 1599 ε
1357 1553 1541 1607 «Qualis
1559 1563 1646 1598 ter·
1710 1553 1714 1604 ἔ

211 1612 221 1621 ⁴
252 1642 272 1665 »
298 1640 453 1679 renus,
478 1625 584 1669 tales
602 1634 645 1669 et
662 1625 863 1669 terreniss.
890 1645 907 1666 »
937 1625 1054 1677 Quid
1072 1625 1179 1669 dicit
1196 1625 1336 1669 omnis
1354 1626 1488 1669 homo
1510 1633 1640 1680 terra,
1696 1653 1698 1656 v

248 1695 427 1754 quando
448 1696 604 1754 accipit
624 1695 882 1753 sanguinem
899 1696 1092 1740 Christi?
1119 1715 1140 1737 α
1166 1700 1307 1739 Amen
1328 1714 1348 1736 »
1375 1695 1499 1739 dicit.
1524 1694 1644 1747 Quid
1710 1733 1713 1739 ⁴

249 1774 313 1809 est
336 1784 356 1807 «
372 1767 537 1809 Amen?
555 1784 574 1807 »
594 1768 756 1809 Verum
775 1774 853 1809 est.
887 1765 1004 1818 Quid
1032 1775 1096 1810 est
1114 1767 1294 1809 verum?
1311 1766 1422 1818 Quia
1440 1764 1562 1809 fusus
1582 1774 1646 1810 est

247 1837 420 1895 sanguis
441 1837 615 1882 Christi.
648 1841 742 1890 Quo
768 1837 986 1881 faciente?
1019 1837 1239 1895 Discipulo
1273 1836 1387 1880 Juda
1423 1837 1639 1880 tradente.

253 1925 274 1949 ι(
291 1911 431 1952 Amen
449 1927 468 1949 »
489 1908 692 1962 dicendo,
711 1924 858 1952 verum
879 1907 1110 1952 clamando
1128 1909 1232 1951 dicit
1251 1909 1335 1951 hoe
1349 1908 1490 1952 omnis
1509 1908 1642 1951 homo

248 1987 376 2024 terra.
412 1982 555 2034 Ecce,
580 1980 718 2034 Juda,
747 1998 767 2021 «
812 1982 906 2023 Vox
945 1979 1167 2038 sanguinis
1198 1978 1340 2022 fratris
1373 1978 1440 2022 tui
1483 1977 1644 2022 elamat
1712 1990 1713 1996 ¹

250 2067 271 2091 »
303 2049 360 2095 ad
389 2067 458 2095 me
495 2052 551 2096 de
589 2061 716 2096 terra.
755 2069 775 2092 »
808 2051 1097 2096 Probavimus
1120 2084 1131 2105 ‚
1168 2050 1271 2109 quia
1307 2050 1398 2110 ejus
1432 2049 1644 2108 sanguine
1694 2071 1707 2105 i·

250 2135 416 2178 rigaris.

309 2194 363 2237 V.
382 2192 508 2248 Vide,
524 2201 651 2247 terra,
667 2194 890 2252 quomodo
904 2193 1086 2252 accipias
1099 2193 1219 2236 hunc
1236 2190 1493 2249 sanguinem
1510 2209 1519 2236 :
1540 2191 1642 2250 quia

251 2263 450 2321 quicum
478 2263 591 2308 bene
619 2264 795 2323 accipit,
822 2264 978 2323 accipit
1007 2263 1362 2308 benedictionem
1395 2281 1404 2306 ε
1442 2262 1517 2321 qui
1539 2276 1642 2306 vero
1694 2259 1704 2290 ’-

253 2348 352 2377 eum
387 2335 500 2380 male
534 2336 689 2396 accipit
709 2371 720 2391 ‚
745 2335 961 2396 judicium
985 2336 1065 2380 sibi
1095 2332 1285 2380 bibendo
1316 2333 1518 2392 acquirit.
1547 2335 1641 2377 Hoc

252 2403 485 2462 figuratum
521 2416 585 2452 est
620 2416 664 2451 et
699 2408 746 2451 in
780 2405 857 2451 illo
883 2421 984 2465 agro
1012 2405 1166 2460 Judae,
1197 2403 1252 2448 de
1274 2419 1364 2464 quo
1386 2402 1555 2448 dictum
1576 2410 1640 2455 est
1692 2440 1695 2453 ,

302 2494 312 2512 ¹
337 2491 417 2523 Gen.
431 2501 474 2532 iv,
497 2502 549 2524 ιι.
568 2508 609 2516 -
624 2498 637 2516 ²
659 2492 741 2525 Psal.
758 2502 824 2533 xxi,
842 2492 897 2526 23.
916 2508 957 2516 —
977 2491 991 2516 3
1009 2503 1023 2525 1
1043 2493 1116 2525 Cor.
1134 2501 1188 2532 xv,
1205 2488 1329 2534 45-48.
