1729 3143
193 191 227 221 0⁷
252 196 275 222 (ι
716 201 1049 226 annona-rumas.

580 349 833 389 ,mmmmm
850 348 914 403 (6)
936 360 1034 405 pag.
1072 354 1170 390 218.

243 503 376 563 Apud
410 504 706 564 Epiphanium
742 516 785 550 et
819 508 1133 551 Damaseenum
1157 506 1575 569 Sccturnilz'aniap-

184 574 419 634 pellantur,
446 591 687 636 eorumque
708 584 860 621 auctor
884 575 1175 622 Scctzcrnz'las.
1205 579 1272 623 Sic
1300 579 1429 623 etiam
1448 590 1575 626 vocat

186 647 382 691 Justinus
402 648 448 691 in
469 646 642 706 dialogo
663 663 765 692 cum
780 648 1016 708 Tryphone
1035 664 1083 693 ac
1107 649 1423 696 Theodoretus.

580 822 836 863 ΑΝΝοΤΑΤΙο
859 820 925 877 (7)
941 834 1042 879 pag.
1069 828 1170 864 228.

249 988 521 1047 Epiphanius
553 987 599 1031 in
636 988 819 1033 Panario
849 987 1029 1049 quidem
1062 989 1215 1034 haeres.
1254 1008 1363 1034 inn
1402 1000 1445 1035 et
1476 1010 1580 1039 Lx1v

188 1069 335 1119 aperte
357 1057 585 1118 profitetur
617 1059 782 1104 nescire
815 1076 859 1104 se
889 1075 944 1104 an
972 1060 1222 1119 Origeniani
1244 1061 1314 1105 isti
1345 1071 1492 1122 turpes
1525 1065 1579 1109 ab

187 1132 374 1189 Origene
396 1131 660 1186 Adamantio
685 1130 789 1176 dicti
820 1134 931 1187 sint,
967 1147 1022 1176 an
1059 1132 1112 1175 ab
1145 1132 1229 1177 alio
1250 1132 1437 1192 Origene
1469 1154 1478 1179 ε
1504 1135 1579 1180 sed

187 1200 384 1261 profecto
398 1200 444 1244 in
461 1201 816 1261 Anacephalaeosi
828 1237 838 1257 ,
860 1217 959 1263 quae
977 1202 1067 1246 sola
1089 1202 1178 1247 sine
1199 1204 1380 1247 Panario
1397 1205 1515 1249 venit
1532 1205 1578 1250 in

185 1288 340 1316 manus
352 1273 586 1331 Augustini
604 1272 659 1317 de
677 1274 870 1334 utrisque
885 1274 1158 1334 Origenianis
1175 1274 1234 1319 sic
1252 1275 1356 1320 dicit
1373 1276 1574 1333 obscure,
1618 1306 1622 1307 ν

183 1354 233 1389 ut
253 1344 416 1403 priores
438 1359 529 1389 non
551 1345 605 1389 ab
627 1346 783 1391 eodem
804 1346 993 1406 Origene
1017 1346 1297 1402 Adamantio,
1322 1346 1397 1392 sed
1414 1347 1470 1392 ab
1493 1347 1577 1394 alio

183 1413 400 1475 profectos
421 1415 633 1461 crederes.

576 1594 832 1636 ΑΝΝοΤΑΤῐο
863 1593 925 1648 (8)
946 1605 1046 1650 pag.
1075 1596 1176 1634 253.

241 1762 320 1806 Hic
342 1771 460 1806 certe
482 1761 634 1805 finitur
657 1761 886 1819 Augustini
913 1760 1023 1803 liber
1056 1780 1065 1805 ;
1091 1759 1262 1804 tametsi
1283 1759 1328 1803 in
1350 1759 1576 1805 codicibus

182 1836 306 1878 MSS.
335 1833 552 1891 plerisque
574 1830 793 1874 addantur
814 1830 1057 1874 Nestoriani
1085 1839 1128 1873 et
1159 1829 1425 1887 Eutychiani
1451 1831 1576 1888 (hae-

186 1918 296 1946 reses
318 1904 471 1962 utique
493 1918 582 1946 non
606 1910 706 1945 ante
729 1901 963 1959 Augustini
986 1901 1157 1944 obitum
1181 1901 1446 1960 nominatae)
1468 1911 1511 1947 et
1532 1902 1578 1947 in

186 1973 448 2034 quibusdam
471 1973 599 2016 etiam
626 1972 918 2022 Timotheani,
942 1971 1027 2015 hoc
1049 1970 1201 2015 ordine
1231 1991 1240 2015 :

252 2067 270 2086 α
303 2044 576 2088 Timotheani
597 2042 752 2087 dicunt
773 2042 934 2086 Filium
958 2043 1034 2086 Dei
1061 2057 1211 2087 verum
1235 2043 1414 2103 quidem
1435 2043 1580 2088 homi-

191 2135 210 2156 »
246 2131 347 2159 nem
361 2130 411 2158 ex
425 2115 587 2172 virgine
598 2114 736 2158 Maria
752 2123 922 2170 natum,
933 2111 1010 2157 sed
1023 2128 1113 2158 non
1125 2113 1185 2157 ita
1195 2128 1329 2157 unam
1343 2112 1580 2159 reddidisse

190 2206 208 2228 »
244 2201 493 2247 personam,
517 2194 568 2229 ut
589 2201 679 2230 non
701 2185 747 2229 in
768 2200 903 2229 unam
925 2186 980 2229 sit
999 2184 1199 2230 redactus
1220 2194 1420 2229 naturam
1436 2220 1448 2240 ,
1474 2201 1581 2232 con-

189 2277 209 2300 »
245 2257 465 2303 flatorium
498 2256 723 2318 quoddam
755 2256 952 2301 volentes
988 2257 1120 2302 fuisse
1154 2257 1359 2302 interiora
1381 2257 1576 2317 virginis,

182 2350 202 2370 n
241 2345 317 2390 per
339 2330 461 2390 quod
489 2328 590 2374 duae
611 2338 800 2385 naturae,
824 2328 870 2373 id
891 2338 971 2381 est,
997 2332 1112 2374 Deus
1133 2338 1176 2374 et
1199 2330 1349 2385 homo,
1374 2329 1420 2373 in
1440 2345 1577 2375 unam

179 2420 199 2442 »
235 2400 435 2445 resolutae
457 2409 499 2445 et
521 2410 760 2460 compactae
791 2415 977 2445 massam
994 2435 1005 2455 ,
1042 2415 1178 2444 unam
1206 2400 1284 2444 Dei
1314 2409 1358 2443 et
1385 2400 1575 2445 hominis

179 2488 199 2511 »
235 2471 510 2515 exhibuerint
541 2470 728 2516 formam
760 2490 769 2516 :
806 2471 1038 2515 immutata
1078 2469 1283 2516 videlicet
1315 2479 1571 2514 naturarum

180 2560 198 2580 η
236 2544 497 2600 proprietate
514 2543 800 2588 efficientium
814 2542 1064 2588 coitionem.
1082 2545 1137 2588 Et
1150 2542 1205 2588 ad
1223 2541 1569 2588 confirmandam
