1729 3143
420 189 473 216 DE
505 188 656 217 ummo
688 186 901 227 Amnum,
926 188 1008 216 ΜΒ.
1045 187 1074 213 1.
1354 174 1437 215 285

63 254 253 299 divinam
283 255 596 314 providentiam
618 255 905 300 inevitabilius
928 262 1180 313 secretoque
1214 252 1436 311 puniatur.

61 327 114 369 E.
140 325 280 384 Cupio
297 361 308 381 ,
335 326 369 370 si
396 326 527 371 modo
559 325 774 386 perveniri
795 325 929 384 possit
956 324 1010 369 ad
1041 332 1174 368 tantae
1204 324 1266 367 rei
1289 323 1441 367 termi-

61 410 140 440 nos
161 414 170 440 :
193 411 294 440 nam
316 396 400 441 hoc
422 411 501 454 ego
517 397 737 440 infinitum
758 404 881 454 puto.
909 399 960 439 A.
986 398 1079 439 Imo
1101 395 1250 438 adesto
1272 393 1439 448 animo,

61 475 105 510 et
129 466 306 511 ratiodis
337 467 428 511 vias
458 467 617 525 pietate
648 464 783 510 fretus
811 464 1053 523 ingredere.
1090 464 1207 510 Nihil
1234 473 1298 509 est
1328 464 1445 508 enim

0 596 1 599 Ἰ
62 544 149 580 tam
172 536 358 581 arduum
375 546 506 597 atque
522 535 699 581 difficile
714 571 724 591 ,
750 534 869 596 quod
890 550 980 579 non
997 538 1087 579 Deo
1105 534 1338 594 adjuvante
1354 533 1446 594 pla-

58 607 285 651 nissimum
302 617 432 667 atque
455 605 819 667 expeditissimum
841 607 931 651 fiat.
955 609 1007 650 In
1023 606 1166 665 ipsum
1185 605 1333 665 itaque
1352 620 1447 649 sus-

2 677 7 724 ἐ
58 677 181 736 pensi
213 687 344 737 atque
374 677 429 721 ab
464 693 514 722 eo
546 676 755 721 auxilium
777 676 1086 737 deprecantes,
1111 675 1232 735 quod
1253 675 1447 720 institui-

4 741 9 810 ζ
56 762 154 793 mus
169 783 181 804 ‚
208 764 468 808 quaeramus.
495 752 552 793 Et
571 750 691 809 prius
713 749 926 808 responde
944 748 1053 792 mihi
1071 783 1082 803 ,
1109 757 1258 792 utrum
1280 747 1357 792 ista
1377 746 1448 791 lex

57 834 156 878 quae
176 817 328 863 litteris
350 818 653 879 promulgatur
669 855 680 875 ,
707 819 954 864 hominibus
970 820 1084 863 hanc
1103 819 1236 863 vitam
1258 816 1447 862 viventi-

9 893 11 899 '
57 887 140 932 bus
155 888 424 947 opituletur?
445 892 497 932 E.
519 888 799 933 Manifestum
816 900 879 933 est
895 909 908 947 εν
920 905 1023 933 nam
1041 906 1092 934 ex
1109 890 1176 933 his
1194 888 1448 933 hominibus

56 958 211 1018 utique
231 957 384 1017 populi
406 957 686 1018 civitatesque
708 959 964 1003 consistunt.
990 964 1043 1004 A.
1070 959 1189 1013 Quid
1205 959 1287 1019 ipsi
1303 957 1449 1002 homi-

12 1053 13 1059 *
57 1042 134 1072 nes
157 1037 200 1072 et
222 1028 392 1088 populi,
414 1027 688 1088 ejusdem-ne
707 1030 872 1088 generis
895 1045 1041 1075 rerum
1059 1039 1175 1085 sunt,
1200 1039 1252 1074 ut
1273 1029 1449 1074 interire

57 1100 271 1144 mutarive
292 1115 382 1144 non
404 1100 569 1158 possint
590 1135 601 1156 ‚
637 1101 874 1160 aeternique
896 1102 1077 1146 omnino
1099 1101 1185 1144 sint
1207 1136 1217 1155 ‚
1260 1116 1314 1145 an
1346 1114 1449 1144 vero

56 1169 289 1230 mutabiles
305 1171 663 1230 temporibusque
679 1170 863 1230 subjecti
875 1173 1002 1214 sunt?
1019 1173 1071 1214 E.
1088 1170 1303 1215 Mutabile
1319 1169 1450 1229 plane

14 1262 17 1284 2
57 1250 190 1301 atque
216 1231 405 1301 tempori
439 1241 677 1286 obnoxium
710 1241 795 1285 hoc
829 1256 965 1299 genus
998 1256 1087 1285 esse
1119 1241 1216 1300 quis
1247 1240 1451 1284 dubitet?

58 1313 111 1354 A.
136 1313 253 1370 Ergo
277 1311 311 1355 si
329 1310 517 1370 populns
536 1312 590 1356 sit
605 1311 718 1355 bene
735 1309 985 1355 moderatus
1003 1320 1047 1355 et
1068 1310 1232 1369 gravis,
1255 1324 1452 1354 commu-

18 1413 19 1419 η
57 1383 212 1443 nisque
233 1382 431 1427 utilitatis
451 1382 806 1442 diligentissimus
830 1391 974 1426 custos
990 1416 1002 1437 ,
1027 1383 1072 1425 in
1094 1397 1183 1442 quo
1210 1380 1451 1441 unusquis-

58 1470 145 1514 que
162 1454 342 1500 minoris
356 1470 447 1499 rem
467 1454 680 1515 privatam
698 1468 831 1514 quam
847 1452 1068 1513 publicam
1086 1452 1251 1512 pendat
1269 1487 1279 1507 ‚
1302 1468 1451 1497 nonne

3 1561 6 1563 ,
57 1534 175 1570 recte
196 1525 266 1569 lex
293 1524 433 1569 fertur
450 1560 461 1581 ,
497 1541 584 1585 qua
614 1524 718 1568 huic
748 1524 830 1584 ipsi
857 1523 1022 1583 populo
1044 1523 1172 1568 liceat
1201 1538 1346 1567 creare
1369 1523 1452 1568 sibi

59 1596 334 1655 magistratus
345 1611 424 1656 per
440 1611 548 1656 quos
560 1610 637 1640 sua
652 1610 734 1649 res,
749 1594 795 1638 id
808 1603 886 1649 est,
902 1593 1079 1653 publica
1098 1593 1452 1638 administretur?

21 1675 23 1706 ἱ
58 1667 112 1710 Ε.
138 1669 273 1711 Recte
294 1682 483 1726 prorsus.
510 1670 563 1711 A.
589 1670 724 1710 Porro
751 1666 785 1710 si
818 1664 1028 1725 paulatim
1051 1664 1312 1725 depravatus
1333 1664 1452 1709 idem

57 1807 160 1854 beat
179 1807 333 1854 venale
353 1810 609 1869 suffragium
629 1843 640 1864 ‚
665 1818 985 1869 corruptusque
1008 1809 1063 1854 ab
1086 1809 1144 1854 eis
1168 1809 1245 1870 qui
1264 1809 1452 1854 honores

25 1879 27 1930 ἶ
59 1890 208 1926 amant
223 1916 234 1937 ‚
257 1881 452 1939 regimen
470 1881 517 1925 in
538 1896 582 1926 se
599 1880 825 1940 flagitiosis
847 1879 1238 1941 consceleratisque
1255 1879 1452 1925 commit-

26 1952 27 1959 ’
59 1960 124 1996 tat
137 1988 148 2008 ‚
175 1967 323 1998 nonne
343 1953 449 1997 item
466 1962 582 1997 recte
604 1952 639 1997 si
660 1952 755 2012 quis
777 1961 883 1997 tunc
905 1953 1092 1998 extiterit
1106 1954 1172 1997 vir
1186 1953 1329 1998 bonus
1344 1988 1356 2008 ‚
1376 1953 1452 2012 qui

58 2022 300 2083 plurimum
321 2023 454 2083 possit
474 2059 484 2078 ‚
521 2023 683 2068 adimat
703 2024 806 2068 huic
837 2023 1002 2084 populo
1033 2033 1292 2084 potestatem
1317 2023 1452 2069 dandi

59 2094 247 2139 honores
268 2130 278 2149 ‚
304 2103 348 2138 et
369 2094 413 2138 in
434 2109 675 2154 paucorum
703 2095 920 2139 bonorum
942 2130 954 2150 ‚
986 2095 1055 2139 vel
1080 2096 1209 2140 etiam
1232 2095 1305 2139 uni
1315 2110 1362 2139 us
1383 2109 1453 2137 rea

62 2164 181 2224 digat
203 2165 461 2210 arbitrium?
483 2168 534 2212 E.
573 2168 629 2209 Et
661 2165 707 2208 id
738 2173 870 2210 recte.
897 2169 950 2210 A.
979 2168 1092 2211 Cum
1115 2183 1218 2226 ergo
1240 2166 1340 2211 duae
1360 2166 1454 2210 istae

20 2263 21 2266 =
62 2235 178 2296 leges
199 2238 259 2282 ita
281 2237 362 2281 sibi
379 2237 610 2282 videantur
632 2251 720 2280 esse
738 2237 968 2281 contrariae
986 2272 996 2292 ‚
1023 2247 1073 2281 ut
1095 2254 1182 2283 una
1199 2254 1348 2283 earum
1367 2239 1452 2282 ho-

33 2338 35 2342 1
62 2322 222 2352 norum
244 2307 487 2352 dandorum
511 2307 674 2367 populo
696 2307 861 2351 tribuat
882 2316 1141 2365 potestatem
1155 2344 1165 2364 ,
1199 2308 1368 2353 auferat
1390 2307 1453 2352 al-

34 2377 36 2407 1
63 2387 187 2436 tera3
224 2388 265 2423 et
301 2395 399 2424 cum
429 2380 506 2424 ista
538 2379 728 2423 secunda
762 2379 819 2422 ita
853 2378 940 2422 lata
973 2379 1054 2435 sit,
1088 2390 1136 2424 ut
1166 2379 1290 2424 nullo
1320 2380 1450 2425 modo

36 2437 38 2502 ἶ
67 2451 207 2494 ambae
233 2452 277 2494 in
309 2466 397 2494 una
428 2451 598 2495 civitate
626 2449 754 2494 simul
784 2466 871 2494 esse
905 2451 1094 2509 possint,
1128 2468 1233 2495 num
1257 2452 1449 2496 dicemus

37 2523 39 2548 ἰ
68 2519 257 2581 aliquam
278 2536 427 2569 earum
455 2521 659 2582 injustam
687 2536 800 2577 esse,
829 2530 872 2566 et
893 2520 997 2567 ferri
1018 2521 1195 2568 minime
1216 2522 1451 2568 debuisse?

23 1742 25 1768 ?
57 1737 248 1798 populus
284 1753 376 1783 rem
408 1739 622 1798 privatam
654 1738 716 1782 rei
745 1737 936 1797 publicae
958 1738 1163 1797 praeferat
1180 1774 1191 1794 ,
1218 1748 1351 1799 atque
1371 1738 1452 1782 ha-
1483 1775 1486 1789 Α,

1480 1715 1484 1745 l

1480 1851 1493 1899 )

1526 1753 1597 1803 rs*

1554 1792 1577 1812 s
