1729 3143
261 186 340 226 138
684 197 717 223 s.
752 194 984 222 Auens-rim
1016 196 1197 224 muscum

258 273 379 318 tura,
403 263 450 307 in
482 277 570 322 qua
603 274 681 303 nos
714 259 922 303 Dominus
950 261 1119 320 operari
1141 261 1374 321 praecepit,
1399 263 1458 307 sic
1488 278 1641 323 opere·
1701 313 1706 326 ,.

258 349 356 377 mur
375 367 386 387 ‚
412 340 462 375 ut
485 329 729 374 mercedem
747 329 999 388 promissam
1024 331 1141 375 dono
1163 331 1310 390 gratiae
1333 333 1526 392 accipere
1546 348 1640 377 me-

257 417 441 447 reamur.
471 403 658 458 Tempus
679 409 742 444 est
759 435 769 455 ,
795 416 1026 459 operemur
1041 436 1052 456 ,
1077 401 1344 446 laboremus.

316 476 372 517 ΙΙ.
418 471 623 530 Quinque
655 470 729 515 illa
764 472 868 530 juga
902 472 1037 515 boum
1053 507 1064 527 ‚
1101 488 1201 532 quae
1237 472 1311 516 ille
1347 472 1554 517 invitatus
1595 474 1643 518 in

255 542 494 602 Evangelio
507 541 615 585 dum
630 541 685 586 ad
700 557 872 586 coenam
889 543 1034 586 venire
1047 542 1183 587 nollet
1200 545 1214 569 ²
1227 578 1239 599 ,
1263 544 1450 603 probare
1466 559 1510 587 se
1531 543 1643 589 velle

255 613 364 657 dixit
378 648 389 669 ‚
415 623 459 658 et
475 622 704 673 propterea
726 629 749 657 a
772 629 897 658 coena
919 629 964 658 se
980 615 1199 658 excusavit
1215 649 1227 670 ,
1251 615 1459 674 quoniam
1476 615 1558 658 sibi
1574 630 1640 670 ea,

253 699 343 728 non
361 684 637 742 agriculturae
658 682 886 728 dominicae
908 684 1175 743 comparavit
1201 704 1211 729 ς
1236 700 1315 728 nos
1338 700 1387 728 ea
1407 685 1500 743 ipsa
1521 685 1644 744 quin-

252 769 338 813 que
348 755 454 813 juga
473 755 518 797 in
541 770 644 813 agro
665 753 886 798 dominico
902 755 1135 814 jungamus
1152 788 1163 808 ‚
1188 763 1347 797 terram
1370 753 1645 798 durissimam
1706 807 1707 811 Ἰ

253 823 380 867 sulcis
398 824 662 883 spiritalibus
680 840 903 868 exaremus
920 859 931 879 ,
954 839 1101 868 semen
1119 824 1241 866 verbi
1258 824 1335 867 Dei
1353 823 1642 883 projicientes,

253 910 552 955 quascumque
586 896 729 954 spinas
763 895 978 940 malarum
1007 894 1299 954 cupiditatum
1322 895 1642 950 invenerimus,

252 964 489 1009 evellamus
506 1000 516 1019 ‚
547 966 840 1020 eradicemus,
867 965 1016 1010 divino
1038 967 1139 1024 igne
1161 964 1477 1009 succendamus
1499 983 1508 1008 :
1529 973 1579 1007 ut
1602 965 1648 1008 in
1701 974 1717 1024 ij-

251 1034 328 1078 tali
351 1049 481 1089 opere
498 1034 746 1076 laborantes
764 1066 775 1082 ‚
805 1036 994 1073 Domino
1017 1038 1107 1072 Deo
1129 1044 1278 1074 nostro
1295 1034 1556 1076 fiducialiter
1577 1033 1647 1077 di-

251 1117 399 1148 camus
421 1120 430 1145 ς
457 1100 641 1144 Domine
666 1098 977 1158 paterfamilias
994 1134 1005 1153 ‚
1031 1100 1238 1158 quoniam
1262 1109 1305 1144 te
1325 1101 1559 1160 adjuvante
1580 1102 1648 1146 fe·
1702 1128 1715 1155 ρ

251 1172 389 1217 cimus
413 1185 522 1229 opus
542 1169 664 1229 quod
686 1169 874 1228 jussisti,
900 1167 1034 1212 redde
1056 1168 1301 1213 mercedem
1321 1186 1453 1229 quam
1482 1173 1649 1230 promi·
1702 1167 1713 1220 ‘2

252 1244 358 1288 sisti.
393 1244 501 1294 Quae
538 1248 640 1283 sunt
673 1240 871 1299 quinque
904 1238 977 1282 illa
994 1240 1100 1298 juga
1127 1239 1294 1283 boum?
1316 1242 1523 1301 Quinque
1542 1243 1648 1302 juga
1714 1252 1716 1254 ’

251 1314 387 1358 boum
407 1346 418 1365 ‚
444 1311 640 1370 quinque
662 1325 811 1354 sensus
833 1309 1026 1368 corporis
1043 1318 1171 1365 sunt,
1190 1310 1307 1354 visus
1322 1311 1368 1355 in
1385 1311 1545 1366 oculis,
1567 1329 1647 1357 au·
1704 1345 1710 1371 =.

251 1384 370 1428 ditus
391 1374 437 1425 in
460 1382 640 1425 auribus
656 1415 667 1435 ‚
693 1380 879 1424 olfactus
899 1381 945 1423 in
964 1380 1143 1424 naribus
1160 1416 1171 1436 ‚
1192 1391 1342 1443 gustus
1364 1383 1407 1425 in
1426 1382 1644 1440 faucibus,

251 1464 393 1500 tactus
415 1454 458 1497 in
478 1453 695 1496 manibus.
717 1454 773 1495 Et
794 1451 874 1495 ista
892 1452 998 1511 juga
1019 1460 1148 1496 sunt.-
1169 1452 1259 1497 duo
1275 1462 1376 1497 sunt
1392 1453 1524 1509 oculi,
1546 1455 1645 1500 duae

252 1541 376 1571 aures
394 1560 405 1580 ‚
442 1524 625 1584 geminae
648 1537 799 1576 Πᾶνες,
824 1520 925 1565 duae
950 1537 1130 1580 manus;
1154 1533 1197 1567 et
1222 1524 1267 1567 in
1296 1525 1390 1583 ipso
1418 1534 1548 1583 gustu
1572 1542 1647 1585 ge-

252 1597 421 1642 minum
454 1593 665 1655 quiddam
693 1593 916 1636 invenitur
933 1627 942 1645 ,
975 1594 1153 1652 quando
1180 1609 1307 1653 sapor
1330 1595 1421 1653 ipse
1441 1595 1645 1642 faucibus

252 1676 384 1727 atque
401 1665 545 1725 palato
561 1663 786 1724 judicante
804 1662 1079 1707 discernitur.
1102 1667 1187 1707 Ista
1210 1680 1312 1722 ergo
1333 1665 1530 1725 quinque
1541 1668 1645 1726 juga

250 1748 409 1783 terram
431 1745 600 1780 versant
618 1770 629 1790 ‚
655 1733 833 1795 quando
855 1735 941 1778 suis
964 1734 1116 1779 officiis
1136 1735 1425 1780 deservientes
1447 1737 1644 1781 animum

250 1822 517 1866 carnemque
549 1815 704 1866 parant
720 1840 731 1860 ,
767 1815 842 1849 aut
875 1806 930 1848 ad
953 1805 1108 1849 uberes
1130 1804 1277 1864 fruges
1307 1806 1342 1850 si
1365 1821 1433 1850 ros
1459 1806 1645 1852 coelestis

251 1878 464 1924 infuderit
481 1912 492 1931 ,
525 1885 599 1920 aut
621 1876 676 1920 ad
699 1875 838 1920 aridas
858 1876 1001 1935 spinas
1031 1876 1065 1919 si
1087 1876 1196 1920 sicca
1218 1884 1333 1921 terra
1361 1878 1640 1934 remanserit,
1702 1898 1703 1916 ι

253 1965 404 1996 eorum
427 1964 536 2008 opus
559 1949 603 1991 in
621 1956 843 2007 posterum
861 1946 1165 2007 subsequetur.
1702 1938 1708 2009 ⁵*

314 2024 396 2065 111.
426 2020 509 2065 Sed
528 2020 735 2080 quoniam
753 2035 831 2063 nos
846 2019 1056 2063 Dominus
1077 2028 1209 2079 atque
1225 2017 1534 2077 paterfamilias
1549 2032 1643 2062 nos·
1702 2045 1720 2065 ;·

252 2102 318 2137 ter
335 2095 490 2152 passim
512 2101 556 2136 et
579 2092 670 2135 sine
691 2090 780 2134 ulla
801 2091 1060 2135 discretione
1076 2089 1311 2150 cujuslibet
1333 2089 1472 2148 glebae
1493 2104 1642 2133 semen
1702 2089 1704 2092 ’

252 2165 372 2208 verbi
408 2164 475 2207 sui
506 2165 651 2223 jacere
688 2163 895 2222 praecepit
922 2181 930 2207 z
956 2162 1159 2219 (inducit
1188 2161 1304 2205 enim
1337 2161 1382 2204 in
1406 2160 1642 2218 Evangelio

253 2235 385 2295 hujus
407 2233 591 2277 ministri
611 2232 939 2277 similitudinem
955 2267 966 2286 ‚
987 2241 1030 2276 et
1047 2231 1154 2276 dicit
1175 2250 1185 2276 z
1211 2248 1231 2272 a
1255 2233 1368 2274 Ecce
1388 2229 1490 2273 exiit
1511 2230 1641 2273 semi-

260 2321 281 2345 »
306 2319 414 2348 nans
436 2305 646 2348 seminare
664 2322 672 2348 ς
694 2312 736 2346 et
759 2304 863 2346 dum
884 2303 1093 2356 seminat,
1118 2300 1235 2346 aliud
1253 2299 1409 2344 cecidit
1425 2300 1539 2343 inter
1555 2300 1643 2359 spi-

261 2390 282 2414 »
307 2389 380 2416 nas
400 2408 412 2428 ,
446 2373 565 2418 aliud
585 2374 631 2417 in
652 2373 765 2416 viam
783 2407 794 2427 ‚
822 2371 941 2416 aliud
963 2373 1008 2415 in
1039 2381 1206 2432 petrosa
1222 2405 1233 2425 ,
1261 2369 1380 2414 aliud
1408 2371 1454 2414 in
1483 2379 1641 2413 terram

261 2459 283 2484 »
308 2442 468 2486 bonam
483 2447 516 2487 2.
545 2461 565 2484 »
607 2446 664 2487 Et
697 2458 799 2487 cum
831 2441 1147 2487 demonstraret
1183 2456 1283 2500 quae
1322 2449 1433 2486 esset
1471 2439 1640 2499 spinosa

308 2533 317 2550 ¹
341 2528 419 2559 Luc.
439 2537 506 2568 xiv,
532 2538 634 2571 19.—
649 2534 662 2550 ²
679 2528 800 2560 Matlh.
820 2526 888 2567 xiii,
911 2527 940 2559 3.
