1729 3143
435 246 488 274 DE
520 246 670 274 ummo
701 243 914 284 Annrrmo,
948 246 1030 274 Lm.
1065 246 1098 273 ι.
1373 236 1452 273 281

17 329 21 333 “
82 323 126 359 et
151 313 310 358 idcirco
334 312 413 356 ista
434 311 648 371 cupiditas
669 310 884 370 culpanda
907 326 995 356 non
1018 319 1082 356 est
1104 331 1116 369 3
1150 310 1343 371 alioquin
1363 326 1460 356 om-

80 398 156 428 nes
190 382 463 442 culpabimus
493 390 704 426 amatores
730 381 850 425 boni.
887 381 1075 426 Proinde
1104 381 1299 440 cogimur
1333 380 1461 426 fateri

80 469 168 499 esse
186 452 471 498 homicidium
487 486 498 506 ‚
529 451 575 495 in
597 466 685 511 quo
708 460 898 511 nequeat
924 451 1049 495 malae
1077 451 1191 496 illius
1212 450 1460 512 cupiditatis

80 525 319 570 dominatio
341 522 519 583 reperiri
539 543 550 578 3
575 522 821 582 falsumque
840 521 920 566 erit
940 521 1052 566 illud
1069 557 1080 577 ‚
1105 524 1225 583 quod
1245 524 1290 568 in
1313 524 1458 569 omni-

78 596 160 640 bus
179 595 362 655 peccatis
384 602 434 638 ut
454 593 566 637 mala
588 593 674 637 sint
688 627 699 648 ,
722 591 861 637 libido
883 591 1132 637 dominatur
1151 615 1162 651 3
1186 603 1261 638 aut
1282 596 1363 639 erit
1385 594 1461 640 ali-

79 666 200 727 quod
217 663 501 710 homicidium
517 699 527 718 ,
552 663 674 724 quod
697 664 831 723 possit
851 679 942 709 non
962 679 1052 709 esse
1072 674 1316 724 peccatum.
1337 668 1390 710 E.
1420 667 1464 711 Si

78 735 363 782 homicidium
387 743 450 779 est
479 734 701 779 hominem
730 734 956 791 occidere,
988 743 1130 794 potest
1157 735 1352 780 accidere
1381 736 1463 780 ali-

75 807 253 868 quando
275 807 367 850 sine
388 814 567 865 peccato
589 824 598 850 ;
624 820 723 849 nam
747 814 790 850 et
811 805 932 850 miles
949 806 1119 850 hostem
1136 840 1148 860 ,
1178 814 1221 850 et
1241 805 1377 865 judex
1393 806 1463 852 vel

10 912 11 916 ,
74 878 270 921 minister
293 877 385 934 ejus
405 884 637 919 nocentem
653 910 665 929 ,
693 885 736 920 et
757 876 827 920 cui
850 875 964 920 forte
986 875 1123 920 invito
1143 884 1275 934 atque
1293 877 1461 935 impru-

10 972 11 976 =
77 947 198 991 denti
216 945 351 989 telum
376 959 510 988 manu
526 943 665 1003 fugit,
690 960 779 989 non
795 945 902 988 mihi
918 945 1122 990 videntur
1137 961 1337 1005 peccare,
1363 962 1463 991 cum

76 1017 300 1062 hominem
328 1015 548 1060 occidunt.
586 1018 637 1059 A.
671 1015 892 1060 Assentior
918 1035 927 1061 ε
954 1016 1027 1061 sed
1045 1017 1277 1063 homicidae
1298 1018 1368 1062 isti
1385 1034 1465 1077 ap·
1510 1071 1511 1074 Ἰ

75 1087 226 1148 pellari
243 1101 332 1130 non
355 1085 510 1130 solent.
528 1086 760 1144 Responde
773 1087 921 1146 itaque
935 1122 946 1141 ‚
972 1097 1121 1132 utrum
1143 1087 1271 1132 illum
1291 1090 1368 1148 qui
1383 1089 1464 1134 do·
1512 1082 1515 1134 Ξ

11 1182 15 1197 ,
72 1158 242 1202 minum
265 1154 448 1210 occidit,
474 1171 499 1199 a
521 1171 610 1214 quo
633 1155 714 1199 sibi
733 1157 957 1200 metuebat
979 1158 1194 1201 cruciatus
1215 1173 1365 1216 graves
1379 1193 1390 1214 ,
1417 1160 1463 1204 in

9 1202 16 1271 1,
74 1243 224 1273 eorum
243 1242 426 1272 numero
448 1225 700 1271 habendum
719 1227 932 1271 existimes
947 1262 958 1281 ‚
979 1228 1056 1287 qui
1070 1229 1129 1271 sic
1146 1229 1372 1273 hominem
1387 1245 1464 1274 oc-

14 1341 15 1345 ,
73 1297 253 1352 cidunt,
281 1305 331 1340 ut
361 1311 418 1339 ne
449 1295 767 1340 homicidarum
794 1296 972 1356 quidem
1005 1298 1181 1342 nomine
1210 1298 1331 1356 digni
1355 1299 1458 1344 sint.
1488 1315 1493 1332 ὲ

12 1396 15 1401 -
73 1372 126 1414 Ε.
153 1370 302 1425 Longe
324 1366 378 1410 ab
401 1366 459 1409 eis
482 1366 613 1410 istum
638 1364 816 1410 differre
837 1365 964 1410 video
984 1386 993 1410 2
1014 1382 1116 1411 nam
1142 1366 1206 1411 illi
1231 1369 1300 1412 vel
1325 1384 1375 1412 ex
1396 1368 1462 1413 le-

75 1440 200 1499 gibus
221 1437 415 1493 faciunt,
438 1436 507 1481 vel
531 1452 622 1482 non
641 1445 793 1482 contra
813 1436 929 1495 leges
949 1456 958 1482 :
979 1438 1108 1497 hujus
1126 1447 1269 1482 autem
1290 1438 1460 1485 facinus

12 1532 13 1538 ¹
72 1509 193 1554 nulla
206 1508 275 1553 lex
296 1507 525 1567 approbat.

130 1583 187 1625 X.
213 1583 266 1624 A.
292 1582 458 1624 Rursus
479 1593 550 1623 me
571 1578 626 1623 ad
648 1579 949 1624 auctoritatem
971 1595 1145 1626 revocas
1167 1600 1175 1626 z
1201 1581 1278 1627 sed
1301 1585 1461 1628 memi-

71 1651 182 1695 nisse
204 1659 246 1694 te
268 1658 439 1709 oportet
459 1648 504 1692 id
522 1664 640 1693 nunc
660 1665 683 1693 a
705 1649 829 1694 nobis
852 1665 942 1695 esse
959 1660 1208 1711 susceptum
1227 1687 1238 1707 ,
1260 1661 1310 1697 ut
1329 1654 1460 1699 intel-

69 1722 255 1780 ligamus
287 1719 409 1779 quod
441 1717 688 1777 credimus·⁷
725 1719 894 1779 legibus
918 1730 1062 1766 autem
1085 1723 1302 1768 credimus
1328 1743 1337 1769 :
1363 1734 1461 1771 ten-

69 1790 254 1836 tandum
270 1789 418 1849 itaque
432 1797 494 1833 est
512 1823 522 1844 ,
548 1788 581 1832 si
603 1804 692 1849 quo
707 1788 839 1835 modo
860 1806 1088 1850 possumus
1105 1792 1150 1837 id
1166 1794 1307 1854 ipsum
1326 1795 1460 1841 intel-

69 1861 205 1920 ligere
220 1895 232 1916 ,
258 1869 408 1904 utrum
438 1858 506 1903 lex
527 1875 626 1920 quae
649 1861 773 1919 punit
794 1861 877 1906 hoc
899 1862 1088 1919 factum,
1117 1881 1206 1910 non
1232 1881 1459 1926 perperam

19 1931 21 1965 ἶ
70 1931 240 1991 puniat.
265 1933 318 1975 E.
349 1929 481 1975 Nullo
510 1929 643 1976 modo
665 1947 891 1991 perperam
912 1935 1071 1993 punit,
1098 1936 1459 1997 quandoquidem

19 2014 21 2055 ξ
69 2002 199 2062 punit
234 2015 333 2045 eum
368 2001 442 2059 qui
477 2001 628 2045 volens
661 2012 705 2047 et
738 2003 874 2049 sciens
907 2004 1134 2050 dominum
1164 2016 1312 2063 necat,
1339 2010 1458 2069 quod

16 2134 17 2137 Ἰ
69 2071 217 2118 nullus
231 2072 428 2115 istorum.
449 2073 501 2115 A.
520 2072 692 2132 Ecquid
705 2073 942 2119 recordaris
955 2085 997 2120 te
1013 2076 1145 2136 paulo
1164 2087 1263 2122 ante
1278 2077 1432 2124 dixisse
1443 2115 1454 2136 ‚

68 2145 115 2188 in
130 2142 248 2188 omni
267 2140 382 2187 sacto
396 2141 513 2186 malo
531 2141 761 2189 libidinem
784 2145 1023 2203 dominari,
1050 2157 1092 2193 et
1109 2164 1160 2194 eo
1178 2150 1271 2209 ipso
1290 2150 1456 2196 malum

17 2265 20 2271 .
69 2216 188 2259 esse?
209 2215 261 2257 E.
290 2213 512 2257 Recordor
535 2228 650 2258 sane.
686 2218 738 2259 A.
765 2216 908 2271 Quid,
943 2216 1055 2262 illud
1086 2235 1233 2264 nonne
1262 2221 1379 2265 idem
1406 2231 1456 2267 tu

69 2285 339 2339 concessisti,
364 2299 464 2328 eum
487 2285 563 2344 qui
585 2286 706 2345 cupit
729 2286 821 2330 sine
843 2297 961 2332 metu
985 2289 1128 2336 vivere
1142 2327 1153 2346 ‚
1183 2307 1274 2336 non
1295 2292 1455 2339 habere

68 2356 225 2401 malam
254 2354 563 2414 cupiditatem?
594 2358 645 2400 E.
672 2359 728 2401 Et
759 2358 842 2402 hoc
872 2360 1088 2405 recordor.
1124 2365 1176 2406 A.
1214 2363 1328 2408 Cum
1349 2379 1452 2423 ergo

68 2428 147 2472 ista
168 2426 407 2485 cupiditate
427 2441 450 2470 a
472 2441 595 2472 servo
615 2428 817 2472 dominus
835 2428 1099 2477 interimitur
1116 2467 1127 2488 ,
1151 2448 1241 2479 non
1258 2433 1332 2479 illa
1354 2435 1450 2480 cul-

15 2493 27 2550 J‘,
69 2496 204 2557 pabili
224 2496 458 2556 cupiditate
479 2496 755 2543 interimitur.
783 2501 1077 2554 Quamobrem
1098 2518 1175 2548 cur
1200 2505 1253 2549 sit
1275 2506 1358 2551 hoc
1378 2507 1448 2551 fa-

71 2567 191 2614 cinus
211 2567 374 2613 malum
387 2602 398 2623 ‚
417 2567 615 2614 nondum
631 2570 935 2629 comperimus.
964 2573 1177 2620 Convenit
1198 2574 1312 2620 enim
1334 2576 1446 2622 inter
