1729 3143
479 224 533 250 DE
565 220 793 252 UTILITATE
824 223 1002 253 JEJUNH.
1351 214 1434 255 195

56 287 161 333 alius
173 302 312 343 mons,
328 288 454 332 Arius
465 308 475 345 3
493 288 600 333 alter
611 303 752 342 mons,
764 289 976 333 Photinus
987 309 997 346 3
1013 287 1119 332 alter
1130 303 1272 343 mons,
1292 291 1436 335 Nova-

54 367 123 402 tus
143 377 152 402 :
178 373 256 417 per
271 358 373 403 istos
390 367 560 402 montes
575 357 775 401 errabant
795 371 805 398 t
826 352 1107 403 ¹venatoribus
1124 358 1348 419 indigebat
1365 375 1434 404 er-

54 443 125 472 ror
145 428 353 486 ipsorum.
381 427 486 472 Ideo
507 436 550 471 et
568 426 798 470 distributa
820 436 923 471 sunt
950 430 1091 473 officia
1114 429 1374 488 piscatorum
1392 440 1437 475 et

51 506 327 548 venatorum,
347 513 402 541 ne
422 497 535 541 forte
555 497 625 540 isti
644 496 791 541 dicant
806 497 932 542 nobis
954 516 963 542 ε
983 503 1123 551 Quare
1142 500 1338 559 Apostoli
1355 516 1436 545 ne·-

51 568 215 611 minem
237 571 500 625 coegerunt,
525 568 745 611 neminem
765 567 1036 627 impulerunt
1062 570 1079 610 ?
1109 570 1221 622 Quia
1251 571 1438 630 piscator

52 646 115 680 est
132 671 144 692 ,
169 639 276 681 retia
297 638 429 681 mittit
448 639 493 681 in
515 653 648 692 mare,
674 639 795 698 quod
814 639 1045 684 incurrerit
1067 640 1213 684 trahit.
1248 643 1439 687 Venator

51 716 197 751 autem
224 708 365 764 sylvas
393 708 550 766 cingit,
585 717 726 753 sentes
748 710 940 765 excutit,
971 711 1210 755 terroribus
1240 712 1439 772 undique

49 776 345 836 multiplicatis
368 777 483 835 cogit
498 778 545 821 in
567 779 688 823 retia.
713 781 777 825 Ne
799 781 880 824 hac
901 789 972 825 eat
988 815 999 835 ,
1018 796 1075 824 ne
1096 780 1195 826 illac
1216 791 1284 826 eat
1303 801 1312 826 ι
1335 783 1439 826 inde

50 863 244 901 occurre,
264 847 366 891 inde
383 848 518 903 caede,
540 848 642 893 inde
665 859 806 909 terre3
833 867 924 896 non
946 861 1068 896 exeat
1086 887 1096 908 ,
1126 867 1216 896 non
1235 852 1435 910 effugiat.

48 917 134 962 Sed
150 918 256 961 retia
272 927 418 962 nostra
435 919 523 963 vita
536 929 621 974 est,
641 930 816 965 tantum
833 921 1011 967 dilectio
1026 932 1323 967 conservetur.
1345 924 1436 967 Nec

48 987 244 1030 attendas
266 998 398 1043 quam
418 988 482 1025 illi
501 990 555 1025 sis
575 990 784 1025 molestus
799 992 907 1032 {sed
929 997 1062 1041 quam
1083 993 1171 1027 tibi
1195 992 1270 1028 ille
1295 993 1354 1030 sit
1372 991 1436 1032 di-

47 1055 201 1099 lectus.
223 1053 368 1105 Qualis
384 1053 519 1110 pietas
535 1086 546 1106 ,
567 1051 601 1094 si
616 1052 757 1109 parcis
772 1085 784 1106 ,
808 1059 852 1095 et
871 1051 1084 1096 moritur?

103 1126 208 1169 XII.
245 1126 416 1166 Fratres
432 1156 442 1176 ,
471 1122 583 1165 hanc
611 1121 740 1164 etiam
767 1120 1038 1166 considerate
1063 1125 1435 1183 comparationem

49 1203 92 1238 et
122 1192 454 1237 similitudinem
480 1210 488 1236 :
513 1206 602 1234 una
623 1191 740 1234 enim
761 1205 828 1235 res
850 1191 1010 1236 multas
1031 1192 1334 1240 similitudines
1356 1198 1436 1242 ha-

49 1263 152 1308 bere
173 1272 330 1322 potest.
358 1265 421 1307 Ea
448 1261 700 1305 conditione
731 1275 972 1306 nascuntur
1003 1262 1201 1307 homines
1217 1299 1228 1319 ,
1263 1274 1312 1308 ut
1333 1266 1439 1312 velit

50 1332 133 1377 sibi
156 1333 295 1377 omnis
314 1333 448 1376 homo
466 1348 488 1375 a
510 1331 609 1375 filiis
629 1332 714 1376 suis
728 1331 925 1390 succedi3
949 1341 992 1376 et
1009 1348 1140 1377 nemo
1154 1343 1234 1389 est,
1254 1335 1331 1394 qui
1348 1351 1439 1381 non

50 1403 169 1447 hunc
191 1402 390 1447 ordinem
406 1402 453 1445 in
475 1402 608 1446 domo
629 1417 705 1446 sua
720 1401 791 1445 vel
808 1411 930 1461 optet
950 1402 1021 1446 vel
1042 1412 1205 1462 speret,
1232 1413 1282 1448 ut
1304 1420 1437 1464 gene-

50 1482 210 1518 ratores
231 1474 423 1517 filiorum
450 1473 637 1527 cedant,
662 1481 705 1516 et
728 1473 920 1531 generati
941 1473 1192 1518 succedant.
1220 1477 1384 1522 Tamen
1405 1479 1439 1521 si

50 1552 172 1602 pater
188 1559 317 1587 senex
338 1551 518 1601 aegrotet
537 1561 547 1587 ;
572 1557 663 1586 non
684 1541 784 1587 dico
798 1577 809 1598 ,
834 1542 869 1586 si
891 1541 1006 1587 filius
1021 1578 1032 1598 ‚
1057 1544 1128 1588 cui
1150 1543 1261 1589 adsit
1285 1556 1408 1605 pater
1423 1582 1434 1603 ,

49 1629 181 1673 quem
211 1614 368 1673 quaerit
388 1612 629 1667 haeredem,
664 1628 797 1672 quem
819 1614 940 1672 cupit
962 1629 1251 1659 successorem
1267 1650 1277 1670 ,
1304 1632 1438 1676 quem

50 1693 278 1743 propterea
294 1683 460 1741 genuit,
481 1692 530 1726 ut
546 1682 621 1726 illo
637 1692 810 1727 mortuo
823 1683 914 1741 ipse
928 1684 1046 1728 vivat
1063 1704 1074 1743 3
1098 1700 1188 1730 non
1205 1686 1289 1731 hoc
1307 1686 1406 1733 dico
1423 1708 1432 1733 :

49 1755 83 1798 si
103 1762 228 1813 pater
249 1762 429 1811 aegrotet
445 1768 595 1803 senex,
619 1753 775 1807 iturus,
792 1754 881 1812 jam
897 1754 1065 1799 vicinus
1078 1757 1226 1812 morti,
1248 1759 1339 1818 jam
1357 1774 1438 1804 na-

50 1833 161 1868 turae
182 1825 380 1869 ordinem
401 1833 551 1884 petens
567 1859 577 1879 ,
598 1825 689 1884 jam
711 1824 824 1868 ultra
841 1824 962 1884 quod
984 1835 1127 1885 speret
1143 1843 1233 1872 non
1246 1829 1435 1889 habens,

49 1903 195 1939 tamen
217 1896 252 1939 si
272 1904 469 1955 aegrotet,
495 1904 538 1939 et
556 1895 666 1940 adsit
686 1894 749 1939 illi
770 1895 841 1954 pie
854 1895 968 1940 filius
980 1897 1088 1956 ejus,
1112 1906 1156 1941 et
1177 1898 1323 1945 videat
1337 1916 1435 1946 eum

48 1965 243 2010 medicus
265 1966 416 2010 lethali
438 1975 482 2011 et
503 1967 632 2010 noxio
654 1981 808 2011 somno
829 1967 995 2024 premi,
1021 1968 1188 2026 patiens
1211 1979 1274 2014 est
1296 1971 1342 2015 in
1370 1987 1434 2016 se-

49 2051 150 2080 nem
171 2037 433 2080 moriturum
454 2047 633 2096 propter
652 2038 767 2097 ipsos
790 2052 950 2095 paucos
974 2036 1066 2082 dies
1084 2038 1243 2098 quibus
1265 2041 1337 2085 hic
1358 2057 1437 2101 po-

51 2114 127 2152 test
154 2106 326 2163 vivere,
350 2115 434 2151 stat
460 2106 575 2150 filius
593 2141 604 2161 ,
637 2115 682 2151 et
709 2107 830 2151 adest
851 2108 964 2166 patri
992 2107 1199 2154 sollicitus
1227 2129 1238 2155 ι
1262 2120 1305 2156 et
1337 2127 1438 2156 cum

51 2175 236 2220 audierit
253 2176 473 2220 medicum
496 2175 713 2220 dicentem
730 2194 739 2219 ε
765 2179 851 2220 Iste
867 2178 1000 2222 homo
1016 2178 1281 2239 lethargicus
1296 2191 1438 2241 potest

51 2258 141 2288 esse
157 2279 168 2299 ,
194 2255 237 2289 et
257 2247 359 2289 inde
380 2246 490 2289 mori
508 2280 519 2300 ,
544 2246 577 2289 si
597 2245 874 2304 permittatur
890 2245 1080 2292 dormire
1098 2270 1108 2307 3
1133 2249 1168 2294 si
1189 2251 1318 2295 vultis
1335 2268 1435 2297 eum

50 2315 194 2360 vivere
211 2351 221 2370 ,
247 2331 336 2360 non
358 2315 546 2361 dormiat
569 2335 577 2360 :
603 2315 728 2359 illum
759 2331 936 2361 somnus
963 2316 1036 2362 ille
1064 2320 1219 2364 noxius
1248 2324 1430 2381 premit,

52 2387 128 2445 qui
143 2396 184 2431 et
199 2386 352 2431 noxius
375 2396 439 2431 est
453 2422 463 2442 ,
488 2396 531 2431 et
548 2386 686 2431 dulcis
703 2396 781 2431 est.
807 2387 941 2433 Filius
959 2398 1105 2434 autem
1122 2392 1214 2451 ejus
1233 2394 1433 2440 admoni-

52 2464 121 2500 tus
143 2473 167 2501 a
188 2456 380 2513 medico,
404 2466 488 2502 stat
507 2456 730 2513 sollicitus,
755 2459 867 2517 patri
887 2459 1112 2518 molestuS,
1136 2463 1309 2525 pulsat3
1335 2475 1378 2510 et
1399 2467 1433 2511 si

53 2527 236 2586 pulsatio
251 2529 341 2588 ejus
362 2528 550 2574 vincitur
564 2564 575 2584 ,
599 2528 798 2587 vellicat,
823 2538 866 2575 et
886 2531 920 2576 si
941 2530 1156 2579 vellicatio
1180 2535 1289 2581 nihil
1311 2538 1421 2596 agit,

1156 2606 1219 2647 13.
