1729 3143
244 205 301 246 44
680 223 714 251 s.
750 222 978 249 Aucus'mm
1011 224 1189 251 Enscori

243 287 483 330 castitatem
504 287 749 339 docentem,
765 286 1087 331 immunditiam
1103 287 1413 341 destruentem,
1434 285 1621 330 salubria

245 357 570 414 praedicantem.
592 356 683 399 Illic
708 356 886 415 fingitur
907 358 1023 417 quod
1042 358 1155 401 idem
1176 357 1292 401 Jovis
1311 359 1333 400 J
1341 372 1528 400 unonem
1548 357 1624 399 ha-

248 427 345 471 beat
368 442 556 471 sororem
579 437 621 470 et
643 428 872 487 conjugem
891 448 898 473 :
925 430 993 473 hic
1016 429 1300 487 praedicamus
1321 435 1511 471 sanctam
1531 430 1625 472 Ma-

244 497 350 540 riam
369 506 547 540 matrem
561 497 743 541 simulet
757 499 983 556 virginem.
1009 499 1099 543 lllic
1112 508 1263 558 stupor
1273 498 1483 557 ingeritur
1495 497 1622 550 visui,

244 582 294 609 ex
316 581 395 609 usu
417 566 639 610 hominem
670 568 715 611 in
737 568 842 611 fune
865 569 1161 613 ambulantem
1184 589 1192 613 z
1219 569 1289 612 hic
1313 582 1519 626 magnum
1542 567 1627 610 mi-

242 635 466 692 raculum,
502 641 678 681 Petrum
700 653 817 682 mare
839 640 1024 697 pedibus
1046 640 1384 684 transeuntem¹.
1418 638 1513 682 Illic
1551 651 1628 695 per

240 707 457 752 mimicam
480 709 798 768 turpitudinem
820 712 987 755 castitas
1020 711 1208 755 violatur
1231 730 1239 754 :
1265 711 1334 754 hic
1362 725 1440 768 per
1464 717 1627 752 castam

240 779 481 824 Susannam
503 790 758 841 castumque
791 783 951 841 Joseph
984 781 1121 826 libido
1149 781 1451 840 comprimitur
1465 814 1476 833 ,
1511 792 1629 823 mors

240 851 551 906 contemnitur,
572 854 686 896 Deus
704 860 889 907 amatur,
909 853 1080 897 castitas
1103 852 1331 896 exaltatur.
1348 852 1519 896 Chorus
1542 848 1630 891 illic

240 927 284 962 et
304 921 449 965 cantio
466 924 727 967 Pantomimi
748 923 871 968 illicit
894 924 1092 968 auditum
1105 958 1116 978 ,
1141 923 1216 967 sed
1238 930 1460 981 expugnat
1476 932 1631 964 sanum

240 988 447 1034 affectum
469 1010 478 1036 ε
505 1002 547 1036 et
568 991 675 1052 quid
697 993 782 1036 tale
804 1003 952 1037 nostro
979 994 1150 1038 cantico
1179 991 1522 1051 comparandum
1548 989 1601 1031 sit
1612 1022 1627 1042 ‚

239 1058 285 1102 in
303 1075 392 1118 quo
415 1060 521 1105 dicit
545 1062 621 1121 qui
639 1071 754 1106 amat
775 1072 818 1106 et
841 1072 1010 1117 cantat,
1030 1082 1051 1105 «
1073 1066 1367 1108 Narraverunt
1386 1060 1489 1104 mihi
1525 1074 1630 1117 pec-

242 1146 263 1167 »
287 1139 452 1173 catores
474 1131 783 1175 delectationes
805 1148 901 1176 suas
917 1166 928 1186 ,
955 1132 1031 1174 sed
1061 1148 1151 1175 non
1181 1133 1240 1174 ita
1269 1140 1319 1174 ut
1340 1130 1407 1173 lex
1427 1139 1518 1181 tua,
1545 1131 1630 1171 Do-

242 1215 262 1237 »
287 1199 420 1251 mine,
441 1201 586 1242 omnia
608 1200 812 1243 mandata
830 1210 903 1244 tua
921 1200 1132 1244 veritas2p
1154 1202 1300 1244 »Nam
1322 1198 1411 1242 illic
1430 1199 1630 1241 universa

238 1267 362 1322 fingit
376 1267 558 1310 vanitas.
584 1267 949 1312 Scandalistarum
970 1269 1066 1327 quis
1088 1268 1176 1312 illic
1198 1267 1311 1311 forte
1325 1268 1527 1326 peritiam
1549 1266 1629 1309 ad-

237 1335 443 1389 miretur,
469 1336 615 1379 videre
637 1337 839 1394 parvulos
856 1338 902 1380 in
924 1340 1020 1380 aera
1036 1336 1259 1390 ludentes,
1278 1337 1467 1380 diversas
1490 1337 1628 1379 histo-

237 1405 319 1447 rias
333 1405 596 1448 exhibentes.
628 1404 712 1450 Sed
732 1405 873 1450 videte
896 1416 1143 1450 nostrorum
1172 1405 1293 1449 lusus
1312 1405 1548 1448 infantum.
1577 1407 1627 1447 In

237 1484 361 1518 utero
380 1476 590 1519 Rebeccae
608 1475 698 1520 duo
714 1485 882 1520 certant
896 1476 1084 1521 infantes
1098 1478 1113 1503 3
1133 1496 1142 1521 ;
1162 1475 1426 1535 procedente
1445 1477 1624 1535 majore,

235 1545 411 1589 minoris
434 1560 567 1589 manu
589 1546 740 1590 emissa
765 1562 816 1589 ex
839 1554 978 1600 utero,
1002 1547 1153 1605 planta
1169 1547 1340 1606 majoris
1358 1547 1625 1605 apprehensa

235 1623 313 1657 est.
345 1617 393 1657 In
413 1629 601 1673 quorum
623 1615 858 1658 certamine
881 1616 1025 1672 magni
1056 1616 1314 1659 sacramenti
1337 1616 1476 1673 figura
1498 1630 1626 1657 mon-

236 1692 365 1727 strata
389 1693 468 1737 est,
492 1693 541 1727 ut
559 1684 700 1728 minor
717 1684 1016 1744 supplantaret
1040 1686 1265 1744 majorem,
1292 1685 1418 1744 eique
1433 1693 1626 1743 postmo-

237 1752 342 1796 dnm
365 1754 599 1812 primatum
621 1764 752 1813 atque
772 1754 1121 1798 benedictionem
1148 1752 1352 1798 auferret.
1380 1757 1430 1797 In
1464 1755 1626 1814 quibus

238 1823 424 1881 parvulis
447 1825 572 1882 quasi
594 1823 865 1877 ludentibus,
892 1834 934 1867 et
953 1834 1290 1879 sacramentum,
1316 1833 1363 1867 ut
1383 1824 1485 1877 dixi,
1503 1839 1626 1882 mag-

237 1909 341 1936 num
366 1894 687 1946 exhibentibus,
713 1904 756 1937 et
778 1895 949 1953 reprobi
972 1895 1015 1937 in
1038 1895 1519 1938 Esaiidemonstrantur
1542 1897 1624 1937 Ju-

235 1962 317 2006 daei
333 1998 344 2017 ,
386 1973 428 2007 et
461 1965 753 2021 praedestinati
774 1965 820 2007 in
843 1965 978 2008 Jacob
1017 1974 1226 2023 apparent
1255 1964 1507 2009 Christiani.
1544 1963 1623 2007 llle

234 2033 351 2075 enim
373 2034 510 2077 Jacob
533 2048 646 2077 unus
663 2034 868 2092 parvulus
891 2034 950 2077 sic
973 2034 1180 2092 garriens,
1208 2033 1367 2077 multos
1385 2033 1430 2076 in
1448 2049 1492 2078 se
1508 2049 1621 2092 prae·

234 2101 469 2147 destinatos
502 2104 631 2148 etiam
661 2104 863 2162 parvulos
885 2103 1210 2148 demonstrabat
1231 2102 1440 2158 infantes,
1466 2105 1541 2163 qui
1571 2118 1622 2147 ex

234 2181 358 2216 utero
383 2175 529 2217 matris
562 2174 858 2232 suscipiuntur
891 2174 1092 2218 manibus
1115 2173 1333 2227 fidelium,
1365 2189 1445 2217 nec
1466 2188 1539 2216 eos
1561 2175 1621 2217 sic

232 2242 473 2297 excutiunt,
501 2252 550 2287 ut
570 2243 615 2286 in
636 2247 732 2286 aere
755 2244 990 2302 pendeant,
1015 2243 1090 2287 sed
1120 2252 1169 2286 ut
1187 2244 1324 2288 renati
1349 2243 1394 2286 in
1416 2242 1530 2286 coelo
1552 2243 1619 2286 vi-

234 2321 350 2356 vant.
373 2313 448 2357 His
478 2314 609 2371 igitur
627 2313 956 2357 oblectamentis
982 2329 1102 2357 mens
1125 2314 1365 2357 delectetur
1380 2347 1391 2367 ,
1418 2323 1618 2372 pascatur

233 2382 373 2426 anima
403 2384 634 2428 christiana
658 2403 666 2428 :
691 2385 803 2427 hanc
825 2384 1104 2428 sobrietatem
1126 2384 1315 2427 retinens
1338 2385 1519 2437 mentis,
1544 2383 1618 2427 fu-

233 2449 318 2505 giat
339 2452 590 2496 ebrietatem
615 2448 792 2497 diaboli.

283 2541 288 2553 ¹
321 2535 440 2565 Matth.
465 2546 528 2574 xiv,
548 2548 578 2574 Q.
602 2553 638 2558 -
659 2542 670 2557 ²
692 2536 772 2576 Psal,
791 2546 898 2576 εῖναι,
920 2536 1038 2569 85-86.
1058 2552 1099 2558 —
1124 2535 1135 2557 3
1162 2537 1240 2567 Gen.
1266 2546 1340 2576 xxv,
1361 2545 1413 2567 2¹2.
