1729 3143
506 215 560 242 DE
594 215 809 252 summm,
842 215 981 243 sunno
1011 215 1061 241 11.
1417 205 1468 242 61

95 277 215 331 simi,
241 277 349 337 quid
367 277 591 323 donaverit
607 279 686 322 iste
707 279 783 338 qui
800 279 993 323 ascendit
1007 278 1054 321 in
1071 278 1208 321 altum
1223 311 1235 332 ‚
1257 278 1471 336 captivam

93 344 217 390 duxit
237 347 530 405 captivitatem
546 381 558 401 ‚
583 346 704 391 dedit
725 346 840 390 dona
861 348 1110 392 hominibus
1127 350 1141 373 ¹
1168 366 1178 392 ς
1202 346 1347 392 videte
1366 348 1475 406 quid

93 414 333 459 donaverit.
360 416 490 460 Venit
507 414 761 458 mirabiliter
776 449 787 469 ‚
813 416 947 460 crevit
967 416 1222 460 mirabiliter
1239 451 1250 471 ‚
1278 417 1474 460 exhibuit

92 484 230 528 multa
258 484 491 541 miracula3
517 500 616 543 quae
643 484 840 543 superius
865 486 1326 542 commemoravimus,
1358 486 1472 530 salus

92 563 253 598 aeterna
284 553 431 598 multis
452 554 652 613 praestitit
682 553 881 598 salutem.
903 555 988 607 Qui
1009 555 1280 600 infirmitates
1306 565 1473 601 nostras

92 624 279 682 suscepit
295 658 306 677 ,
336 623 494 667 multas
515 624 741 683 variasque
766 624 1038 668 infirmitates
1067 628 1247 670 curavit.
1273 626 1473 671 Circum—

92 692 217 736 datus
243 693 371 736 etiam
395 702 500 737 tunc
533 693 619 737 fuit
639 693 924 737 multitudine
944 693 1209 753 populorum
1227 729 1238 749 ,
1264 712 1372 754 quos
1394 696 1474 740 ad-

91 761 271 806 duxerat
291 778 381 806 non
402 762 508 807 fides
523 798 534 818 ‚
567 762 644 807 sed
662 764 885 808 curiositas
907 763 1152 808 oculorum.
1173 765 1370 825 Denique
1386 766 1475 809 visa

89 830 297 874 miracula
328 831 457 876 multi
486 833 757 889 laudabant,
789 832 860 877 alii
894 833 1195 878 detrahebant.
1231 836 1341 879 Nam
1372 834 1474 878 inde

91 910 155 944 est
169 900 281 944 illud
300 901 578 946 detractionis
597 904 783 947 verbum
802 903 1040 947 dicentium
1059 938 1070 958 ,
1095 903 1216 963 quod
1232 903 1277 946 in
1297 903 1472 947 Beelze-

89 969 182 1012 bub
203 970 397 1029 principe
418 970 732 1016 daemoniorum
752 973 925 1032 ejiceret
938 972 1153 1017 daemonia
1170 974 1200 1015 ².
1223 974 1333 1017 Cum
1354 982 1473 1016 tanta

89 1048 234 1082 tamen
250 1040 456 1084 miracula
473 1040 633 1084 faceret
648 1075 660 1096 ,
679 1050 956 1101 contemptus
974 1052 1060 1086 est:
1080 1058 1170 1086 non
1184 1042 1323 1086 solum
1345 1042 1473 1099 digne

86 1108 262 1151 habitus
286 1123 375 1151 non
393 1117 455 1152 est
470 1143 480 1162 ‚
506 1111 582 1153 sed
602 1111 779 1169 insuper
801 1113 966 1155 occisus
984 1121 1062 1154 est.
1089 1115 1233 1163 Quare
1254 1127 1342 1156 non
1367 1121 1472 1156 tunc

88 1175 251 1220 factum
269 1186 348 1230 est,
360 1186 410 1220 ut
429 1179 517 1236 ejus
533 1181 757 1236 praesentia
771 1195 957 1223 numeru
970 1179 1063 1223 sille
1078 1180 1370 1237 colligeretur,
1390 1181 1470 1224 nisi

85 1246 316 1305 oportebat
329 1245 500 1304 impleri
518 1249 663 1291 omnia
680 1264 780 1307 quae
798 1249 852 1291 de
869 1264 920 1292 eo
936 1257 1059 1292 erant
1081 1249 1270 1306 scripta?
1296 1250 1471 1292 Etenim

84 1315 261 1376 quando
287 1315 360 1359 illa
387 1317 625 1373 agebantur
641 1351 651 1370 ‚
679 1319 767 1374 jam
789 1317 851 1361 illi
882 1319 935 1361 ab
956 1319 1050 1376 ipso
1078 1318 1435 1377 praeparabantur
1456 1353 1467 1373 ‚

81 1386 171 1444 jam
193 1385 418 1443 captivitas
440 1400 589 1429 eorum
613 1394 737 1443 capta
759 1395 864 1429 erat.
891 1388 1216 1444 Expectabatur
1238 1397 1289 1432 ut
1318 1403 1469 1432 ascen-

86 1453 207 1498 deret
227 1454 420 1498 Salvator
439 1489 449 1509 ,
485 1464 527 1498 et
548 1455 731 1498 donaret
754 1454 882 1498 dona.
919 1459 1024 1506 Quae
1056 1454 1204 1498 dona?
1226 1458 1348 1500 Dona
1370 1474 1469 1516 quae

86 1533 346 1583 acceperunt
368 1524 576 1582 Discipuli
610 1543 619 1567 :
651 1540 750 1583 quae
773 1525 939 1583 accepit
971 1527 1122 1567 Petrus
1147 1533 1196 1568 ut
1228 1536 1469 1570 moreretur

84 1609 164 1653 pro
180 1594 357 1637 absente
371 1628 381 1647 ,
408 1609 540 1652 quem
558 1592 827 1652 desperando
845 1603 1076 1651 negaverat
1092 1604 1366 1652 praesentem.
1388 1598 1466 1640 Vi—

85 1663 184 1707 dete
206 1664 314 1722 quid
336 1662 450 1706 idem
470 1667 620 1707 Petrus
643 1662 759 1706 dicat
778 1663 824 1706 in
844 1663 1038 1721 Epistola
1059 1678 1135 1706 sua
1155 1698 1165 1718 ,
1190 1664 1298 1723 quid
1319 1665 1466 1709 effun-

86 1734 161 1777 dat
182 1749 233 1776 ex
254 1732 370 1777 dono
388 1732 463 1776 illo
481 1734 615 1776 sancti
644 1733 824 1792 Spiritus
855 1752 863 1777 z
896 1753 915 1775 «
945 1733 1180 1777 Credentes
1198 1769 1209 1788 ,
1235 1735 1394 1794 inquit,
1420 1737 1465 1780 in

87 1822 107 1845 »
134 1818 234 1847 eum
256 1818 387 1863 quem
405 1818 494 1847 non
513 1802 666 1846 videtis
681 1837 691 1857 ,
717 1802 902 1861 gaudete
921 1803 1200 1847 inenarrabili
1213 1803 1370 1863 gaudio
1385 1807 1418 1848 3.
1442 1824 1461 1849 »

85 1872 360 1916 Gaudeamus
381 1881 425 1915 et
445 1887 522 1916 nos
544 1872 761 1916 credendo
783 1874 826 1916 in
853 1887 952 1916 eum
971 1888 1103 1931 quem
1124 1888 1214 1917 non
1235 1873 1430 1918 videmus
1453 1896 1461 1919 ;

84 1951 134 1986 ut
154 1942 293 1986 securi
314 1941 439 1985 illum
467 1941 714 1997 videamus,
745 1957 844 1986 cum
874 1942 929 1985 ad
955 1943 1096 2001 ipsum
1123 1944 1460 2002 pervenerimus.

85 2012 241 2055 Veniet
261 2021 406 2055 autem
428 2020 471 2055 et
492 2011 582 2070 ipse
601 2046 612 2066 ‚
639 2012 714 2055 sed
736 2027 826 2056 non
844 2010 938 2055 talis
960 2011 1099 2071 qualis
1120 2022 1246 2057 antea
1266 2014 1400 2058 venit.

144 2083 287 2124 XVII.
318 2084 538 2125 Venturus
567 2091 630 2125 est
662 2081 776 2125 enim
805 2082 923 2126 vivos
953 2091 996 2125 et
1029 2091 1221 2126 mortuos
1248 2082 1458 2142 judicare.

87 2149 243 2194 Veniet
271 2158 415 2193 autem
444 2158 493 2193 ut
509 2150 676 2208 judicet
702 2151 779 2210 qui
801 2152 916 2195 stetit
939 2151 1019 2195 sub
1039 2152 1187 2210 judice
1219 2170 1227 2195 :
1253 2152 1397 2196 veniet
1418 2152 1464 2195 in

87 2235 136 2263 ea
157 2217 296 2263 forma
317 2220 362 2261 in
380 2234 465 2278 qua
483 2217 703 2278 judicatus
724 2229 788 2263 est
803 2255 813 2274 ‚
838 2230 888 2264 ut
907 2221 1083 2265 videant
1103 2222 1147 2265 in
1170 2237 1302 2281 quem
1319 2237 1466 2280 pupu-

90 2299 259 2348 gerunt.
285 2292 561 2348 Cognoscant
583 2289 725 2333 Judaei
747 2304 877 2348 quem
908 2302 1177 2349 negaverunt
1201 2312 1209 2336 ;
1237 2294 1466 2336 convincat

91 2375 162 2403 eos
185 2359 256 2402 ille
278 2360 409 2403 homo
432 2369 653 2417 susceptus
679 2393 691 2413 ,
733 2368 776 2402 et
798 2360 852 2402 al)
875 2359 933 2402 eis
960 2363 1202 2405 crucifixus.
1235 2365 1434 2406 Fortasse
1452 2397 1462 2416 ‚

91 2430 380 2485 dilectissimi,
405 2431 611 2490 quoniam
640 2430 791 2473 veritas
813 2430 1058 2489 evangelica
1081 2448 1170 2476 non
1204 2432 1335 2476 tacuit
1363 2448 1459 2476 eum

139 2521 148 2537 ¹
170 2515 250 2546 Psal.
269 2525 390 2556 Lxxvn,
414 2527 464 2557 19,
486 2519 517 2547 ct
539 2515 653 2556 Ephes.
672 2527 716 2557 iv,
732 2515 817 2546 3.-
833 2523 844 2537 ²
863 2518 937 2547 Luc.
961 2526 1004 2556 xx,
1026 2515 1078 2548 35.
1095 2533 1136 2538 -—
1152 2515 1164 2539 3
1191 2528 1203 2548 1
1226 2519 1309 2548 Pctr.
1332 2525 1363 2557 ¹,
1387 2520 1418 2550 8.
