1729 3143
439 255 492 282 nr:
524 255 674 282 nunno
706 252 919 293 narrato,
955 256 1036 282 Lm.
1072 256 1101 281 1.
1379 245 1459 281 277

86 335 175 366 non
206 319 404 365 facienda
436 319 677 364 discuntur.
713 321 777 363 Ex
808 335 896 379 quo
921 319 1033 365 male
1065 319 1208 365 facere
1240 319 1350 364 nihil
1371 329 1460 376 est,

85 392 167 438 nisi
187 408 211 436 a
231 390 458 451 disciplina
479 391 671 436 deviare.
1480 396 1483 399 ’

144 467 226 509 ΙΙΙ.
262 466 314 508 Ε.
340 467 517 509 Prorsus
537 477 618 522 ego
645 461 754 506 duas
782 461 1030 522 disciplinas
1060 477 1150 508 esse
1171 471 1307 523 puto,
1331 477 1466 508 unam

82 550 160 595 per
182 550 313 595 quam
335 535 447 578 bene
467 533 609 578 facere
627 567 639 588 ‚
667 531 795 576 aliam
819 547 898 591 per
918 547 1050 592 quam
1072 532 1185 578 male
1214 532 1354 578 facere
1375 533 1467 578 dis-

82 607 232 651 cimus.
262 605 346 651 Sed
367 620 468 650 cum
488 619 703 666 quaereres
721 612 869 648 utrum
892 602 1117 664 disciplina
1140 604 1307 649 bonum
1328 614 1438 650 esset
1451 640 1464 661 ‚

83 677 218 736 ipsius
237 676 342 721 boni
363 690 484 719 amor
505 674 794 719 intentionem
815 689 955 719 meam
973 674 1118 734 rapuit
1133 709 1144 728 ,
1167 683 1218 719 ut
1235 674 1355 719 illam
1377 674 1468 720 dis-

81 747 285 807 ciplinam
306 748 499 792 intuerer
515 782 526 802 ‚
552 762 652 807 quae
666 746 779 791 bene
800 744 988 791 faciendi
1004 754 1068 790 est
1082 781 1093 801 ,
1119 760 1172 789 ex
1193 761 1282 806 quo
1300 747 1468 791 bonum

80 833 170 862 esse
191 816 393 877 respondi
413 837 422 862 ε
448 833 566 862 nunc
598 826 744 862 autem
784 816 1022 861 admoneor
1044 831 1134 861 esse
1156 815 1283 861 aliam
1298 852 1309 871 ‚
1337 833 1470 877 quam

80 887 238 948 procul
271 887 408 932 dubio
429 887 595 931 malum
627 903 716 931 esse
738 888 976 941 confirmo,
1010 896 1053 931 et
1086 888 1211 947 cujus
1244 896 1466 932 auctorem

81 959 273 1018 requiro.
300 962 352 1002 A.
383 957 543 1002 Saltem
565 957 897 1016 intelligentiam
922 958 1095 1002 nonnisi
1116 958 1283 1002 bonum
1307 961 1469 1017 putas?

79 1032 130 1073 E.
159 1032 290 1073 Istam
313 1028 442 1087 plane
464 1028 522 1072 ita
545 1028 704 1072 bonam
727 1037 836 1087 puto
852 1064 862 1083 ‚
894 1039 944 1073 ut
972 1045 1062 1073 non
1092 1030 1263 1074 videam
1294 1030 1402 1089 quid
1423 1031 1469 1075 in

78 1099 256 1143 homine
287 1100 422 1158 possit
453 1114 541 1142 esse
570 1100 870 1157 praestantius3
896 1115 976 1143 nec
1005 1100 1097 1143 ullo
1120 1099 1252 1144 modo
1286 1102 1482 1145 dixerim‘

78 1170 268 1229 aliquam
298 1168 629 1228 intelligentiam
660 1170 817 1213 malam
845 1184 934 1212 esse
956 1184 1094 1228 posse.
1128 1173 1179 1213 A.
1219 1170 1336 1222 Quid
1367 1187 1468 1215 cum

78 1241 260 1284 docetur
278 1240 462 1300 quisque
477 1275 487 1294 ,
511 1241 544 1284 si
566 1256 655 1284 non
675 1239 911 1298 intelligat,
938 1240 1181 1299 poterit-ne
1211 1240 1291 1284 tibi
1313 1242 1468 1286 doctus

6 1338 9 1339 ν
75 1310 248 1355 videri?
270 1312 322 1353 E.
349 1311 538 1354 Omnino
559 1325 647 1353 non
670 1309 843 1369 poterit.
870 1313 920 1353 Α.
951 1311 994 1354 Si
1016 1325 1119 1369 ergo
1141 1310 1282 1354 omnis
1302 1311 1467 1355 intelli·

81 1383 224 1442 gentia
245 1382 360 1426 bona
385 1390 471 1435 est,
498 1397 578 1425 nec
600 1380 829 1440 quisquam
853 1381 1035 1440 quinon
1056 1380 1283 1439 intelligit,
1309 1382 1463 1442 discit3

16 1481 20 1496 .-
79 1453 218 1497 omnis
240 1452 316 1512 qui
339 1450 464 1495 discit
480 1486 490 1506 ,
516 1451 628 1494 bene
651 1449 754 1495 facit
775 1470 784 1495 ε
812 1451 950 1495 omnis
977 1451 1092 1494 euim
1111 1452 1187 1511 qui
1216 1450 1367 1507 discit,
1394 1454 1464 1497 in-

76 1522 231 1581 telligit
249 1544 260 1580 3
285 1532 329 1567 et
351 1522 490 1566 omnis
510 1522 585 1581 qui
609 1521 840 1580 intelligit,
867 1522 979 1565 bene
1001 1520 1105 1566 facit
1125 1538 1134 1563 t
1161 1523 1357 1583 quisquis
1379 1525 1463 1582 igi-

76 1602 148 1637 tur
170 1593 326 1653 quaerit
349 1601 569 1636 auctorem
589 1625 599 1643 ,
623 1607 700 1651 per
722 1607 854 1651 quem
870 1591 1034 1653 aliquid
1052 1591 1257 1637 discimus
1273 1628 1283 1648 ‚
1310 1604 1463 1639 aucto-

77 1679 167 1708 rem
191 1664 388 1722 profecto
405 1679 482 1722 per
499 1678 631 1723 quem
645 1663 757 1706 bene
774 1662 970 1719 facimus,
996 1664 1167 1724 quaerit.
1188 1667 1462 1726 Quapropter

76 1734 222 1779 desine
246 1733 358 1777 velle
386 1733 644 1791 investigare
677 1734 822 1777 nescio
853 1749 984 1794 quem
1020 1734 1185 1779 malum
1219 1737 1458 1782 doctorem.

80 1806 124 1851 Si
147 1806 264 1849 enim
295 1804 434 1850 malus
457 1814 544 1861 est,
569 1804 723 1850 doctor
744 1821 835 1851 non
865 1815 929 1851 est
948 1825 957 1851 :
983 1806 1018 1851 si
1039 1805 1193 1852 doctor
1214 1817 1297 1864 est,
1322 1808 1461 1855 malus

78 1892 168 1924 non
190 1885 268 1921 est.

137 1950 213 1991 IV.
248 1949 300 1990 E.
321 1949 412 2005 Age
429 1947 517 2006 jam
540 1948 748 2007 quoniam
769 1949 870 1993 satis
891 1948 1004 2007 cogis
1022 1957 1071 1993 ut
1086 1948 1224 1993 fatear
1238 1985 1249 2003 ‚
1274 1965 1365 1994 non
1381 1967 1460 1997 nos

76 2018 240 2062 discere
257 2015 369 2060 male
388 2015 543 2073 facere,
561 2018 630 2063 dic
641 2019 748 2063 mihi
761 2018 879 2063 unde
893 2019 1003 2064 male
1015 2019 1255 2064 iaciamus?
1276 2023 1330 2065 A.
1351 2024 1460 2067 Eam
1491 2024 1493 2043 ¹
1574 2068 1577 2069 ⁷

75 2087 359 2147 quaestionem
383 2101 530 2131 moves
546 2123 557 2142 ‚
583 2104 682 2148 quae
699 2105 768 2133 me
790 2089 1026 2134 admodum
1050 2089 1367 2136 adolescentem
1384 2107 1454 2137 ve·
1490 2080 1491 2083 Ἰ
1530 2109 1552 2140 μ
1570 2094 1597 2117 ’“·““

75 2159 302 2202 hementer
326 2157 515 2201 exercuit
533 2192 544 2211 ,
569 2166 613 2201 et
630 2158 858 2217 fatigatum
880 2160 926 2204 in
947 2161 1171 2206 haereticos
1193 2161 1369 2221 impulit
1390 2172 1457 2207 at-
1549 2159 1557 2166 ’

76 2244 163 2289 que
185 2227 353 2287 dejecit.
380 2230 477 2281 Quo
500 2244 601 2273 casn
623 2229 683 2273 ita
707 2245 803 2274 sum
825 2231 1010 2276 afflictus
1026 2267 1036 2287 ,
1061 2241 1105 2276 et
1127 2233 1256 2277 tantis
1276 2233 1458 2278 obrutus
1481 2232 1491 2267 s

78 2298 239 2343 acervis
260 2298 458 2342 inanium
475 2298 725 2343 fabularum
741 2336 757 2355 ,
781 2309 831 2346 ut
847 2301 928 2345 nisi
943 2302 1050 2346 mihi
1069 2318 1188 2348 amor
1205 2304 1457 2349 inveniendi

77 2369 167 2415 veri
189 2383 316 2427 opem
338 2367 529 2413 divinam
550 2369 886 2429 impetravisset,
920 2387 1138 2432 emergere
1158 2373 1290 2430 inde,
1325 2384 1457 2436 atque

78 2439 125 2482 in
145 2439 283 2498 ipsam
299 2438 483 2498 primam
504 2439 727 2499 quaerendi
744 2441 990 2486 libertatem
1012 2444 1220 2503 respirare
1241 2460 1330 2489 non
1351 2460 1453 2504 pos-

80 2525 183 2554 sem.
209 2513 266 2555 Et
283 2511 487 2571 quoniam
508 2526 680 2556 mecum
701 2512 852 2557 sedulo
870 2522 1015 2557 actum
1033 2523 1095 2558 est
1110 2549 1121 2570 ‚
1145 2523 1196 2559 ut
1214 2515 1292 2559 ista
1309 2531 1454 2576 quaes-

81 2581 197 2625 tione
227 2581 456 2635 liberarer,
494 2598 544 2628 eo
578 2592 723 2628 tecum
760 2599 880 2642 agam
904 2583 1081 2639 ordine,
1113 2601 1242 2646 quem
1279 2596 1449 2631 secutus

17 2589 27 2645 ,μα
12 2383 26 2554 ΔΞ.Δι-ιμ·υ
10 2242 23 2345 Ὼ,-ο
8 2080 21 2203 *υ-
