1729 3143
615 264 668 290 nr:
698 261 924 292 ΡΑΤΙΕΝΤῙΑ
933 281 943 291 .
1418 258 1468 293 21

93 330 171 375 bis.
199 334 262 374 Ac
283 345 361 388 per
378 331 460 373 hoc
479 329 681 372 voluntas
698 327 838 382 bona,
863 344 949 388 qua
961 329 1156 387 diligitur
1172 332 1304 384 Deus,
1327 331 1374 373 in
1394 331 1476 376 ho-

92 399 208 443 mine
224 415 312 442 non
330 406 473 457 potest
489 411 594 450 esse,
615 396 696 439 uisi
712 396 758 439 in
780 412 870 456 quo
892 400 1006 442 Deus
1029 407 1232 457 operatur
1264 408 1308 442 et
1329 399 1476 444 velle1.

96 471 199 512 Haec
220 468 353 526 igitur
381 466 581 510 voluntas
600 465 718 510 bona
738 500 750 521 ,
780 465 825 509 id
848 475 933 520 est,
956 467 1160 512 voluntas
1180 471 1272 513 Deo
1294 468 1484 514 fideliter

91 538 266 581 subdita
281 572 292 591 ⁷
312 537 514 580 voluntas
545 536 773 580 sanctitate
795 536 973 594 superni
996 537 1159 582 ardoris
1182 553 1377 594 accensa,
1401 555 1482 584 vo-

91 607 233 650 luntas
251 621 350 665 quae
367 605 508 662 diligit
529 608 668 649 Deum
686 614 730 648 et
751 606 998 664 proximum
1020 615 1199 665 propter
1210 611 1349 653 Deum
1371 611 1483 668 3sive

91 690 251 727 amore,
272 676 327 718 de
344 690 433 733 quo
455 674 688 732 respondet
706 675 929 733 apostolus
953 679 1107 719 Petrus
1127 695 1136 720 :
1165 695 1186 718 «
1206 679 1407 733 Domine,
1434 689 1485 724 tu

93 763 112 785 »
138 746 235 800 scis,
261 745 363 804 quia
381 759 480 789 amo
497 748 555 788 te²
572 766 584 802 3
603 745 728 788 »sive
748 746 922 800 timore,
943 745 998 789 de
1021 761 1111 805 quo
1134 745 1244 791 dicit
1261 749 1484 806 apostolus

89 815 249 859 Paulus
272 835 280 858 :
306 834 326 856 «
347 818 400 858 In
422 816 578 859 timore
600 824 644 858 et
658 824 846 860 tremore
867 825 1053 860 vestram
1072 817 1268 875 ipsorum
1299 818 1485 863 salutem

92 903 111 925 »
139 885 423 943 operamini³3
445 902 466 925 >›
492 885 581 928 sive
598 884 774 943 gaudio,
796 885 852 929 de
868 901 957 945 quo
979 884 1086 930 dicit
1106 905 1115 930 :
1135 905 1156 928 «
1182 888 1267 946 Spe
1284 889 1483 945 gauden-

91 972 112 994 »
138 962 217 1008 tes,
242 954 288 997 in
311 954 593 998 tribulatione
610 955 859 1012 patientes&
881 973 900 995 »
925 956 1014 998 sive
1035 956 1224 1011 tristitia,
1244 957 1421 1015 qualem
1438 974 1483 1003 se

88 1023 194 1068 dicit
226 1039 425 1081 magnam
451 1025 654 1069 habuisse
675 1040 755 1083 pro
783 1024 990 1069 fratribus
1011 1026 1097 1070 suis
1114 1030 1158 1084 ⁵3
1189 1043 1483 1089 quaecumque

89 1109 232 1138 amara
246 1104 288 1138 et
306 1110 454 1153 aspera
466 1096 661 1151 sufferat,
680 1096 866 1140 charitas
879 1096 958 1140 Dei
975 1098 1074 1151 est⁶‚
1087 1113 1188 1156 quae
1206 1099 1353 1142 omnia
1369 1098 1483 1143 tole-

89 1172 171 1217 rat,
192 1180 292 1222 quae
310 1178 399 1205 non
417 1164 684 1206 diffunditur
706 1166 752 1206 in
769 1164 972 1209 cordibus
990 1167 1164 1222 nostris,
1190 1168 1272 1211 nisi
1289 1183 1368 1226 per
1387 1169 1486 1227 Spi-

86 1232 218 1274 ritum
246 1241 444 1275 sanctum
463 1265 474 1285 ,
498 1232 575 1289 qui
606 1231 732 1274 datus
750 1241 814 1274 est
842 1233 1004 1275 nobis7.
1044 1232 1170 1275 Unde
1200 1248 1485 1294 nequaquam

87 1299 320 1344 dubitante
341 1301 519 1358 pietate,
546 1300 657 1344 sicut
676 1300 862 1344 charitas
885 1309 1030 1344 sancte
1048 1301 1309 1358 amantium,
1324 1304 1384 1348 ita
1402 1321 1483 1365 pa-

86 1371 237 1414 tientia
259 1370 329 1428 pie
344 1370 624 1413 tolerantium
647 1371 724 1414 Dei
744 1369 912 1414 donum
931 1380 1009 1414 est.
1030 1374 1182 1430 Neque
1200 1373 1317 1417 enim
1336 1373 1484 1421 divina

89 1442 310 1499 Scriptura
335 1439 446 1483 fallit
467 1450 543 1484 aut
564 1440 730 1484 fallitur
745 1475 756 1492 ,
782 1457 882 1500 quae
904 1457 994 1485 non
1010 1442 1150 1487 solum
1184 1444 1229 1487 in
1256 1446 1482 1492 veteribus

89 1509 233 1553 Libris
255 1509 389 1552 habet
401 1510 533 1568 hujus
555 1510 617 1552 rei
633 1510 897 1564 testimonia,
918 1525 1018 1554 cum
1041 1514 1131 1556 Deo
1154 1511 1338 1558 dicitur:
1357 1533 1378 1557 «
1396 1519 1482 1561 Pa-

89 1598 110 1621 »
136 1580 287 1622 tientia
309 1594 405 1621 mea
422 1588 472 1622 tu
491 1580 583 1635 esss3
601 1597 622 1619 »
643 1588 707 1633 et,
732 1598 752 1621 «
773 1579 842 1623 Ab
866 1581 960 1638 ipso
976 1589 1039 1624 est
1056 1582 1264 1640 patientia
1284 1588 1400 1629 mea⁹
1423 1606 1432 1632 ι
1454 1606 1474 1629 »

88 1658 132 1692 et
150 1649 225 1691 ubi
250 1648 358 1692 alius
382 1650 597 1707 Propheta
622 1648 748 1703 dicit,
770 1650 966 1708 accipere
987 1666 1066 1695 nos
1083 1653 1292 1712 Spiritum
1308 1654 1482 1703 fortitu-

87 1718 198 1762 dinis
230 1737 238 1762 ε
262 1719 546 1762 verumetiam
565 1719 612 1762 in
637 1720 882 1778 apostolicis
911 1722 1083 1766 Litteris
1104 1723 1266 1782 legitur
1289 1744 1298 1770 z
1321 1744 1341 1767 «
1362 1729 1476 1780 Quia

91 1807 111 1829 »
136 1789 260 1832 vobis
282 1787 495 1832 donatum
517 1798 580 1833 est
601 1805 680 1848 pro
707 1790 880 1835 Christo
897 1826 908 1846 ‚
938 1807 1029 1836 non
1051 1793 1193 1838 solum
1220 1804 1271 1840 ut
1293 1797 1479 1843 credatis

91 1877 111 1900 »
136 1860 182 1902 in
199 1874 315 1913 eum,
332 1859 406 1903 sed
418 1868 467 1903 ut
479 1860 608 1903 etiam
627 1861 850 1918 patiamini
867 1872 1044 1921 propter
1061 1867 1218 1909 eum¹⁰.
1232 1869 1363 1912 »Non
1378 1883 1481 1928 ergo

87 1930 209 1988 quasi
243 1930 298 1972 de
326 1930 502 1988 proprio
537 1929 668 1975 faciat
703 1931 895 1976 animum
919 1932 1082 1978 elatum
1105 1935 1229 1995 quod
1250 1937 1331 1981 sibi
1355 1940 1477 1984 audit

88 2015 177 2044 esse
199 2001 427 2044 donatum.

147 2072 318 2114 XXIII.
357 2071 399 2114 Si
411 2071 508 2128 quis
526 2079 672 2115 autem
687 2087 777 2116 non
791 2072 958 2118 habens
976 2075 1249 2132 charitatem,
1267 2094 1367 2138 quae
1379 2095 1481 2138 per-

88 2140 198 2182 tinet
216 2140 270 2182 ad
291 2141 504 2182 unitatem
526 2141 699 2199 spiritus
712 2151 755 2185 et
771 2136 995 2188 vinculum
1014 2145 1131 2204 pacis
1144 2149 1194 2202 ¹1,
1213 2163 1302 2206 quo
1324 2150 1478 2194 catho-

90 2208 173 2253 lica
190 2208 384 2252 Ecclesia
405 2219 669 2267 congregata
689 2213 965 2257 connectitur
980 2249 991 2269 ,
1016 2216 1061 2259 in
1084 2215 1231 2277 aliquo
1252 2218 1481 2265 schismate

90 2279 372 2333 constitutus,
396 2294 451 2322 ne
469 2278 690 2323 Christum
708 2289 854 2338 neget,
880 2284 1041 2340 patitur
1061 2286 1378 2343 tribulationes,
1404 2305 1482 2334 an-

92 2348 268 2406 gustias,
292 2347 470 2403 famem,
497 2348 758 2406 nuditatem,
784 2354 1373 2415 persecutionem‚pericula,
1389 2374 1482 2404 car-

139 2459 148 2474 ¹
169 2454 284 2497 Philip.
307 2467 342 2496 11,
364 2456 414 2487 13.
434 2472 476 2479 —-
495 2463 506 2478 2
526 2460 620 2489 Joan.
636 2467 703 2499 ΧΠ,
722 2457 773 2491 15.
794 2475 835 2483 -—
852 2457 866 2482 3
887 2461 999 2504 Philip.
1018 2470 1056 2504 11,
1075 2472 1126 2496 12.
1142 2481 1184 2488 -—
1201 2465 1218 2495 4
1237 2467 1328 2499 Rom.
1346 2478 1404 2510 κη,
1426 2477 1481 2502 12:

90 2525 131 2532 ——
149 2509 296 2552 ⁵Id.1x‚
319 2520 349 2543 2.
377 2529 418 2534 —
436 2510 451 2533 6
474 2523 486 2543 1
512 2514 584 2545 Cor.
616 2524 698 2555 xm,
723 2524 755 2556 7.
777 2531 817 2538 -
834 2523 847 2548 7
873 2518 967 2557 Rom,
987 2528 1026 2558 ν,
1049 2519 1080 2551 5.
1096 2536 1138 2545 —
1154 2519 1170 2543 8
1188 2521 1267 2554 Psal.
1287 2533 1370 2565 Lxx,
1390 2524 1420 2557 5.
1438 2542 1479 2548 —

93 2572 107 2595 9
128 2566 174 2598 Id.
196 2577 258 2608 m,
276 2567 309 2600 6.
329 2584 369 2591 —-
390 2575 420 2590 ¹0
440 2568 552 2610 Philip.
571 2580 594 2610 ι,
615 2578 667 2611 29.
683 2586 724 2593 —
740 2577 770 2595 ¹¹
792 2570 905 2614 EpheS.
925 2583 969 2613 lv,
990 2574 1020 2606 3.
