1729 3143
225 184 309 226 442
666 193 700 223 s.
737 195 968 223 umusnm
1000 195 1182 225 znseom

223 263 382 323 gustias
414 261 604 321 patiatur
619 295 630 315 ,
673 260 750 321 qui
785 258 1025 304 secundum
1063 263 1200 305 Deum
1242 263 1488 323 interpellat
1526 280 1604 325 pro

221 333 378 378 sanctis
406 349 415 375 ε
439 329 516 374 sed
537 330 640 389 quia
658 329 748 390 ipse
770 345 848 375 nos
870 340 1017 375 movet
1035 330 1089 375 ad
1109 330 1323 376 orandum
1345 349 1446 378 cum
1468 336 1604 393 gemi-

220 418 340 456 mus,
367 399 486 460 quod
509 399 601 459 ipso
624 410 827 446 movente
850 416 927 445 nos
949 400 1154 456 facimus,
1191 402 1280 461 ipse
1302 401 1442 447 facere
1465 403 1606 449 dictus

221 482 299 518 est.
328 472 396 516 Sic
418 470 579 516 dicitur
606 472 734 517 etiam
757 471 895 518 illud:
932 491 949 513 «
975 476 1130 518 Tentat
1156 473 1233 519 Vos
1261 474 1472 519 Dominus
1494 478 1607 522 Deus
1664 514 1666 524 .
1720 524 1729 532 ,

223 563 242 585 »
268 552 426 598 vester,
442 553 491 588 ut
510 544 615 587 sciat
628 543 660 587 si
677 542 851 602 diligitis
871 559 971 588 eum
985 546 1017 588 1.
1037 562 1057 586 »
1083 547 1180 590 Non
1199 545 1314 589 enim
1331 554 1380 589 ut
1396 546 1503 590 sciat
1518 546 1608 606 ipse

218 630 351 676 quem
372 614 483 658 nihil
504 613 637 670 latet,
663 615 736 659 sed
757 623 807 660 ut
829 614 937 658 scire
952 630 1030 659 nos
1048 613 1196 670 faciat,
1219 625 1435 676 quantum
1454 616 1499 661 in
1518 618 1608 677 ejus

205 683 451 731 'dilectione
472 685 808 746 profecerimus,
834 686 991 730 tentari
1009 701 1087 730 nos
1106 687 1335 746 permittit.
1359 686 1609 734 Secundum

218 759 356 818 ipsam
391 757 661 802 locutionem
699 756 806 801 dicit
843 765 886 800 et
923 757 1132 801 Dominus
1168 766 1313 801 noster
1328 792 1339 813 ,
1374 758 1538 803 nescire
1566 774 1610 803 se

221 828 337 874 diem
360 838 404 873 et
432 829 586 874 horam
616 828 669 873 de
702 829 789 872 fine
819 827 967 873 saeculi
979 831 1011 873 2.
1033 846 1053 870 »
1080 828 1196 882 Quid
1221 829 1335 873 enim
1357 838 1500 889 potest
1521 845 1611 875 esse

219 900 342 962 quod
362 900 436 946 ille
459 901 621 945 nesciat
637 902 655 939 ‘?
679 899 760 940 Sed
785 900 887 956 quia
910 900 992 940 hoc
1015 900 1179 944 utiliter
1202 900 1452 946 occultabat
1474 902 1612 947 Disci-

217 972 347 1033 pulis,
368 971 633 1015 nescientem
653 982 696 1010 se
713 982 802 1010 esse
824 966 947 1022 dixit,
965 967 1069 1027 quia
1090 965 1187 1011 illos
1209 973 1448 1015 nescientes
1466 973 1614 1018 occul-

218 1040 355 1087 tando
390 1039 590 1084 faciebat.
628 1035 880 1082 Secundum
913 1038 1027 1083 hanc
1058 1038 1244 1097 figuram
1277 1040 1406 1084 etiam
1441 1044 1614 1086 Patrem

220 1112 362 1158 solum
383 1110 495 1155 dixit
514 1110 620 1154 scire
642 1108 757 1153 diem
782 1108 946 1166 ipsum,
974 1109 1077 1170 quia
1099 1109 1303 1154 eumdem
1327 1111 1488 1156 Filium
1507 1113 1614 1158 scire

220 1182 396 1228 faceret.
422 1183 489 1225 Ex
510 1181 592 1225 hac
612 1181 749 1238 figura
773 1179 925 1224 multae
942 1180 1202 1241 quaestiones
1227 1181 1273 1225 in
1294 1182 1452 1227 divinis
1469 1185 1615 1243 Scrip-

220 1254 328 1300 turis
351 1254 409 1297 eis
428 1288 438 1307 ,
466 1252 541 1313 qui
564 1254 656 1313 jam
685 1267 819 1311 genus
841 1252 1070 1297 locutionis
1091 1253 1222 1312 hujus
1245 1263 1462 1298 noverunt
1480 1289 1490 1309 ,
1523 1256 1615 1299 sine

222 1324 313 1371 ulla
352 1324 611 1369 difficultate
647 1323 891 1368 solvuntur.
938 1323 1115 1368 Talibus
1150 1323 1445 1369 locutionibus
1483 1327 1613 1371 etiam

223 1396 419 1442 abundat
441 1405 588 1441 nostra
610 1397 882 1441 consuetudo
897 1431 908 1451 ,
934 1411 1035 1440 cum
1071 1395 1256 1439 dicimus
1287 1394 1439 1440 laetum
1462 1396 1578 1442 diem
1600 1433 1610 1453 ‚

223 1469 324 1530 quia
342 1483 419 1512 nos
433 1467 555 1513 laetos
569 1466 669 1513 facit
682 1489 692 1526 3
706 1477 748 1512 et
763 1468 935 1527 pigrum
951 1466 1101 1525 frigus,
1119 1467 1220 1528 quia
1235 1483 1313 1512 nos
1331 1468 1473 1528 pigros
1485 1468 1612 1528 facit,

223 1539 436 1586 etfossam
459 1555 636 1595 caecam,
662 1540 763 1600 quia
778 1555 855 1584 nos
878 1554 973 1583 eam
995 1555 1085 1584 non
1106 1538 1333 1598 videmus,
1356 1550 1399 1585 et
1420 1539 1614 1600 linguam

223 1611 401 1672 politam
419 1647 429 1667 ,
450 1612 552 1673 quia
571 1612 704 1656 verba
722 1611 857 1672 polita
879 1610 984 1656 facit
1003 1630 1012 1657 ε
1033 1620 1252 1671 postremo
1267 1611 1397 1656 etiam
1415 1612 1612 1672 quietum

225 1684 280 1728 ab
299 1684 500 1728 omnibus
521 1683 727 1728 molestiis
747 1692 920 1742 tempus
941 1681 1127 1727 dicimus
1142 1718 1153 1738 ,
1178 1683 1224 1726 in
1247 1698 1336 1743 quo
1359 1699 1438 1727 nos
1452 1684 1508 1727 ab
1525 1698 1616 1728 om-

225 1754 354 1798 nibus
376 1753 583 1798 molestiis
599 1754 735 1814 quieti
755 1768 919 1797 sumus.
949 1753 1034 1798 Sed
1055 1763 1097 1797 et
1119 1756 1234 1797 Deus
1251 1754 1509 1813 requievisse
1523 1753 1616 1799 dic-

225 1835 294 1871 tus
316 1835 380 1870 est
401 1826 456 1870 ab
479 1826 683 1870 omnibus
705 1825 910 1885 operibus
931 1825 1043 1879 suis,
1069 1839 1169 1885 quae
1193 1824 1297 1868 feeit
1319 1824 1433 1869 bona
1456 1824 1585 1870 valde
1601 1861 1611 1881 ,

225 1898 326 1959 quia
348 1897 393 1942 in
414 1897 489 1942 illo
513 1898 820 1957 requiescimus
842 1897 896 1941 ab
918 1896 1122 1941 omnibus
1145 1896 1349 1955 operibus
1372 1896 1529 1941 nostris
1545 1932 1556 1952 ,
1581 1898 1616 1943 si

225 1984 355 2028 opera
377 1968 494 2013 bona
515 1967 746 2012 fecerimus
768 1986 776 2013 :
800 1967 903 2027 quia
925 1975 968 2010 et
987 1966 1077 2025 ipsa
1098 1966 1214 2011 bona
1237 1982 1368 2026 opera
1391 1977 1535 2012 nostra
1553 1966 1615 2012 illi

226 2038 455 2084 tribuenda
478 2047 580 2083 sunt
601 2038 677 2098 qui
697 2047 850 2093 vocat,
884 2037 961 2097 qui
977 2036 1196 2097 praecipit,
1224 2037 1300 2098 qui
1317 2038 1432 2082 viam
1453 2037 1615 2083 verita-

225 2111 278 2156 tis
300 2110 518 2166 ostendit,
543 2111 619 2171 qui
640 2119 690 2154 ut
711 2119 753 2154 et
774 2108 958 2155 velimus
981 2109 1163 2165 invitat,
1196 2118 1238 2154 et
1266 2110 1377 2155 vires
1405 2108 1615 2170 implendi

226 2199 274 2229 ea
296 2199 395 2244 quae
417 2183 628 2241 imperat,
654 2181 970 2226 subministrat.

284 2257 467 2300 XXXV.
506 2253 589 2300 Sed
611 2269 747 2314 quare
768 2252 952 2312 septimo
975 2251 1046 2296 die
1073 2252 1242 2312 requies
1262 2252 1342 2297 ista
1368 2253 1612 2308 tribuatur,

228 2324 478 2385 diligentius
498 2323 861 2370 considerandum
880 2323 1081 2368 arbitror.
1099 2322 1238 2368 Video
1252 2324 1366 2367 enim
1381 2339 1459 2383 per
1473 2332 1613 2368 totum

228 2405 395 2441 textum
418 2397 663 2442 divinarum
680 2396 1000 2454 Scripturarum
1023 2410 1095 2439 sex
1116 2394 1326 2456 quasdam
1344 2404 1488 2439 aetates
1508 2409 1614 2454 ope-

233 2481 368 2523 rosas,
393 2468 518 2512 certis
548 2466 671 2527 quasi
705 2465 917 2510 limitibus
955 2465 1041 2511 suis
1073 2481 1162 2511 esse
1194 2465 1445 2519 distinctas,
1484 2473 1533 2509 ut
1569 2465 1613 2509 in

281 2558 289 2573 ¹
314 2554 402 2584 Dent.
424 2562 492 2594 xm,
514 2553 543 2587 3.
561 2569 603 2576 -
619 2559 630 2576 ²
650 2551 771 2584 Matth.
791 2561 881 2592 xxiv,
900 2550 956 2584 36.

1696 2877 1706 3143 ..—--—0-—.-.
