1729 3143
243 169 325 211 152
676 177 709 204 s.
745 170 974 202 Auccs‘rrm
1007 173 1187 202 Errseorr

238 248 374 308 gilent
400 255 544 293 nautae
571 261 580 288 :
615 242 868 302 frequenter
898 241 1027 286 etiam
1060 242 1257 288 Christus
1288 244 1511 290 invocetur
1538 260 1620 305 gu-

235 321 442 365 bernator
456 354 467 373 ‚
494 327 544 361 ut
564 329 720 359 navem
743 314 874 359 tantis
895 313 1097 374 periculis
1120 324 1340 375 ereptam,
1366 316 1422 360 ad
1441 326 1622 377 portum

236 390 475 438 securitatis
495 388 587 447 ipse
607 385 833 446 perducat.
858 386 1105 447 Baptizatus
1127 401 1193 442 es,
1219 387 1413 447 signatus
1437 404 1481 432 es
1501 389 1621 448 regio

235 465 496 514 charactere,
513 458 682 517 coepisti
698 459 906 519 consequi
918 473 1135 502 annonam
1153 458 1207 502 de
1224 473 1372 503 mensa
1385 459 1517 518 Regis
1533 460 1614 504 tui.

232 532 329 577 Noli
352 545 442 574 esse
463 529 656 574 desertor
670 564 683 584 ,
707 545 787 573 nec
809 539 858 573 ut
879 528 1090 573 delicatus
1113 528 1235 573 miles
1257 529 1429 573 diffluas
1450 544 1527 589 per
1546 545 1622 574 vo·

232 603 419 659 luptates
436 635 447 655 ,
483 609 525 644 et
554 608 596 644 te
625 600 758 644 hostis
788 598 988 644 diabolus
1015 600 1227 643 inermem
1257 599 1622 660 diffluentemque

229 672 420 716 inveniat
444 690 453 716 ι
480 670 556 716 sed
586 681 635 715 ut
670 671 791 715 fortis
821 670 941 715 miles
974 670 1192 731 quidquid
1214 680 1336 730 potes
1369 686 1447 728 age
1468 671 1515 714 in
1536 671 1621 715 hoc

228 742 345 786 bello
361 777 372 797 ‚
398 751 450 786 ut
471 743 606 787 virtus
637 751 711 786 tua
734 743 928 787 Christus
955 758 1045 786 non
1067 742 1210 786 solum
1242 750 1285 785 te
1308 750 1483 785 tueatur
1499 776 1509 796 ,
1542 756 1620 786 ve-

229 813 460 857 rumetiam
492 813 563 857 alii
591 814 819 872 proficiant
857 813 912 857 ad
934 813 1133 857 salutem.
1167 811 1343 857 Postula
1373 827 1397 856 a
1419 827 1520 870 rege
1542 820 1621 856 tuo

230 897 348 926 arma
370 882 593 942 spiritalia.
620 882 790 926 Bellum
822 883 933 937 tibi,
974 883 1145 942 inquit,
1184 881 1421 935 indicitur,
1457 882 1503 924 in
1531 897 1620 941 quo

227 953 435 996 enitescas
458 953 696 1011 pugnando
716 987 727 1006 ‚
762 961 811 995 ut
840 952 895 995 ad
922 951 1096 1012 plenam
1124 966 1278 1011 pacem
1306 951 1620 1009 triumphando

227 1022 466 1080 pervenias.
491 1024 588 1066 Non
611 1031 763 1063 contra
783 1038 926 1060 unum
947 1021 1173 1060 dimicabis
1188 1051 1199 1071 ‚
1224 1020 1352 1061 multi
1374 1020 1490 1062 enim
1513 1037 1619 1066 con-

226 1100 291 1134 tra
307 1098 350 1132 te
368 1088 513 1131 exient
536 1085 768 1130 adversarii
786 1104 794 1129 :
815 1086 1031 1144 pugnabis
1052 1086 1168 1129 enim
1190 1101 1292 1130 cum
1308 1087 1422 1131 vitiis
1439 1122 1450 1143 ,
1476 1098 1546 1144 et,
1569 1100 1620 1136 ut

225 1160 378 1203 beatus
409 1165 576 1213 martyr
598 1157 844 1215 Cyprianus
873 1156 932 1199 ait
951 1158 964 1181 1
984 1191 995 1209 ‚
1020 1157 1055 1199 si
1084 1156 1342 1215 depresseris
1363 1159 1588 1205 avaritiam
1603 1197 1614 1217 ,

225 1236 405 1285 exurget
426 1226 564 1269 libido
583 1261 593 1280 ‚
620 1224 741 1284 quod
763 1234 805 1268 et
827 1226 860 1269 si
886 1225 1117 1269 libidinem
1140 1227 1364 1284 superabis
1378 1262 1389 1281 ,
1414 1231 1617 1276 succedet

225 1297 403 1341 ambitio
422 1316 433 1352 3
459 1296 547 1339 etsi
561 1295 742 1338 ambitio
755 1310 778 1338 a
795 1295 983 1338 tefuerit
995 1294 1164 1339 devicta
1180 1331 1190 1350 ,
1214 1296 1277 1340 ira
1289 1331 1299 1351 ‚
1321 1295 1436 1341 zelus
1451 1333 1462 1354 ,
1483 1315 1616 1345 aemu-

222 1367 326 1411 latio
343 1401 353 1419 ‚
378 1365 642 1420 invidentia,
668 1365 869 1423 superbia
887 1400 897 1419 ‚
923 1366 1171 1421 ebriositas,
1209 1382 1309 1411 cum
1338 1369 1500 1414 caeteris
1527 1371 1614 1415 suis

224 1435 434 1497 pestiferis
457 1436 580 1480 sociis
606 1436 653 1479 in
682 1450 822 1479 unum
855 1445 1006 1480 contra
1038 1447 1082 1480 te
1112 1437 1415 1483 dimicantium
1449 1443 1613 1487 consti-

224 1516 352 1552 tuent
373 1515 527 1551 castra.

283 1579 342 1621 ΙΙ.
386 1576 470 1620 Sed
502 1590 592 1620 non
625 1585 816 1632 metuas,
842 1576 975 1620 habes
997 1578 1118 1637 quod
1139 1593 1251 1637 agas.
1279 1581 1440 1625 Invoca
1459 1583 1613 1626 Domi-

222 1662 329 1692 num
350 1647 562 1690 virtutum
579 1682 589 1701 ,
610 1646 765 1690 induat
786 1655 830 1690 te
853 1662 903 1690 ex
926 1647 1013 1691 alto
1033 1649 1195 1693 virtute
1211 1685 1222 1705 ‚
1248 1660 1298 1694 ut
1318 1651 1438 1696 illam
1460 1652 1609 1711 profe-

222 1734 288 1762 ras
311 1732 460 1762 vocem
491 1736 498 1761 :
531 1736 550 1759 «
577 1718 619 1761 Si
641 1717 877 1761 consistant
899 1717 1125 1762 adversum
1149 1735 1218 1763 me
1247 1730 1384 1765 castra
1400 1757 1412 1776 ,
1437 1737 1528 1766 non
1551 1724 1610 1767 ti-

224 1808 244 1831 »
270 1789 408 1832 mebit
430 1803 505 1832 cor
525 1803 672 1832 meum
690 1809 700 1845 3
725 1798 768 1832 et
789 1789 822 1832 si
844 1799 1023 1848 exurgat
1048 1791 1093 1834 in
1115 1806 1184 1834 me
1201 1791 1400 1850 praelium
1416 1828 1428 1848 ,
1465 1794 1512 1837 in
1533 1794 1610 1840 illo

226 1878 246 1901 »
271 1874 352 1918 ego
376 1858 558 1918 sperabo
572 1862 603 1901 ².
634 1876 653 1898 >›
697 1862 747 1902 In
768 1859 845 1902 illo
862 1894 872 1913 ‚
898 1860 942 1903 in
965 1861 1088 1919 quo?
1124 1862 1203 1904 nisi
1239 1863 1285 1905 in
1323 1864 1507 1908 Domino
1529 1865 1610 1908 vir-

218 1938 392 1983 tutum,
423 1929 500 1987 qui
537 1927 717 1972 militem
753 1944 881 1973 suum
910 1930 969 1973 ita
1002 1939 1198 1989 expectat
1219 1930 1525 1988 dimicantem,
1558 1944 1608 1979 ut

220 2000 394 2059 adjuvet
431 1999 718 2043 laborantem.
754 2000 1000 2058 Baptizatus
1023 2016 1066 2043 es
1086 2036 1096 2055 ,
1138 1999 1376 2045 mundatus
1395 2036 1407 2055 ‚
1447 2010 1607 2048 unctus

219 2069 315 2113 oleo
333 2104 343 2123 ,
378 2077 665 2112 restauratum
701 2078 764 2111 est
802 2084 960 2128 corpus
990 2079 1117 2113 tuum
1147 2070 1202 2114 ad
1234 2071 1424 2130 priorem
1445 2082 1606 2118 statum

216 2139 344 2197 primi
360 2138 475 2182 illius
493 2138 680 2183 hominis
698 2147 798 2182 ante
811 2149 1039 2198 peccatum
1059 2159 1067 2184 :
1085 2140 1176 2184 noli
1195 2142 1475 2199 postmodum
1492 2143 1606 2187 male

218 2224 394 2253 securus
421 2224 524 2253 esse.
567 2210 635 2253 Ad
665 2225 847 2268 agonem
886 2209 1165 2268 produceris,
1199 2220 1347 2255 contra
1377 2212 1603 2257 diabolum

219 2278 423 2323 vitiorum
461 2280 701 2339 principem
744 2280 969 2325 dimicabis
1002 2281 1047 2324 in
1085 2296 1212 2325 arena
1249 2282 1377 2340 hujus
1410 2282 1564 2326 mundi
1588 2305 1600 2342 3

219 2356 415 2405 utraeque
433 2360 574 2408 partes
591 2385 602 2405 ,
623 2350 782 2395 Christi
807 2349 969 2395 scilicet
988 2360 1031 2395 et
1048 2350 1209 2395 diaboli
1226 2386 1237 2406 ,
1262 2351 1430 2396 infinita
1446 2353 1601 2413 populi

219 2417 455 2462 multitudo
474 2429 516 2462 te
535 2429 731 2479 expectat
747 2420 1010 2479 luctantem,
1029 2430 1071 2466 et
1087 2422 1285 2481 quisnam
1301 2424 1447 2468 vincat
1463 2459 1475 2480 ‚
1500 2422 1599 2469 vide

268 2507 278 2523 ¹
294 2502 392 2542 Cypr.
412 2503 441 2532 in
459 2502 540 2534 libro
561 2504 600 2534 de
615 2505 818 2537 Mortalitate.
834 2522 874 2528 —
891 2513 902 2527 ²
920 2505 1000 2537 psal.
1021 2515 1112 2547 ΗΠ,
1131 2505 1160 2538 3.
