1729 3143
82 268 184 370 s,
252 266 583 371 ΑΗΒ.
651 270 1460 411 AUGUSTINt

343 491 802 528 HIPPONENSIS
853 491 1166 530 EPISCOPI

758 660 797 680 DE

146 819 707 894 DISCIPLINA
763 823 1387 897 CHRISTIANA.

644 1236 912 1288 SERMO¹.

138 1422 173 1462 I.
209 1422 403 1463 LocuTus
426 1427 489 1462 est
510 1418 564 1462 ad
584 1434 663 1464 nos
681 1434 820 1464 sermo
841 1420 941 1474 Dei,
966 1429 1009 1463 et
1021 1419 1308 1480 depromptus
1331 1434 1394 1465 est
1415 1424 1472 1467 ad

78 1489 423 1534 exhortationem
457 1498 650 1533 nostram
673 1524 684 1544 ,
729 1490 900 1534 dicente
945 1489 1198 1548 Scriptura:
1240 1493 1471 1550 «Accipite

83 1577 102 1599 ι
138 1558 411 1618 disciplinam
441 1559 487 1602 in
509 1559 641 1603 domo
672 1558 953 1618 disciptinae2.
975 1578 994 1601 »
1033 1560 1297 1619 Disciplina,
1330 1578 1355 1606 a
1382 1563 1471 1606 dis-

80 1628 220 1672 cendo
242 1628 358 1673 dicta
381 1638 444 1673 est
471 1648 479 1672 :
505 1628 743 1688 disciplinae
766 1628 945 1683 domus,
982 1639 1045 1673 est
1067 1630 1260 1675 Ecclesia
1293 1633 1467 1676 Christi.

81 1699 194 1751 Quid
217 1715 320 1758 ergo
342 1699 412 1743 hic
434 1698 640 1754 discitur,
665 1699 735 1745 vel
755 1716 890 1760 quare
907 1699 1122 1745 discitur?
1147 1702 1232 1754 Qui
1264 1713 1366 1747 sunt
1398 1704 1474 1762 qui

81 1768 254 1813 diseunt
270 1804 280 1824 ‚
307 1779 351 1814 et
372 1786 395 1814 a
417 1786 507 1829 quo
527 1770 703 1814 discunt
721 1773 739 1814 Ξ)
764 1772 949 1815 Discitur
973 1772 1084 1815 bene
1105 1772 1265 1817 vivere.
1293 1776 1474 1832 Propter

79 1840 164 1884 hoc
185 1839 365 1884 discitur
393 1841 506 1884 bene
540 1841 711 1897 vivere,
753 1851 803 1885 ut
830 1843 1109 1901 perveniatur
1131 1842 1186 1887 ad
1216 1859 1384 1902 semper
1405 1845 1474 1888 vi-

81 1924 195 1954 vere.
229 1910 409 1955 Discunt
449 1910 712 1966 Christiani,
752 1911 880 1956 docet
921 1912 1134 1956 Christus.
1182 1913 1327 1957 Primo
1370 1929 1474 1972 ergo

82 1978 190 2037 quid
223 1980 276 2022 sit
311 1980 424 2024 bene
455 1981 626 2037 vivere3
668 1980 828 2024 deinde
863 1997 962 2041 quae
986 1981 1039 2025 sit
1066 1997 1229 2026 merces
1256 1983 1384 2026 bonae
1407 1984 1476 2028 vi-

84 2057 168 2106 tae3
193 2049 320 2093 tertio
349 2051 423 2108 qui
451 2050 537 2094 sint
570 2052 659 2095 veri
688 2052 948 2108 Christiani3
984 2061 1140 2112 quarto
1176 2053 1273 2113 quis
1311 2054 1366 2097 sit
1401 2069 1476 2098 ve-

83 2134 155 2162 rus
178 2120 380 2177 magister
395 2154 406 2173 ‚
441 2135 580 2178 pauca
601 2120 886 2180 loquentibus
909 2123 1035 2167 nobis
1052 2158 1062 2178 ‚
1099 2123 1209 2167 sicut
1231 2122 1366 2167 donat
1387 2127 1475 2168 Do-

82 2189 255 2243 minus,
293 2188 444 2232 audire
486 2189 742 2247 dignemini.
785 2193 946 2236 Omnes
988 2193 1033 2235 in
1069 2192 1202 2237 domo
1236 2192 1476 2252 disciplinae

84 2274 254 2314 sumus,
294 2258 370 2303 sed
399 2259 526 2303 multi
559 2259 719 2304 nolunt
744 2261 906 2304 habere
933 2261 1207 2322 disciplinam
1232 2285 1242 2321 3
1279 2273 1321 2308 et
1354 2263 1476 2323 quod

84 2337 148 2372 est
185 2329 448 2387 perversius,
484 2345 564 2374 nec
597 2330 643 2373 in
672 2329 805 2375 domo
840 2330 1084 2390 disciplinae
1122 2334 1279 2378 volunt
1314 2334 1478 2378 habere

135 2431 142 2446 ¹
167 2427 201 2457 ln
218 2427 312 2458 MSS.
331 2427 490 2468 plerisque
513 2427 691 2470 appellatur
708 2428 820 2466 Liber,
843 2433 898 2460 aut
917 2429 1062 2460 Libellus
1089 2431 1271 2474 Augustini
1295 2429 1336 2462 tle
1360 2432 1478 2464 Disci—

84 2481 184 2522 plina
206 2481 411 2520 clm-istium,
438 2483 505 2515 sive
523 2482 564 2514 (le
590 2484 783 2526 Disciplina
802 2484 1084 2517 Christianorum.
1113 2488 1147 2517 ln
1166 2486 1258 2518 editis
1277 2488 1328 2518 Er.
1347 2491 1380 2518 et
1396 2489 1474 2520 Lov.

89 2535 231 2573 additur,
251 2537 310 2567 ve]
328 2536 369 2569 cle
389 2536 486 2571 domo
508 2539 719 2580 Disciplc’nae.
741 2557 782 2563 —
797 2546 809 2563 ²
829 2539 926 2573 Eccli.
949 2551 990 2583 Li,
1011 2541 1047 2573 31
1069 2546 1101 2573 et
1117 2541 1169 2575 36.
