1729 3143
222 214 303 250 358
658 218 690 244 s.
727 218 956 245 Avensa-ml
991 220 1167 247 EPISCOPJ

222 293 398 332 Prorsus
420 287 453 327 si
474 297 670 326 meorum
698 297 877 340 operum
901 284 1127 341 praescium
1150 286 1287 327 Deum
1311 284 1408 328 dico
1423 319 1434 340 ,
1459 285 1597 330 multo

222 356 427 402 fidentius
461 367 560 396 eum
593 352 774 396 dixerim
811 353 1010 411 praescire
1037 368 1165 412 opera
1186 368 1262 397 sua
1281 388 1292 408 ‚
1328 362 1371 396 et
1401 354 1509 414 quid
1545 357 1599 400 sit

215 428 409 472 facturus
443 423 678 467 certissime
718 422 968 482 praevidere.
1010 427 1062 467 A.
1093 426 1247 469 Nonne
1278 424 1410 483 igitur
1448 440 1571 470 caves
1585 461 1596 482 ‚

214 512 270 541 ne
322 494 403 538 tibi
442 493 613 538 dicatur
642 528 653 548 ‚
711 494 842 538 etiam
880 494 1023 552 ipsum
1064 509 1356 554 quaecumque
1405 493 1600 540 facturus

215 575 306 622 est,
342 580 434 610 non
471 564 698 610 voluntate
735 564 811 609 sed
842 565 1091 609 necessitate
1125 564 1370 621 facturum,
1395 566 1429 609 si
1455 567 1601 611 omnia

214 651 403 697 quorum
426 638 541 681 Deus
560 636 762 695 praescius
785 645 847 680 est
861 670 872 691 ,
897 637 1150 681 necessitate
1171 636 1284 681 fiunt
1301 671 1312 692 ,
1337 652 1427 681 non
1443 635 1602 682 volun-

212 709 332 767 tate?
361 710 412 751 E.
434 709 529 767 Ego
546 722 648 752 cum
666 706 856 751 dicerem
871 708 1123 752 necessitate
1147 708 1346 752 universa
1361 708 1454 752 fieri
1469 743 1480 763 ‚
1503 723 1601 768 quae

213 783 329 824 Deus
346 777 495 823 futura
517 778 733 838 praescivit
750 812 761 832 ‚
785 793 834 822 ea
856 778 945 822 sola
966 778 1170 822 intuebar
1187 814 1197 834 ‚
1223 795 1322 839 quae
1343 779 1390 822 in
1406 788 1603 824 creatura

212 852 306 911 ejus
327 850 466 905 fiunt,
495 865 586 894 non
616 857 763 893 autem
793 864 893 908 quae
914 849 960 892 in
979 849 1072 907 ipso
1097 868 1106 894 z
1129 864 1219 893 non
1241 850 1356 893 enim
1386 865 1435 894 ea
1457 850 1571 893 fiunt
1586 883 1598 904 ‚

211 920 288 966 sed
304 930 407 965 sunt
428 922 704 978 sempiterna.
727 923 779 964 A.
800 919 920 965 Nihil
943 935 1045 978 ergo
1062 920 1109 963 in
1128 935 1206 964 sua
1226 930 1423 964 creatura
1446 936 1601 979 opera—

211 1000 284 1036 tur
315 994 444 1034 Deus.
485 992 536 1032 E.
579 990 676 1031 Jam
706 986 839 1031 semel
861 989 1013 1032 statuit
1036 988 1412 1048 quemadmodum
1439 988 1604 1034 feratur

210 1059 319 1106 ordo
347 1061 441 1118 ejus
474 1057 763 1101 universitatis
795 1072 928 1115 quam
953 1058 1176 1114 condidit3
1213 1073 1357 1117 neque
1379 1058 1495 1102 enim
1525 1058 1604 1102 ali-

207 1129 317 1191 quid
347 1144 460 1173 nova
482 1128 709 1172 voluntate
733 1126 1019 1172 administrat.
1057 1131 1110 1172 A.
1135 1129 1361 1188 Numquid
1383 1128 1603 1172 neminem

208 1202 389 1246 beatum
400 1198 536 1244 facit?
558 1200 609 1242 E.
626 1199 749 1242 Facit
762 1213 879 1242 vero.
901 1201 954 1242 A.
979 1201 1101 1241 Tunc
1116 1199 1269 1257 utique
1282 1197 1384 1242 facit
1396 1233 1407 1253 ,
1425 1197 1602 1258 quaudo

208 1270 281 1315 ifle
302 1271 368 1314 fit.
389 1275 436 1313 E.
464 1272 529 1313 Ita
550 1278 628 1313 est.
655 1272 708 1312 A.
737 1269 779 1313 Si
797 1269 930 1327 igitur
947 1302 957 1322 ‚
983 1268 1105 1312 verbi
1127 1268 1260 1325 gratia
1280 1303 1290 1323 ‚
1317 1277 1416 1327 post
1437 1284 1603 1312 annum

210 1342 364 1385 beatus
403 1338 578 1383 futurus
609 1355 652 1383 es
671 1373 682 1393 ,
723 1348 820 1398 post
842 1354 1006 1382 annum
1030 1347 1072 1382 te
1101 1338 1278 1382 beatum
1306 1338 1498 1383 facturus
1521 1349 1598 1383 est.

209 1413 261 1455 E.
288 1410 446 1454 Etiam.
474 1412 525 1453 A.
553 1411 651 1452 Jam
675 1423 775 1466 ergo
794 1409 964 1467 praescit
981 1407 1114 1452 hodie
1133 1443 1145 1464 ‚
1182 1408 1301 1468 quod
1318 1418 1417 1468 post
1438 1424 1603 1453 annum

209 1480 404 1525 facturus
427 1488 504 1523 est.
537 1481 588 1522 E.
618 1481 797 1538 Semper
818 1478 902 1523 hoc
920 1478 1137 1538 praescivit
1158 1498 1167 1523 ε
1189 1494 1307 1524 nunc
1325 1494 1501 1540 quoque
1518 1479 1602 1524 hoc

210 1566 310 1594 eum
333 1550 533 1610 praescire
555 1549 778 1593 consentio
796 1583 806 1605 ,
827 1549 860 1592 si
884 1557 948 1593 est
963 1549 1022 1592 ita
1040 1547 1255 1593 futurum.

271 1622 373 1665 VII.
399 1622 451 1664 A.
478 1619 553 1662 Dic
571 1634 719 1678 quaeso
736 1653 747 1674 ‚
782 1634 890 1662 num
913 1628 963 1663 tu
987 1628 1184 1663 creatura
1205 1621 1298 1679 ejus
1325 1634 1415 1664 non
1438 1635 1481 1663 es
1496 1655 1507 1672 ‚
1528 1630 1603 1665 aut

210 1700 287 1735 tua
308 1689 534 1734 beatitudo
556 1705 646 1733 non
663 1689 709 1732 in
725 1698 768 1733 te
786 1690 890 1733 fiet?
913 1692 964 1733 E.
991 1693 1086 1734 Imo
1101 1699 1144 1734 et
1161 1699 1358 1734 creatura
1372 1691 1461 1750 ejus
1477 1706 1573 1734 sum
1589 1725 1600 1746 ,

211 1770 255 1805 et
274 1761 319 1804 in
342 1775 410 1803 me
433 1761 509 1804 fiet
530 1759 651 1819 quod
674 1760 828 1804 beatus
847 1775 936 1804 ero.
962 1763 1015 1803 A.
1038 1762 1136 1805 Non
1158 1776 1261 1819 ergo
1280 1761 1506 1806 voluntate
1527 1762 1601 1806 sed

212 1830 464 1875 necessitate
498 1831 543 1874 in
577 1839 620 1874 te
648 1830 724 1873 fiet
745 1828 973 1874 beatitudo
996 1838 1071 1873 tua
1094 1833 1182 1887 Deo
1203 1829 1402 1874 iaciente.
1433 1832 1482 1874 E.
1512 1834 1603 1876 Vo-

210 1900 354 1945 luntas
375 1899 491 1943 illius
513 1900 619 1944 mihi
637 1908 702 1944 est
718 1899 963 1943 necessitas.
991 1901 1043 1943 A.
1072 1901 1138 1942 Tu
1157 1899 1303 1959 itaque
1323 1900 1485 1944 invitus
1503 1901 1603 1945 bea-

212 1980 286 2028 tus
303 1971 399 2014 eris.
426 1974 477 2015 E.
504 1971 614 2015 Mihi
644 1970 678 2014 si
701 1978 810 2013 esset
834 1978 1021 2029 potestas
1052 1978 1102 2013 ut
1130 1985 1264 2013 essem
1296 1970 1450 2014 beatus
1469 2005 1480 2026 ‚
1513 1972 1602 2030 jam

212 2040 408 2100 profecto
427 2056 560 2084 essem
582 2060 591 2085 ι
610 2039 710 2084 volo
733 2040 848 2083 enim
867 2040 995 2083 etiam
1018 2055 1157 2094 nunc,
1183 2049 1226 2083 et
1244 2055 1475 2096 non-sum,
1499 2042 1602 2101 quia

212 2127 302 2155 non
324 2125 428 2169 ego,
453 2110 528 2154 sed
553 2109 626 2154 ille
649 2125 718 2153 me
740 2110 917 2153 beatum
937 2108 1054 2154 iacit.
1079 2113 1130 2153 A.
1155 2110 1330 2168 Optime
1352 2110 1406 2155 de
1428 2120 1471 2155 te
1487 2113 1602 2156 veri-

210 2191 272 2225 tas
291 2180 463 2225 clamat.
490 2183 589 2225 Non
611 2179 723 2223 enim
750 2195 892 2239 posses
916 2179 1034 2223 aliud
1052 2180 1210 2223 sentire
1225 2196 1314 2224 esse
1327 2181 1373 2224 in
1388 2190 1601 2240 potestate

210 2254 414 2307 nostra¹‚
455 2251 537 2295 nisi
572 2250 691 2310 quod
724 2266 821 2295 cum
861 2250 1062 2295 volumus
1091 2250 1285 2295 facimus.
1327 2254 1602 2312 Quapropter

209 2323 317 2365 nihil
340 2332 429 2366 tam
453 2322 499 2365 in
522 2331 666 2365 nostra
689 2330 902 2379 potestate
917 2355 928 2374 ‚
956 2336 1085 2381 quam
1108 2321 1198 2380 ipsa
1216 2320 1415 2365 voluntas
1433 2332 1510 2366 est.
1537 2325 1595 2366 Ea

213 2392 325 2434 enim
358 2407 531 2449 prorsus
555 2390 678 2434 nullo
710 2390 939 2434 intervallo
959 2425 970 2445 ,
1006 2406 1104 2435 mox
1139 2399 1189 2434 ut
1220 2390 1420 2436 volumus
1443 2401 1596 2451 praesto

216 2467 292 2501 est.
320 2464 375 2503 Et
396 2460 494 2504 ideo
516 2471 630 2504 recte
648 2475 875 2520 possumus
896 2461 1039 2505 dicere
1055 2495 1066 2516 ,
1091 2476 1181 2505 non
1202 2461 1426 2507 voluntate
1453 2476 1596 2505 senes-
1626 2514 1628 2516 ι

267 2538 274 2551 ¹
298 2534 440 2563 Retract.
461 2543 521 2573 cap
555 2545 597 2568 ix,
622 2545 652 2563 n.
677 2534 705 2562 3.
