1729 3143
15 2521 18 2651 i

16 2660 20 2766 ᾖ

17 2770 21 2904 ἱ

504 232 560 259 DE
591 222 817 258 o'rurrA'rE
849 227 1026 256 sewun.
1370 210 1453 250 185

78 299 210 357 tagit,
236 299 462 359 pervenire
484 296 712 351 desiderat,
745 303 898 338 aestuat
924 313 933 337 ι
959 291 1068 336 nihil
1087 291 1150 336 illi
1179 299 1268 336 tam
1285 302 1455 347 magnae

75 383 210 414 morae
235 378 298 415 est
316 405 326 425 ,
351 384 482 429 quam
504 366 676 411 dissolvi
703 374 746 409 et
767 379 856 408 esse
878 379 976 408 cum
995 364 1208 409 Christ01.
1225 380 1247 404 »

135 443 194 484 ΙΙ.
222 443 353 498 Ergo,
378 438 629 493 charissimi,
649 436 752 497 quia
773 444 837 480 est
857 445 1055 480 terrenus
1072 436 1193 480 cibus
1212 469 1223 489 ‚
1247 447 1336 493 quo
1357 445 1455 475 car-

75 510 141 554 nis
162 511 387 554 infirmitas
408 510 600 569 pascitur
622 530 633 566 3
665 518 728 552 est
750 517 896 552 autem
917 517 959 551 et
988 507 1174 552 coelestis
1195 505 1318 550 cibus
1333 538 1344 559 ‚
1369 517 1457 562 quo

74 580 210 638 pietas
231 581 386 625 mentis
403 578 609 640 impletur
625 600 636 637 3
663 588 707 624 et
723 578 857 623 habet
874 578 996 623 cibus
1014 577 1094 622 iste
1114 587 1309 621 terrenus
1325 575 1459 619 vitam

74 665 197 694 suam
213 684 223 704 ,
247 650 383 694 habet
405 659 447 694 et
469 650 542 694 ille
563 665 685 695 suam
713 670 721 695 :
746 650 877 710 hujus
898 649 982 693 cibi
1006 649 1093 692 vita
1116 648 1344 691 hominum
1367 654 1455 699 est,

72 719 187 762 illius
217 719 304 763 cibi
338 720 425 764 vita
455 720 723 777 Angelorum
745 729 821 764 est.
850 718 1019 763 Fideles
1041 718 1237 762 homines
1255 751 1265 771 ,
1291 714 1461 759 discreti

67 791 155 849 jam
177 792 307 835 corde
329 807 351 836 a
373 792 503 835 turba
526 792 795 847 infidelium,
821 791 1016 850 suspensi
1036 790 1083 833 in
1105 792 1244 834 Deum
1265 823 1276 843 ‚
1302 785 1463 845 quibus

71 859 230 905 dicitur
255 881 264 905 :
293 864 473 906 Sursum
495 877 595 917 cor,
622 860 748 906 aliam
773 877 893 921 spem
913 870 1134 921 gerentes,
1158 869 1202 904 et
1219 858 1400 903 scientes
1421 869 1465 898 se

70 930 331 988 peregrinari
352 932 397 975 in
419 933 503 977 hoc
526 932 694 977 mundo
708 968 718 987 ,
744 932 940 977 medium
962 931 1199 992 quemdam
1222 929 1371 973 locum
1393 935 1463 970 te-

69 1006 178 1039 nent
205 1015 214 1039 :
237 1010 318 1039 nec
339 999 422 1038 illis
445 1001 726 1051 comparandi
748 1011 849 1035 suut
866 1025 878 1045 ‚
914 1002 992 1050 qui
1021 999 1132 1034 nihil
1164 996 1284 1035 aliud
1305 1004 1465 1050 putant

71 1067 238 1109 bonum
255 1098 266 1117 ‚
293 1077 424 1121 quam
459 1061 622 1105 deliciis
650 1060 831 1105 terrenis
853 1059 1052 1119 perfrui,
1093 1075 1175 1105 nec
1209 1061 1293 1105 illis
1322 1062 1467 1107 adhuc

70 1133 268 1193 supernis
290 1132 611 1177 habitatoribus
630 1131 757 1184 coeli,
778 1129 940 1189 quibus
957 1130 1061 1175 solae
1076 1130 1246 1175 deliciae
1263 1140 1365 1175 sunt
1385 1147 1464 1190 pa-

69 1205 135 1249 nis
156 1206 248 1263 ipse
272 1220 295 1248 a
317 1219 404 1262 quo
427 1203 560 1247 creati
582 1211 699 1246 sunt.
726 1200 795 1245 Illi
818 1201 1017 1245 homines
1038 1202 1167 1260 proni
1190 1202 1245 1246 ad
1269 1211 1429 1246 terram
1451 1238 1462 1258 ‚

69 1283 242 1334 pastum
266 1283 397 1333 atque
418 1273 614 1317 laetitiam
638 1271 692 1315 de
715 1270 804 1316 sola
827 1286 956 1315 carne
977 1271 1245 1330 requirentes
1263 1306 1274 1326 ,
1300 1273 1467 1330 pecori-

70 1345 153 1389 bus
175 1353 484 1404 comparantur
505 1363 514 1387 :
537 1344 667 1401 longe
689 1342 745 1386 ab
767 1341 944 1400 Angelis
969 1340 1132 1385 distant
1151 1351 1194 1386 et
1215 1342 1467 1387 conditione

72 1423 115 1458 et
137 1414 332 1459 moribus
359 1435 369 1470 3
404 1412 655 1459 conditione
679 1447 690 1465 ,
724 1412 827 1471 quia
848 1410 1052 1455 mortales
1082 1419 1210 1467 sunt3
1235 1411 1430 1455 moribus
1451 1446 1461 1466 ‚

71 1486 174 1543 quia
206 1484 431 1528 luxuriosi.
471 1487 590 1527 Inter
627 1481 754 1526 illum
786 1480 1002 1540 populum
1038 1480 1140 1524 coeli
1173 1490 1216 1525 et
1251 1481 1466 1540 populum

72 1562 197 1596 terrae
216 1588 226 1608 ,
253 1553 422 1597 medius
444 1552 637 1612 quodam
668 1551 801 1596 modo
828 1550 1047 1607 pendebat
1074 1551 1336 1609 Apostolus3
1361 1551 1466 1596 illuc

71 1624 163 1668 ibat
179 1658 190 1677 ,
211 1624 316 1667 hinc
337 1638 381 1667 se
404 1622 646 1666 attollebat.
676 1624 765 1666 Nec
787 1620 989 1664 cumillis
1011 1629 1158 1664 tamen
1176 1631 1268 1665 erat
1290 1621 1432 1666 adhuc
1453 1643 1463 1678 3

71 1709 173 1737 nam
195 1692 359 1737 diceret
386 1713 394 1736 ι
421 1695 516 1736 Jam
538 1691 758 1750 perfectus
775 1706 873 1735 sum
893 1710 901 1734 :
922 1706 1002 1735 nec
1025 1706 1127 1735 cum
1150 1692 1238 1736 istis
1257 1702 1347 1737 erat
1363 1728 1374 1748 ,
1399 1694 1466 1752 pi-

71 1763 154 1821 gris
174 1797 186 1816 ‚
221 1761 404 1821 torpidis
429 1797 440 1817 ,
477 1761 680 1805 marcidis
701 1797 717 1817 ,
754 1760 1039 1806 somnolentis
1055 1796 1065 1816 ‚
1091 1761 1198 1805 nihil
1223 1762 1344 1806 aliud
1376 1778 1465 1807 esse

72 1833 328 1891 putantibus
346 1868 357 1888 ‚
382 1832 465 1876 nisi
487 1831 609 1892 quod
629 1832 781 1876 vident
801 1867 812 1886 ,
847 1841 890 1875 et
912 1831 1034 1891 quod
1055 1833 1209 1876 transit
1226 1868 1237 1887 ‚
1270 1842 1314 1877 et
1346 1834 1463 1893 quod

72 1903 163 1948 nati
185 1912 286 1947 sunt
301 1938 312 1958 ,
343 1911 387 1946 et
408 1902 528 1963 quod
549 1903 750 1948 morituri
780 1911 896 1947 sunt.
923 1905 1031 1948 Nam
1056 1903 1090 1947 si
1116 1918 1216 1947 cum
1240 1904 1298 1948 eis
1320 1914 1428 1948 esset
1450 1941 1461 1960 ,

73 1988 164 2017 non
195 1972 361 2018 diceret
380 1993 389 2018 :
420 1993 439 2015 «
462 1976 629 2034 Sequor
650 1973 707 2018 ad
729 1973 918 2033 palmam
941 1989 1140 2033 supernae
1162 1975 1415 2019 vocationis.
1440 1995 1459 2016 »

74 2043 327 2086 Gubernare
358 2044 506 2102 itaque
534 2044 746 2088 debemus
775 2053 923 2089 nostra
939 2045 1120 2104 jejunia.
1147 2047 1245 2091 Non
1268 2054 1331 2089 est
1352 2046 1460 2100 hoc,

72 2121 122 2156 ut
144 2111 259 2166 dixi,
297 2112 491 2156 officium
518 2113 790 2170 angelicum3
813 2129 895 2158 nec
917 2123 1064 2158 tamen
1097 2123 1140 2159 et
1171 2114 1346 2159 illorum
1380 2117 1464 2160 ho-

72 2182 243 2226 minum
272 2183 466 2226 officium
493 2191 557 2226 est
579 2183 654 2242 qui
681 2185 823 2228 ventri
843 2186 1038 2229 serviunt
1060 2204 1068 2230 :
1094 2185 1337 2232 medietatis
1360 2202 1461 2232 nos-

73 2260 152 2295 trae
172 2266 239 2295 res
260 2260 324 2295 est
340 2287 351 2306 ‚
376 2268 463 2311 qua
493 2252 679 2296 vivimus
699 2254 853 2297 secreti
875 2254 930 2297 ab
951 2255 1203 2300 infidelibus
1220 2291 1229 2310 ‚
1254 2257 1462 2316 conjungi

74 2320 249 2378 Angelis
270 2321 500 2366 inhiantes.
536 2324 743 2367 Nondum
771 2324 1047 2382 pervenimus
1064 2360 1074 2376 ‚
1100 2325 1176 2369 secl
1192 2328 1282 2386 jam
1312 2328 1422 2371 imus
1450 2346 1459 2372 z

75 2391 274 2435 nondum
297 2391 359 2435 ibi
380 2390 580 2437 laetamur
599 2428 609 2447 ‚
635 2392 709 2438 sed
729 2395 818 2453 jam
839 2394 909 2438 hic
929 2395 1206 2454 suspiramus.
1228 2396 1344 2450 Quid
1361 2411 1461 2455 ergo

75 2461 202 2505 nobis
223 2461 399 2520 prodest
419 2464 634 2509 abstinere
651 2463 923 2524 aliquantum
946 2481 970 2509 a
994 2476 1122 2524 pastu
1139 2476 1183 2511 et
1198 2466 1346 2513 laetitia
1363 2484 1459 2513 car-

125 2551 134 2567 ¹
157 2545 266 2587 Philip.
287 2557 310 2587 1,
331 2547 383 2578 23.
