1729 3143
300 199 379 239 188
729 213 762 242 s.
799 214 1030 246 mansum
1061 217 1245 247 muscom

295 292 385 322 non
426 278 566 323 oderit
609 278 835 324 vinculum
870 285 1028 326 suum?
1060 283 1156 347 quis
1194 298 1286 330 non
1324 284 1463 329 oderit
1498 278 1678 344 poenam¹

293 350 449 392 suam?
485 351 540 391 Et
578 356 724 394 tamen
751 370 760 396 :
790 370 811 394 «
835 352 972 399 Nemo
994 369 1190 414 unquam
1213 369 1387 398 carnem
1421 369 1543 399 suam
1577 354 1678 398 odio

296 437 314 458 »
341 418 472 461 habet
491 452 502 472 ,
528 418 605 462 sed
626 421 764 464 nutrit
782 431 824 466 et
846 422 966 467 fovet
987 439 1104 479 eam,
1130 424 1241 468 sicut
1255 433 1299 468 et
1316 420 1513 470 Christus
1526 423 1681 468 Eccle—
1706 415 1707 418 Ἴ
1727 472 1729 487 A

292 505 312 527 »
338 488 457 531 siam.
483 505 503 529 »
531 492 598 534 Tu
614 505 715 549 ergo
733 494 809 552 qui
825 493 959 538 alium
977 503 1201 539 auctorem
1225 495 1351 554 ponis
1374 495 1492 539 carni
1509 529 1521 550 ,
1548 493 1682 538 alium
1726 537 1729 561 ⁴

289 566 511 602 auctorem
544 561 741 619 spiritui,
777 563 910 607 alium
944 565 1164 623 positurus
1193 580 1236 608 es
1267 565 1472 608 Ecclesiae
1497 599 1508 618 ‚
1549 563 1682 607 alium

287 629 462 674 Christo
490 650 498 675 :
526 633 646 691 quod
683 634 758 693 qui
788 635 921 693 sapit,
947 636 1117 694 desipit.
1151 635 1300 693 Diligit
1323 650 1426 693 ergo
1448 633 1686 692 unusquis-
1725 619 1729 633 Α

286 715 373 759 que
394 715 568 746 carnem
591 719 713 747 suam
734 739 745 759 ,
785 704 1020 764 Apostolus
1052 705 1184 759 dicit,
1219 714 1261 748 et
1300 714 1459 763 praeter
1487 701 1686 762 Apostoli
1727 746 1729 753 ,

286 770 451 816 dictum
474 775 778 835 unusquisque
800 777 846 819 in
868 791 910 819 se
933 776 1106 834 probat.
1133 774 1464 828 Quantumlibet
1486 773 1603 817 enim
1631 773 1686 817 sis

285 841 487 889 domator
504 847 642 889 carnis
658 881 668 900 ‚
694 846 970 906 quantalibet
985 847 1031 890 in
1052 861 1149 890 eam
1166 845 1396 890 severitate
1414 843 1699 899 accendaris‚1

1726 754 1729 772 Ι

1725 815 1729 839 l

283 915 430 959 nescio
451 926 603 961 utrum
625 932 716 961 non
738 916 916 962 claudes
940 917 1119 962 oculum
1137 952 1148 973 ‚
1175 917 1209 961 si
1229 915 1384 974 aliquis
1404 915 1516 959 ictus
1540 914 1702 958 immi--
1723 871 1729 982 ἒ

282 992 401 1022 neat.
1723 1008 1729 1051 l

1723 1094 1729 1123 1

342 1050 397 1093 V.
423 1051 501 1093 Est
529 1063 633 1108 ergo
655 1049 780 1110 quasi
801 1048 1027 1109 quoddam
1049 1049 1305 1111 conjugium
1331 1051 1506 1111 spiritus
1527 1061 1571 1096 et
1593 1064 1682 1096 car-

282 1119 364 1163 nis.
395 1120 524 1164 Unde
553 1136 656 1180 ergo
684 1139 704 1163 «
728 1122 840 1166 Caro
863 1121 1130 1181 concupiscit
1153 1121 1358 1167 adversus
1384 1123 1615 1182 spiritum,
1642 1130 1699 1167 et!
1724 1153 1729 1194 1

285 1208 306 1232 »
333 1191 508 1249 spiritus
540 1191 744 1237 adversus
785 1194 1026 1236 carnem1‘?
1050 1211 1070 1233 »
1110 1191 1236 1236 Lnde
1272 1193 1350 1236 ista
1383 1207 1515 1252 poena
1539 1228 1549 1248 ‚
1585 1190 1729 1280 quaeii

282 1261 415 1304 ducta
437 1271 502 1307 est
527 1261 581 1306 de
604 1263 757 1306 mortis
778 1263 1051 1322 propagine?
1073 1262 1199 1307 Unde
1221 1262 1389 1308 dictum
1414 1273 1513 1308 est:
1540 1282 1561 1306 «
1585 1257 1706 1316 ΟΜ·-

284 1347 306 1371 »
334 1345 409 1374 nes
431 1331 478 1374 in
504 1332 647 1377 Adam
679 1333 969 1378 moriuntur?
996 1352 1016 1374 »
1048 1335 1107 1378 Et
1128 1333 1246 1377 unde
1275 1333 1380 1378 dicit
1417 1332 1681 1393 Apostolus·

285 1400 516 1445 «Fuimus
555 1401 795 1462 aliquando
832 1412 876 1447 et
909 1418 988 1448 nos
1026 1412 1183 1447 natura
1216 1403 1295 1447 filii
1331 1404 1407 1447 irae
1434 1437 1445 1458 ‚
1489 1404 1600 1448 sicut
1642 1410 1698 1447 eti

283 1487 305 1511 i)
332 1471 478 1515 caeteri
493 1472 545 1515 ²?
569 1489 590 1512 »
636 1473 817 1532 Accepit
852 1474 970 1517 enim
1009 1472 1083 1517 ille
1116 1472 1352 1518 vindictam
1388 1474 1543 1518 mortis
1570 1509 1582 1526 7
1631 1470 1685 1515 de

281 1556 370 1600 quo
401 1541 491 1584 nati
528 1557 708 1599 sumus,
745 1553 789 1588 et
820 1545 1038 1589 trahimus
1072 1542 1196 1598 quod
1228 1541 1452 1586 vincamus
1476 1558 1485 1583 :
1511 1548 1555 1583 et
1586 1539 1713 1585 ideo>

281 1609 630 1668 concupiscimus
661 1606 866 1652 adversus
896 1620 1099 1661 carnem,
1132 1614 1182 1649 ut
1204 1606 1331 1651 nobis
1358 1608 1569 1653 domitam
1592 1623 1686 1653 car-

281 1695 384 1724 nem
417 1679 727 1739 subjiciamus,
763 1686 807 1720 et
847 1691 944 1721 eam
977 1676 1031 1721 ad
1064 1677 1365 1722 obediendum
1398 1679 1711 1724 attrahamus.‘.

282 1747 509 1808 Numquid
542 1763 646 1806 ergo
678 1746 877 1801 odimus,
914 1760 1049 1805 quam
1084 1747 1210 1792 nobis
1242 1748 1445 1806 cupimus
1479 1747 1712 1811 obed-iren

282 1823 366 1864 Dat
394 1819 697 1878 unusquisque
726 1826 769 1861 et
790 1818 838 1861 in
862 1816 995 1861 domo
1019 1831 1096 1860 sua
1119 1816 1382 1875 plerumque
1410 1817 1684 1876 disciplinam*
1709 1835 1711 1838 ·

284 1890 458 1950 conjugi
473 1904 563 1934 suae
583 1924 594 1945 ‚
621 1898 664 1933 et
687 1904 782 1933 eam
810 1888 1015 1947 subjugat
1041 1886 1304 1931 renitentem
1319 1923 1330 1942 ,
1351 1903 1442 1932 non
1459 1887 1685 1947 persequi-¹

284 1971 356 2006 tur
377 1961 692 2005 inimicantem.
718 1958 880 2003 Filium
913 1968 1042 2003 tuum
1072 1958 1247 2012 domas,
1278 1967 1330 2002 ut
1359 1958 1441 2002 tibi
1473 1957 1677 2002 obediat:

285 2031 503 2091 numquid
520 2030 653 2075 disti?
665 2028 884 2090 numquid
902 2028 1114 2088 deputas
1103 2027 1362 2071 inimicum.
1347 2028 1366 2057 ‘²
1385 2029 1568 2072 Servum
1585 2005 1729 2086 pos-ll

284 2114 424 2148 tremo
450 2112 575 2147 tuum
597 2101 736 2159 diligis
760 2110 804 2145 et
825 2101 1036 2158 castigas,
1063 2108 1107 2143 et
1127 2099 1172 2142 in
1192 2097 1445 2157 castigando
1462 2095 1677 2143 obedien·
1716 2082 1729 2112 θ’

285 2183 374 2218 tem
406 2173 525 2217 facis.
569 2173 711 2216 Habes
747 2171 801 2216 de
828 2173 910 2215 hac
943 2186 989 2214 re
1021 2170 1154 2247 ipsius
1184 2169 1382 2228 Apostoli
1409 2152 1729 2213 manifestant*

288 2244 548 2323 plenamque
565 2243 853 2287 sententiam·
874 2243 1011 2287 «Non
1026 2240 1086 2285 sic
1101 2254 1248 2294 curro,
1273 2239 1447 2298 inquit,
1473 2238 1699 2301 ῖειηεμιειῐῑίι
1715 2223 1729 2267 Ψ

292 2316 384 2359 »in
413 2316 655 2372 incertum·
680 2329 771 2358 non
803 2314 861 2358 sic
893 2311 1115 2372 pugillor,
1146 2310 1270 2369 quasi
1304 2312 1448 2353 ae'rem
1479 2308 1677 2353 caedens:

294 2401 315 2424 n
341 2386 416 2429 sed
439 2387 599 2444 castigo
626 2400 783 2445 corpus
804 2398 978 2438 meum,
1006 2391 1050 2426 et
1070 2383 1116 2425 in
1142 2380 1393 2424 servitutem
1419 2379 1596 2437 redigo,
1627 2390 1697 2452 nei

296 2470 316 2493 »
343 2454 455 2499 forte
478 2457 567 2499 aliis
584 2455 850 2515 praedicans,
875 2455 967 2513 ipse
985 2450 1227 2560 repr'obus
1216 2450 1417 2495 mveniar
1435 2451 1466 2493 3.
1492 2467 1513 2492 »
1540 2365 1729 2530 Habet&
1716 2505 1729 2533 m

348 2541 483 2572 ¹1C01.
504 2550 559 2580 nr,
579 2549 631 2573 22.
648 2540 850 2581 —2Ephes.
870 2550 905 2579 n,
928 2539 957 2570 3
978 2536 1175 2569 -31C01.
1197 2547 1240 2577 ix,
1260 2536 1425 2576 26et27.
1693 2534 1696 2586 j

1724 1306 1729 1334 l

1723 1518 1729 1545 l

1721 1588 1729 1616 Ι]

1720 1728 1729 1757 θ

1719 1799 1729 1828 l

1719 1869 1729 1898 sl

1717 1940 1729 1969 1
