1729 3143
402 165 456 190 DE
489 164 640 192 urano
671 161 888 204 ARmeo,
921 167 1006 194 un.
1040 168 1088 193 11.
1355 157 1440 196 319

58 226 94 269 si
123 241 237 270 unus
265 235 341 271 aut
367 227 476 272 odor
504 237 580 272 aut
612 243 740 288 sapor
771 229 826 273 ab
857 237 1046 289 utroque
1066 228 1275 273 sentiatur
1302 246 1312 273 z
1338 229 1442 274 hinc

57 307 159 352 ergo
179 295 249 339 isti
270 311 418 341 sensus
438 297 722 342 inveniuntur
736 297 898 342 habere
920 297 1087 358 aliquid
1103 296 1188 342 tale
1199 331 1212 354 ‚
1236 296 1364 357 quale
1379 298 1443 342 illi

56 363 147 408 duo
168 364 215 409 in
235 366 330 410 visu
349 376 394 411 et
414 367 598 426 auditu3
619 366 695 411 sed
715 367 762 411 in
784 382 836 412 eo
864 367 1055 427 dispares
1077 377 1204 423 sunt,
1227 376 1444 428 quantum

55 432 111 477 ad
132 433 178 478 id
199 436 321 495 quod
342 452 461 482 nunc
483 438 647 494 agimus
664 438 853 496 pertinet
869 472 880 492 ‚
904 438 1026 498 quod
1042 440 1122 484 etsi
1138 455 1278 484 unum
1300 442 1443 484 aerem

54 503 235 548 naribus
257 506 388 550 ambo
408 506 620 551 trahimus
634 540 645 561 ,
670 515 747 550 aut
767 522 906 550 unum
923 507 1071 552 cibum
1088 508 1305 567 gustando
1325 509 1445 568 capi-

53 587 176 629 mus5
207 588 298 618 non
326 582 473 618 tamen
503 589 599 619 eam
622 584 792 633 partem
822 577 929 621 aeris
957 576 1073 622 duco
1103 594 1236 637 quam
1261 588 1333 635 tu,
1365 593 1446 623 nec

54 640 254 685 eamdem
276 651 442 701 partem
464 643 550 687 cibi
568 659 692 689 sumo
709 661 842 705 quam
865 655 912 690 tu
927 681 938 702 ‚
960 646 1038 691 sed
1054 646 1183 691 aliam
1203 663 1298 706 ego,
1317 647 1447 693 aliam

53 717 104 753 tu
126 728 135 754 2
161 719 204 754 et
222 710 321 756 ideo
341 710 397 755 de
419 721 513 757 toto
535 717 632 757 ae're
652 730 753 759 cum
781 715 922 774 spiro,
955 715 1070 760 duco
1092 727 1260 775 partem
1282 726 1446 777 quanta

53 777 161 822 mihi
178 780 277 824 satis
294 789 379 835 est,
405 790 448 826 et
465 790 514 826 tu
532 782 640 827 item
662 783 717 828 de
734 793 827 829 toto
845 785 972 829 aliam
990 795 1155 846 quanta
1169 786 1250 830 tibi
1271 788 1367 828 satis
1382 793 1446 828 est

53 847 175 892 ducis
197 869 206 889 ε
231 859 275 889 et
303 851 427 889 cibus
448 854 644 905 quamvis
671 870 788 890 unus
817 864 860 890 ot
879 864 997 891 totua
1020 857 1076 890 ab
1099 865 1288 907 utroque,
1311 854 1445 898 absu-

53 923 225 970 matur,
249 930 340 959 non
362 923 509 959 tamen
539 923 582 958 et
608 930 633 959 a
654 930 724 960 me
750 924 891 972 totus,
931 925 974 960 et
1008 932 1032 960 a
1065 925 1107 961 te
1128 926 1246 962 totus
1277 918 1448 964 absumi

54 994 218 1044 potest,
239 984 461 1046 quomodo
480 986 665 1030 verbum
687 995 730 1030 et
747 1001 827 1045 ego
845 995 987 1031 totum
1003 986 1156 1042 audio,
1178 997 1222 1032 et
1238 997 1287 1032 tu
1303 998 1448 1034 totum

54 1055 211 1111 simul,
234 1065 277 1100 et
299 1057 488 1115 speciem
510 1055 754 1116 quamlibet
773 1066 984 1116 quantam
1007 1072 1088 1116 ego
1109 1057 1261 1113 video,
1280 1067 1447 1104 tantam

55 1135 99 1170 et
121 1135 169 1174 tu
196 1127 351 1184 simul3
376 1127 451 1171 sed
474 1127 563 1171 cibi
582 1127 651 1172 vel
673 1128 861 1186 potionis
885 1127 968 1172 alia
989 1143 1086 1187 pars
1113 1127 1160 1172 in
1180 1144 1272 1183 me,
1298 1129 1380 1173 alia
1401 1131 1448 1174 in

56 1205 98 1239 te
117 1204 308 1240 transeat
328 1212 502 1242 necesse
523 1205 586 1240 est
606 1215 614 1240 :
641 1212 696 1240 an
729 1212 883 1256 parum
912 1197 993 1240 ista
1019 1197 1259 1256 intelligis?
1281 1201 1332 1242 E.
1352 1202 1448 1244 Imo

55 1281 158 1310 vero
181 1267 447 1324 apertissima
464 1276 507 1311 et
528 1266 764 1310 certissima
786 1282 872 1310 esse
891 1267 1130 1311 consentio.

112 1337 279 1380 XVIII.
311 1340 364 1380 A.
385 1338 502 1381 Num
520 1350 667 1379 censes
685 1336 894 1395 tangendi
913 1351 1086 1380 sensum
1101 1336 1448 1396 comparandum

56 1421 145 1451 esse
176 1406 405 1451 oculorum
431 1416 474 1451 et
495 1407 666 1451 aurium
699 1407 892 1451 sensibus
919 1408 965 1451 in
987 1423 1036 1451 ea
1057 1423 1102 1451 re
1132 1407 1187 1451 de
1209 1423 1295 1467 qua
1328 1424 1448 1454 nunc

56 1478 228 1536 agitur3
263 1478 366 1538 quia
402 1493 492 1522 non
522 1477 664 1522 solum
700 1493 857 1537 eorpus
885 1493 1024 1521 unum
1057 1478 1188 1522 ambo
1218 1493 1448 1537 possumus

55 1547 213 1592 sentire
245 1547 491 1606 tangendo,
522 1548 599 1592 sed
624 1548 755 1591 etiam
777 1547 975 1592 eamdem
1000 1556 1168 1607 partem
1190 1556 1240 1592 tu
1269 1564 1449 1609 quoque

56 1618 216 1677 poteris
249 1627 427 1677 tangere
454 1633 587 1677 quam
619 1633 699 1677 ego
730 1618 912 1676 tetigero
930 1652 940 1672 ‚
962 1627 1013 1662 ut
1037 1633 1128 1662 non
1160 1618 1302 1662 solum
1329 1619 1449 1664 idem

56 1703 212 1746 corpus
233 1721 244 1740 ‚
268 1688 346 1730 sed
378 1687 576 1730 eamdem
603 1703 780 1746 quoque
812 1687 1003 1746 corporis
1037 1696 1204 1747 partem
1236 1689 1449 1747 possimus

57 1757 185 1802 ambo
206 1757 363 1801 sentire
394 1756 647 1815 tangendo?
668 1759 767 1802 Non
788 1758 905 1801 enim
928 1758 1056 1802 sicuti
1085 1759 1234 1802 cibum
1257 1758 1450 1818 aliquem

57 1828 303 1887 appositum
319 1842 409 1871 non
425 1841 657 1886 possumus
675 1836 719 1871 et
734 1841 813 1885 ego
826 1836 970 1872 totum
988 1837 1031 1872 et
1048 1836 1098 1872 tu
1113 1837 1256 1873 totum
1275 1844 1446 1888 capere,

57 1913 160 1943 cum
179 1898 310 1943 ambo
331 1897 406 1942 illo
429 1899 645 1943 vescimur
660 1933 671 1954 ‚
694 1899 753 1943 sic
776 1898 906 1944 etiam
936 1899 983 1942 in
1011 1899 1233 1957 tangendo
1257 1900 1414 1944 accidit
1434 1918 1444 1945 :

56 1966 133 2014 sed
154 1977 197 2013 et
217 1984 354 2013 unum
376 1977 419 2013 et
435 1978 576 2013 totum
599 1968 720 2029 quod
744 1984 825 2028 ego
850 1969 1052 2027 tetigero,
1078 1970 1209 2013 etiam
1230 1979 1280 2014 tu
1295 1979 1445 2029 potes,

58 2047 108 2083 ut
131 2038 177 2083 id
199 2039 329 2083 ambo
346 2047 593 2096 tangamus,
624 2054 713 2083 non
735 2038 917 2098 singulis
948 2040 1144 2098 partibus
1160 2074 1172 2095 ‚
1206 2039 1281 2084 sed
1304 2049 1449 2084 totum

56 2109 231 2168 singuli.
261 2111 312 2152 E.
349 2111 507 2152 Fateor
539 2108 624 2153 hoe
659 2108 792 2153 modo
823 2108 996 2153 duobus
1032 2108 1116 2153 illis
1149 2109 1446 2169 superioribus

57 2179 275 2233 sensibus,
299 2179 418 2222 hune
440 2177 650 2236 tangendi
672 2192 846 2221 sensum
867 2193 958 2222 esse
977 2177 1246 2224 simillimum
1269 2199 1278 2225 :
1303 2179 1377 2225 sed
1397 2177 1446 2221 in

55 2250 141 2294 hoe
159 2248 287 2293 video
309 2263 398 2293 esse
420 2247 671 2292 dissimilem
686 2283 697 2302 ‚
723 2247 843 2308 quod
863 2248 1019 2301 simul,
1043 2249 1088 2293 id
1107 2259 1193 2306 est,
1217 2266 1304 2295 uno
1332 2256 1446 2292 tem-

57 2334 162 2378 pore
182 2353 193 2374 ,
218 2328 262 2363 et
282 2319 430 2364 videre
452 2317 619 2379 aliquid
639 2333 780 2362 unum
813 2327 955 2364 totum
986 2320 1116 2365 ambo
1146 2333 1372 2381 possumus
1399 2327 1444 2363 et

59 2388 237 2448 audire3
263 2398 440 2449 tangere
470 2398 614 2434 autem
638 2403 865 2449 possumus
897 2390 1078 2450 quidem
1108 2396 1248 2434 totum
1276 2387 1440 2448 aliquid
