1729 3143
528 221 583 247 DE
616 216 784 257 QUARTA
818 217 959 247 FEMA.
1356 210 1439 251 147

61 285 148 341 die,
163 286 208 329 id
225 294 304 340 est,
323 286 368 329 in
382 285 542 341 Africa,
562 300 662 330 ecce
677 299 825 343 greges
843 285 1056 330 sodalium
1071 293 1265 342 tuorum,
1285 287 1446 332 scholae

60 355 255 414 pessimae
273 356 594 409 haereticorum,
618 354 737 398 fraus
758 356 1117 411 Manichaeorum,
1136 356 1344 417 nequitiae
1362 360 1446 401 Pe-

60 423 352 482 lagianorum,
389 425 576 484 superba
606 426 882 482 congregatio
918 424 1202 482 Arianorum,
1234 426 1446 471 insultant

60 493 181 538 velut
193 504 371 555 opertae,
386 494 431 538 id
444 502 521 549 est,
536 493 656 537 velut
668 493 915 551 incognitae,
932 503 975 538 et
987 495 1140 540 dicunt
1153 497 1255 540 mihi
1274 516 1283 541 :
1301 499 1444 550 Quem

59 566 249 624 quaeris?
268 565 490 610 Christum
507 565 693 624 quaeris?
716 567 829 609 Ecce
851 564 922 608 hic
938 574 1024 619 est,
1053 581 1151 610 ecee
1168 566 1255 611 illic
1273 576 1351 611 est.
1377 570 1445 611 Tu

61 644 206 679 autem
234 636 338 694 quia
364 650 434 679 me
461 635 723 679 admonuisti
751 633 926 679 dicens:
956 634 1039 679 «Si
1061 644 1206 679 autem
1229 637 1445 682 dixerint:

62 721 82 746 »
103 707 216 748 Ecce
235 705 307 749 hic
330 713 409 759 est,
433 720 533 749 ecce
554 704 642 748 illic
664 713 753 759 est,
777 720 833 748 ne
856 705 1009 748 abieris
1030 714 1129 764 post
1158 708 1280 764 eos13
1301 725 1322 747 n
1348 723 1449 751 curn

60 781 103 817 te
126 774 321 818 noverim
344 775 512 834 ubique
533 783 675 819 totum
698 790 803 829 esse,
823 791 913 819 non
931 784 1073 835 partes
1096 774 1348 831 defendere,
1376 777 1451 821 sed

59 843 274 888 unitatem
292 843 487 903 diligere,
508 845 617 889 facta
635 860 731 889 sum
746 845 828 889 illis
840 845 1059 904 incognita
1078 855 1121 890 et
1137 847 1260 890 velut
1276 857 1449 905 operta:

60 922 104 958 et
122 913 323 959 derident
343 931 427 970 me,
454 916 555 975 quia
577 917 779 960 nesciunt
800 925 858 960 te.
884 919 942 960 Et
961 917 1070 977 quid
1091 932 1324 975 magnum,
1349 917 1453 976 quia

60 998 142 1042 ego
160 984 216 1027 ab
237 984 296 1028 eis
317 986 509 1029 sustineo
530 985 617 1030 tale
639 986 943 1045 opprobrium,
963 1002 1066 1031 cum
1091 996 1141 1031 tu
1159 1002 1311 1031 eorum
1334 1001 1456 1031 nunc

60 1069 200 1112 usque
217 1055 581 1096 contumeliosum
596 1058 806 1094 sustineas
821 1057 1006 1095 verbum
1018 1059 1036 1093 ἲ
1052 1058 1129 1112 qui
1147 1066 1190 1097 te
1207 1073 1310 1098 cum
1328 1060 1455 1100 Patre

61 1122 220 1166 nolunt
240 1136 328 1165 esse
350 1136 489 1165 unum
497 1156 512 1176 ,
532 1120 608 1164 sed
625 1119 863 1165 dividendo
880 1121 995 1165 inter
1013 1124 1184 1167 Patrem
1207 1133 1250 1168 et
1270 1125 1449 1182 Filium,

61 1193 175 1237 inter
185 1207 386 1251 sponsam
397 1200 439 1235 et
452 1206 676 1250 sponsum,
690 1206 898 1250 magnum
911 1192 1144 1238 incurrunt
1159 1194 1452 1254 sacrilegium,

61 1276 272 1321 magnum
287 1277 375 1305 suae
392 1261 548 1304 animae
562 1259 759 1306 inferunt
775 1262 1005 1320 morbum3
1031 1264 1132 1322 quia
1153 1279 1237 1309 nec
1259 1274 1302 1309 te
1324 1267 1455 1311 unius

62 1333 244 1377 unicum
267 1346 490 1392 sponsum,
515 1346 597 1376 nec
615 1330 790 1375 fidelem
812 1340 945 1392 atque
965 1332 1184 1391 integrum
1201 1335 1365 1380 habere
1382 1336 1460 1381 de—

64 1402 256 1447 siderant
277 1401 512 1446 medicum.
548 1403 614 1445 Tu
638 1408 803 1457 autem,
831 1403 975 1446 anima
992 1403 1250 1459 christiana)
1271 1422 1369 1465 quae
1393 1423 1460 1451 as-

65 1487 247 1518 censura
264 1487 308 1516 es
325 1487 376 1516 ex
397 1471 681 1516 sacratissimo
699 1469 838 1526 fonte,
863 1472 1024 1516 rubore
1037 1482 1170 1533 atque
1187 1474 1344 1520 decore
1359 1492 1459 1536 per-

65 1541 182 1597 fusa,
221 1542 412 1600 speciosa
445 1541 573 1585 nimis
602 1549 645 1584 et
675 1540 888 1596 candida,
919 1557 1040 1587 serva
1067 1543 1271 1588 decorem
1300 1555 1454 1592 tuum:

67 1628 252 1671 agnosce
269 1613 377 1672 quid
399 1611 530 1656 fueris
551 1620 595 1656 et
612 1611 720 1671 quid
738 1612 818 1656 eris
835 1646 846 1667 ‚
871 1612 972 1657 vide
997 1628 1053 1657 ne
1074 1613 1243 1659 deseras
1265 1631 1458 1662 mensam

65 1683 211 1742 sponsi
240 1683 317 1726 tui.
350 1685 404 1726 Ut
425 1682 609 1741 pulchra
640 1696 917 1741 permaneas,
955 1699 1105 1728 carnes
1135 1687 1227 1745 ejus
1260 1688 1459 1747 quotidie

65 1752 378 1797 manducabis:
403 1761 453 1796 ut
471 1753 604 1796 vitam
631 1761 841 1797 aeternam
869 1753 1051 1810 habeas,
1081 1757 1341 1815 sanguinem
1370 1759 1461 1817 ejus

66 1823 238 1881 potabis
257 1841 266 1866 :
287 1820 387 1867 vide
404 1837 459 1865 nc
480 1821 651 1867 deseras
666 1823 781 1867 hanc
798 1838 1009 1868 mensam.
1037 1824 1253 1872 Plurimos
1277 1843 1462 1888 appara-

68 1901 140 1937 tus
163 1893 471 1937 haereticorum
493 1891 596 1951 fuge
624 1912 632 1937 :
659 1902 702 1937 et
724 1894 758 1937 si
780 1893 971 1953 plurima
992 1894 1081 1940 illic
1100 1898 1242 1955 pravis
1264 1898 1461 1958 disputa-

69 1963 262 2006 tionibus
291 1972 598 2022 apponuntur,
631 1972 706 2007 aut
738 1963 860 2007 foeda
888 1973 1012 2023 sunt,
1047 1975 1123 2010 aut
1149 1983 1311 2013 semesa
1340 1979 1457 2013 sunt.

70 2035 170 2079 Non
190 2042 253 2076 est
267 2033 382 2076 enim
399 2032 487 2077 illic
508 2033 750 2094 quidquam
769 2035 1005 2094 integrum,
1025 2037 1102 2081 ubi
1122 2042 1248 2083 Pater
1265 2049 1308 2085 et
1325 2041 1462 2086 Filius

72 2112 115 2147 et
141 2103 324 2162 Spiritus
341 2111 514 2146 sanctus
535 2119 626 2148 non
647 2115 711 2149 est
727 2121 884 2150 unum.
901 2110 1048 2152 Mensa
1062 2110 1206 2168 sponsi
1225 2110 1290 2154 tui
1305 2126 1462 2170 panem

72 2174 206 2218 habet
226 2174 446 2231 integrum
463 2208 473 2228 ‚
509 2183 552 2217 et
577 2174 755 2219 calicem
779 2187 975 2221 sanctum
1008 2198 1017 2224 :
1049 2195 1181 2239 quem
1203 2197 1360 2241 panem
1386 2181 1464 2227 etsi

73 2244 347 2289 confi-actum
370 2244 779 2306 comminutumque
797 2246 986 2292 vidimus
1000 2249 1046 2293 in
1059 2251 1270 2309 passione,
1295 2252 1464 2312 integer

74 2323 221 2359 tamen
241 2314 401 2358 mansit
421 2314 467 2358 in
487 2314 561 2358 iila
583 2331 660 2360 sua
682 2332 783 2360 cum
800 2320 928 2360 Patre
944 2318 1170 2364 individua
1193 2322 1373 2367 unitate.
1401 2326 1463 2367 De

75 2385 161 2430 isto
182 2399 295 2444 pane
317 2393 361 2428 et
386 2384 440 2429 de
463 2385 542 2430 isto
566 2385 699 2430 calice
721 2386 895 2432 dicebat
925 2387 1016 2447 ipse
1038 2390 1247 2437 Dominus
1268 2411 1276 2437 :
1302 2394 1464 2439 «Panis

16 2505 19 2507 ,
79 2473 101 2496 »
128 2469 259 2515 quem
284 2469 365 2513 ego
387 2454 566 2511 dedero,
590 2471 690 2501 caro
710 2472 807 2501 mea
834 2466 897 2502 est
919 2473 997 2518 pro
1019 2460 1165 2505 saeculi
1188 2462 1274 2506 vita
1294 2482 1302 2506 :
1331 2473 1373 2508 et
1395 2480 1463 2508 ca-

128 2545 136 2560 ¹
158 2537 280 2570 Matth.
300 2548 389 2579 xxiv,
409 2539 464 2570 23.

1212 2600 1274 2638 10.
