1729 3143
551 207 602 235 niz
631 195 918 235 CATACLYsMo.'
1344 190 1424 232 153

52 289 224 321 omnem
256 274 429 319 turbam
452 275 584 318 nimia
605 273 846 317 intentione
868 270 1130 331 pendentem
1156 286 1167 316 ι
1189 269 1288 315 Non
1309 268 1363 313 de
1386 279 1428 314 te

51 347 291 406 triumphet
317 362 414 407 pars
436 344 612 390 diaboli.
631 344 684 389 Si
700 344 762 388 vis
779 344 952 388 vincere
968 378 978 398 ‚
1004 342 1095 387 noli
1117 342 1171 386 de
1198 350 1241 386 te
1264 355 1427 401 praesu-

50 432 168 461 mere
189 437 198 462 2
224 417 299 462 sed
320 417 383 461 illi
404 417 567 474 assigna
584 414 776 460 victoriae
797 414 976 473 gloriam
994 449 1005 469 ‚
1032 413 1108 474 qui
1130 412 1211 457 tibi
1230 413 1365 458 donat
1380 420 1430 455 ut

49 487 241 532 victoriae
261 486 448 547 perferas
469 486 672 545 palmam.
700 484 774 529 Vis
797 483 999 528 vincere?
1021 485 1165 543 Caput
1185 483 1304 543 prius
1325 498 1431 528 con-

49 565 140 600 tere
160 558 350 611 inimici,
389 555 660 601 excludendo
682 554 736 599 de
764 554 895 599 corde
924 564 1000 598 tuo
1022 555 1313 612 suggestiones
1336 553 1430 598 dia-

48 626 153 671 boli.
178 629 251 670 Vis
273 628 476 671 vincere?
498 630 652 672 Manus
677 636 767 671 tuae
788 625 921 670 fortes
944 625 1219 669 inveniantur
1245 626 1292 669 in
1312 625 1431 669 bono

47 711 191 754 opere.
218 696 292 740 Vis
326 698 531 742 vincere?
553 698 658 757 Fige
679 697 836 757 pedes,
863 711 952 741 non
973 704 1131 739 nutent
1151 695 1328 753 vestigia
1355 703 1432 737 tua

45 764 366 826 frequentando
399 767 644 827 spectacula
674 777 716 811 et
745 767 984 811 deserendo
1008 766 1246 811 ecclesiam.
1276 764 1359 809 Sed
1383 772 1434 807 ut

44 835 156 880 hanc
174 838 304 881 etiam
325 839 370 881 in
394 847 483 882 tam
504 854 665 897 magno
686 854 825 897 agone
847 848 889 882 et
908 848 997 882 tam
1022 836 1175 896 grandi
1196 835 1433 879 luctamine

43 906 177 963 possis
193 907 373 966 implere
396 909 620 953 victoriam
644 928 652 954 :
680 929 699 951 «
725 910 871 954 Mittat
892 910 972 953 tibi
997 908 1207 953 Dominus
1225 904 1433 951 auxilium

46 992 66 1015 »
91 976 146 1019 de
164 987 317 1023 sancto
335 1013 346 1033 ‚
377 989 420 1024 et
440 979 495 1023 de
519 980 622 1025 Sion
644 989 819 1024 tueatur
840 989 883 1024 te
904 983 933 1024 ¹.
965 997 984 1021 υ

102 1048 181 1087 III.
207 1048 317 1088 Ecce
333 1078 344 1098 ‚
367 1047 661 1097 dilectissimi,
686 1050 860 1086 venturi
883 1051 983 1087 estis
1005 1047 1060 1086 ad
1077 1047 1245 1087 fontem
1271 1060 1395 1103 aquae
1421 1064 1430 1089 ἰ

43 1128 132 1157 non
152 1111 304 1157 dicatis
326 1114 371 1156 in
400 1113 607 1156 cordibus
629 1115 778 1157 vestris
805 1133 813 1157 :
841 1115 935 1157 Hoc
960 1123 1023 1157 est
1045 1121 1188 1157 totum
1210 1113 1330 1173 quod
1352 1129 1433 1172 pro

42 1196 199 1240 magno
220 1181 602 1226 desiderabamus?
624 1186 741 1226 Fons
768 1182 848 1226 iste
869 1182 1048 1226 visibilis
1065 1216 1076 1236 ‚
1102 1181 1342 1226 similitudo
1370 1193 1434 1228 est

44 1252 195 1295 aeterni
217 1250 364 1295 fontis.
391 1251 694 1296 Renaseemini
717 1267 767 1295 ex
790 1267 902 1310 aqua
933 1260 977 1295 et
1007 1251 1184 1310 Spiritu.
1210 1254 1337 1310 Aqua
1358 1251 1434 1296 illa

44 1337 133 1366 non
149 1322 290 1366 solum
314 1323 505 1382 corporis
528 1322 674 1366 sordes
696 1321 904 1377 mundat,
926 1322 1002 1365 sed
1028 1323 1219 1366 animam
1237 1338 1260 1365 a
1279 1337 1434 1380 pecca-

44 1393 95 1437 tis
125 1393 293 1438 liberat.
328 1393 497 1437 Debetis
524 1403 669 1437 autem
692 1408 817 1437 nosse
839 1409 916 1437 cur
942 1393 1078 1436 virtus
1100 1391 1217 1436 illius
1242 1408 1368 1451 aquae
1390 1402 1434 1438 et

45 1463 199 1507 animae
228 1465 364 1522 prosit
384 1474 427 1507 et
449 1464 636 1522 corpori,
661 1466 757 1507 Non
780 1463 895 1506 enim
917 1464 1056 1506 omnis
1077 1479 1190 1521 aqua
1214 1462 1399 1508 mundat
1420 1482 1430 1508 ε

42 1534 334 1578 sanctificatur
355 1535 450 1578 haec
481 1550 558 1593 per
581 1533 948 1577 consecrationem
976 1533 1112 1577 verbi.
1141 1532 1262 1577 Tolle
1291 1537 1308 1560 ²
1335 1549 1434 1578 ver-

43 1603 149 1646 bum
167 1639 177 1658 ‚
204 1614 246 1648 et
264 1603 371 1664 quid
392 1614 455 1648 est
477 1620 588 1660 aqua
610 1604 691 1647 nisi
711 1605 853 1663 aqua?
872 1603 1053 1648 Accedit
1068 1604 1253 1648 verbum
1270 1603 1324 1648 ad
1341 1604 1432 1648 ele-

42 1682 240 1717 mentum
258 1709 268 1729 ,
305 1684 348 1718 et
380 1675 429 1718 fit
457 1683 793 1718 sacramentum.
822 1674 968 1717 Virtus
1009 1675 1142 1717 Verbi
1171 1689 1247 1732 per
1275 1689 1432 1734 aquam

41 1745 271 1790 mundavit
303 1761 407 1799 nos,
435 1745 537 1805 quia
559 1761 689 1804 super
711 1760 844 1805 aquas
865 1745 1122 1789 ambulavit.
1150 1748 1205 1789 Ul
1233 1755 1378 1789 autem
1409 1763 1432 1791 a

41 1823 298 1875 tempestate
329 1816 460 1875 hujus
494 1815 641 1860 saeculi
675 1815 878 1860 liberaret
899 1831 997 1869 vos,
1023 1815 1168 1861 videte
1189 1817 1431 1875 potentiam

41 1885 175 1929 Verbi
198 1887 305 1940 Dei,
343 1886 717 1946 quemadmodum
751 1886 1001 1930 dominetur
1029 1895 1198 1931 cunctae
1222 1896 1430 1931 creaturae

41 1970 144 1998 suec.
181 1955 311 2008 Quod
343 1955 539 1999 dicturus
574 1971 668 2000 sum
704 1958 851 2000 nostis.
893 1959 944 1999 In
978 1955 1216 2015 Evangelio
1238 1956 1396 2014 legitur
1417 1976 1427 2001 ι

42 2027 155 2069 Cum
178 2035 333 2084 quarta
348 2027 487 2070 noctis
502 2027 647 2085 vigilia
664 2028 835 2071 veniret
852 2027 1065 2071 Dominus
1083 2030 1206 2071 Jesus
1223 2027 1278 2070 ad
1302 2028 1433 2072 Disci-

41 2096 167 2155 pulos
191 2112 288 2140 suos
310 2097 539 2141 ambulans
562 2114 692 2157 super
713 2115 846 2158 aquas
867 2100 998 2143 maris
1014 2133 1024 2153 ,
1059 2108 1102 2142 et
1122 2098 1335 2142 inveniret
1357 2114 1430 2143 eos

42 2168 257 2226 piscantes
275 2182 384 2226 quos
401 2168 491 2226 jam
513 2166 675 2211 fecerat
693 2170 921 2213 hominum
939 2171 1188 2229 piscatores,
1214 2169 1428 2230 perterriti

43 2236 253 2294 Discipuli
270 2245 535 2295 putaverunt
550 2252 593 2280 se
606 2238 857 2296 phantasma
873 2238 1060 2283 videre³.
1074 2241 1264 2284 Accessit
1281 2249 1426 2283 autem

43 2308 166 2349 Jesus
182 2340 193 2360 ,
219 2314 264 2350 et
280 2307 339 2351 ait
355 2306 438 2350 illis
459 2327 468 2352 2
493 2326 511 2348 «
532 2307 674 2351 Nolite
691 2308 842 2351 timere
856 2343 866 2362 ‚
890 2323 970 2366 ego
992 2325 1103 2353 sum.
1128 2329 1146 2350 »
1174 2313 1295 2354 Tunc
1313 2325 1424 2353 unus

43 2375 395 2434 illorum-{Petrus
421 2376 494 2420 ille
517 2386 807 2437 praesumptor
822 2413 832 2431 ‚
859 2387 901 2421 et
923 2388 1071 2437 postea
1093 2388 1275 2437 negator
1290 2414 1301 2434 ‚
1327 2387 1424 2438 post

43 2461 145 2491 vero
174 2445 393 2492 confessor
422 2457 465 2491 et
492 2457 658 2493 amator
678 2484 688 2503 ‚
719 2468 738 2491 «
764 2449 806 2494 Si
834 2458 880 2493 tu
911 2465 979 2505 es,
1010 2450 1178 2510 inquit,
1205 2450 1388 2495 Domine
1408 2484 1419 2506 ,

90 2537 97 2553 ³
119 2530 198 2563 Psal.
215 2541 280 2570 xix,
301 2531 329 2562 3.
348 2548 388 2555 ·-
404 2538 416 2554 ²
435 2533 479 2563 Ex
497 2534 603 2565 Tract.
626 2542 708 2567 Lxxx
726 2533 756 2565 in
775 2535 867 2565 Joan.
890 2544 921 2566 n.
941 2533 971 2566 3.
989 2551 1029 2556 —-
1046 2532 1059 2557 3
1079 2534 1195 2567 Matth.
1213 2545 1278 2576 xiv,
1299 2535 1350 2567 25.
