1729 3143
553 224 607 249 DE
639 224 844 251 sYMBom.
880 225 1016 251 snumo
1049 226 1077 249 1.
1436 215 1485 248 ,Ἦ

119 303 140 326 »
174 301 305 346 quem
328 287 494 331 habetis
516 303 539 331 a
560 291 649 331 Deo
667 290 707 329 ¹?
725 306 744 327 »
764 288 991 346 Templum
1014 288 1143 332 habet
1167 291 1279 331 Deus
1298 308 1306 332 :
1331 304 1428 332 nam
1450 299 1492 332 et

119 356 337 411 Salomon,
352 373 421 401 rex
429 359 686 416 etpropheta
695 358 729 416 ,j
738 372 856 401 ussus
868 367 931 401 est
944 358 1155 402 aedificare
1164 367 1247 401 tem
1254 358 1374 416 plum
1387 362 1488 401 Deo.

117 428 161 472 Si
176 429 408 472 aedificaret
424 426 635 485 templum
653 427 748 481 soli,
769 437 844 470 aut
860 428 992 481 lunae,
1013 438 1085 472 aut
1102 427 1236 472 stellae
1254 428 1398 482 alicui,
1421 439 1496 471 aut

116 496 244 540 alicui
264 496 446 555 Angelo,
480 511 625 539 nonne
657 495 884 540 damnaret
912 496 1036 539 illum
1078 499 1216 541 Deus?
1250 499 1359 551 Quia
1393 514 1495 556 ergo

114 567 328 625 templum
341 566 571 611 aedificavit
585 569 690 621 Deo,
711 567 899 610 ostendit
915 581 959 610 se
976 565 1117 610 colere
1133 570 1288 611 Deum.
1303 570 1359 612 Et
1378 569 1496 611 unde

113 636 374 680 aedificavit?
397 639 459 680 De
483 637 610 694 lignis
632 645 675 681 et
695 636 930 695 lapidibus,
954 637 1055 696 quia
1079 635 1279 692 dignatus
1297 647 1360 681 est
1386 642 1498 681 Deus

110 706 250 750 facere
281 707 363 751 sibi
386 722 462 765 per
485 722 655 751 servum
678 722 806 752 suum
827 708 1009 753 domum
1030 708 1075 752 in
1095 716 1204 750 terra
1225 726 1234 750 2
1258 709 1334 750 ubi
1368 723 1494 766 roga-

109 785 243 831 retur,
268 776 344 820 ubi
369 786 696 822 memoraretur.
733 777 859 823 Unde
897 777 1003 822 dicit
1035 778 1186 820 beatus
1222 777 1493 835 Stephanus:

111 863 132 886 «
169 845 373 889 Salomon
395 845 626 891 aedificavit
647 847 712 891 illi
733 847 914 891 domum
928 882 939 903 ,
977 848 1052 891 sed
1075 846 1318 891 Altissimus
1341 862 1429 891 non
1452 847 1496 889 in

110 932 130 956 »
165 915 425 960 manufactis
442 916 615 976 templis
633 918 889 962 inhabitat2.
912 937 932 959 »
957 918 999 962 Si
1022 932 1125 976 ergo
1147 932 1327 975 corpora
1352 926 1498 960 nostra

106 983 321 1042 templum
343 994 406 1028 est
430 986 613 1044 Spiritus
630 988 783 1041 sancti,
800 987 940 1046 qualis
959 990 1071 1030 Deus
1089 995 1153 1029 est
1170 987 1244 1044 qui
1267 985 1497 1029 aedificavit

105 1053 318 1112 templum
354 1056 531 1113 Spiritui
568 1057 742 1100 sancto?
773 1055 858 1100 Sed
894 1059 1023 1099 Deus.
1054 1055 1097 1100 Si
1129 1056 1244 1098 enim
1278 1055 1494 1113 templum

105 1124 287 1182 Spiritus
318 1125 455 1168 sancti
486 1135 588 1169 sunt
618 1141 800 1184 corpora
827 1135 989 1180 nostra,
1021 1125 1094 1169 ille
1129 1126 1308 1184 Spiritui
1343 1134 1492 1169 sancto

103 1191 331 1236 aedificavit
365 1192 596 1251 templum,
636 1194 714 1252 qui
751 1204 794 1237 et
831 1209 1012 1251 corpora
1054 1205 1215 1238 nostra.
1269 1194 1495 1238 Attendite

102 1261 359 1320 Apostolum
387 1261 629 1306 dicentem:
661 1266 820 1306 «Deus
855 1263 1113 1321 temperavit
1145 1277 1318 1319 corpus,
1357 1265 1395 1305 ei
1424 1265 1495 1306 cui

104 1348 125 1372 »
161 1331 308 1375 deerat
329 1333 536 1391 majorem
565 1332 776 1375 honorem
801 1332 937 1375 dans³
959 1351 968 1375 :
991 1350 1010 1372 υ
1032 1346 1132 1374 cum
1166 1331 1418 1390 loqueretur
1441 1332 1496 1375 de

101 1398 276 1443 diversis
297 1401 517 1454 membris,
542 1409 593 1444 ut
606 1416 696 1444 non
719 1409 861 1444 essent
882 1402 1075 1444 scissurae
1093 1401 1138 1443 in
1160 1416 1355 1458 corpore.
1380 1404 1492 1444 Dieus

99 1470 260 1514 creavit
274 1484 431 1528 corpus
449 1480 662 1514 nostrum.
681 1470 872 1513 Herbam
892 1473 1006 1513 Deus
1023 1470 1198 1523 creavit,
1215 1486 1371 1528 corpus
1391 1487 1493 1513 iios-

68 1576 71 1577 ?
100 1547 214 1582 trum
239 1539 334 1598 quis
356 1539 545 1583 creavit?
569 1537 694 1582 Unde
725 1539 976 1597 probamus,
1013 1539 1115 1597 quia
1153 1539 1334 1582 herbam
1373 1543 1487 1582 Deus

98 1618 216 1652 creat
226 1610 243 1649 ⁶?
275 1609 359 1661 Qui
380 1609 523 1663 vestit,
554 1609 643 1666 ipse
664 1617 796 1651 creat.
823 1607 1107 1666 Evangelium
1129 1608 1251 1665 lege,
1277 1628 1297 1650 «
1321 1609 1363 1653 Si
1386 1625 1486 1666 ergo

102 1696 122 1719 »
158 1677 328 1722 foenum
361 1678 468 1736 agri,
504 1677 578 1731 ait,
616 1677 738 1736 quod
761 1676 890 1721 hodie
912 1687 991 1732 est,
1016 1686 1058 1721 et
1080 1693 1172 1721 cras
1194 1678 1239 1720 in
1262 1677 1484 1722 clibanum

101 1766 122 1789 »
157 1748 360 1803 mittitur,
388 1751 502 1792 Deus
524 1748 582 1791 sic
603 1748 771 1792 vestit4.
795 1747 913 1792 »Ille
936 1762 1037 1806 ergo
1064 1758 1196 1803 creat,
1234 1749 1310 1808 qui
1342 1750 1483 1793 vestit.

97 1821 154 1862 Et
172 1818 424 1878 Apostolus:
446 1836 466 1860 (ι
489 1817 645 1873 Stulte,
669 1818 791 1878 quod
812 1819 996 1862 seminas
1013 1835 1102 1863 non
1119 1819 1380 1873 vivificatur,
1407 1819 1485 1861 nisi

99 1906 119 1928 »
154 1889 364 1932 moriatur
384 1907 393 1933 z
419 1897 462 1932 et
484 1888 604 1947 quod
623 1888 824 1943 seminas,
849 1903 938 1933 non
960 1904 1115 1948 corpus
1138 1889 1259 1949 quod
1282 1887 1480 1932 futurum

98 1975 119 1998 »
153 1967 218 2001 est
238 1959 437 2013 seminas,
470 1956 544 2001 sed
576 1957 747 2002 nudum
782 1973 983 2017 granum,
1018 1968 1068 2003 ut
1100 1958 1214 2003 forte
1234 1959 1382 2013 tritici,
1409 1967 1483 2002 aut

99 2045 120 2067 »
155 2027 335 2086 alicujus
350 2037 629 2085 caeterorum,
645 2031 758 2072 Deus
772 2038 918 2073 autem
929 2029 993 2072 illi
1004 2029 1079 2073 dat
1091 2044 1248 2088 corpus
1259 2028 1481 2088 quomodo

98 2114 118 2137 »
154 2097 354 2152 voluerit,
375 2108 418 2142 et
437 2099 674 2159 unicuique
692 2100 905 2143 seminum
923 2101 1148 2159 proprium
1170 2115 1326 2158 corpus
1340 2101 1370 2141 ⁵.
1393 2117 1412 2139 »
1437 2099 1480 2142 Si

94 2181 197 2226 ergo
218 2171 333 2212 Deus
354 2183 536 2226 corpora
557 2179 702 2214 nostra
718 2171 919 2226 aedificat,
938 2172 971 2215 si
988 2174 1101 2215 Deus
1119 2171 1315 2215 membra
1336 2178 1481 2213 nosti-a

94 2236 294 2291 aedificat,
321 2247 364 2281 et
384 2253 566 2297 corpora
587 2248 732 2282 nostra
750 2239 966 2299 templum
988 2250 1088 2285 sunt
1112 2241 1294 2300 Spiritus
1313 2239 1448 2282 sancti
1469 2257 1477 2282 :

94 2306 228 2352 nolite
257 2308 460 2353 dubitare
496 2312 635 2353 Deum
670 2324 760 2354 esse
792 2310 997 2369 Spiritum
1021 2322 1235 2356 sanctum.
1267 2314 1323 2353 Et
1346 2310 1481 2353 nolite

143 2408 151 2423 ¹
178 2414 190 2434 1
213 2405 289 2436 Cor.
308 2415 351 2445 vi,
372 2415 423 2446 19·
441 2420 481 2428 —·
500 2411 513 2427 ²
533 2407 605 2437 Act.
624 2416 684 2445 vn,
705 2404 826 2447 47-48.
847 2423 887 2429 —-
905 2405 918 2428 3
942 2418 953 2437 1
975 2409 1046 2439 Cor.
1064 2418 1122 2445 xii,
1138 2406 1190 2446 24.
1209 2406 1275 2434 -li
1292 2405 1408 2437 Matih.
1433 2417 1476 2445 vi,

95 2458 144 2489 30.
168 2476 207 2480 —
228 2458 240 2480 '3
266 2468 284 2490 2
303 2461 374 2491 Cor.
395 2471 449 2497 κν,
473 2460 588 2491 36-38.
