1729 3143
375 160 428 186 m:
462 160 612 187 LIBERO
644 158 860 197 1111311310,
895 159 978 185 ΜΒ.
1014 160 1079 184 111.
1332 148 1412 186 367

38 223 293 278 minoribus,
318 224 394 283 qui
415 239 485 268 eas
511 223 758 268 carnalibus
779 223 865 266 suis
889 222 1086 266 sensibus
1114 223 1417 268 accommoda-

36 296 121 340 tius
142 294 365 349 adhibent,
391 294 437 338 in
458 293 753 353 superioribus
775 308 878 337 vero
898 303 1028 354 atque
1050 293 1298 338 melioribus
1315 309 1416 353 par-

35 366 114 410 tim
136 380 237 409 eum
255 381 343 410 non
359 364 603 419 laudantes,
628 364 824 407 minusve
841 363 1090 419 laudantes,
1113 365 1268 423 partim
1288 366 1419 409 etiam

36 436 280 495 vituperare
308 445 384 480 aut
410 434 641 479 emendare
664 442 894 487 conantes,
916 435 1071 492 partim
1092 451 1181 479 non
1199 436 1422 481 credentes

36 507 158 565 quod
179 521 327 550 earum
347 505 420 549 ille
448 505 501 548 sit
525 503 740 558 conditor,
775 501 929 546 talium
953 503 1115 562 judicia
1144 505 1214 549 vel
1243 508 1422 551 omnino

37 585 331 629 contemnere,
353 575 388 619 si
405 575 617 633 corrigere
640 582 891 632 nequeunt,
916 572 984 616 vel
1012 574 1152 618 donec
1175 577 1419 635 corrigant,

38 661 164 706 aequo
185 646 330 689 animo
348 645 531 688 tolerare
550 658 598 687 ac
615 644 826 687 sustinere
842 653 1141 688 consuescant.

96 718 264 759 XVIII.
300 719 404 767 Quae
422 729 522 758 cum
545 715 604 757 ita
625 729 669 757 se
687 714 898 768 habeant,
927 723 1097 757 tantum
1115 715 1236 759 abest
1254 731 1275 759 3
1295 731 1420 771 vero,

38 784 159 845 quod
179 784 374 829 Creatori
397 783 647 843 deputanda
672 784 971 828 existimantur
993 794 1168 843 peccata
1194 795 1421 841 creaturae,

36 855 232 915 quamvis
261 869 433 898 necesse
455 864 517 898 est
538 854 645 897 fiant
661 889 671 908 ,
698 870 798 913 quae
822 854 911 912 ipse
939 853 1090 899 futura
1111 855 1350 913 praescivit,
1376 864 1427 899 ut

39 940 139 969 cum
161 934 211 967 tu
232 924 386 966 dixeris
409 939 498 966 non
523 933 563 966 te
581 924 774 966 invenire
797 925 1020 982 quomodo
1054 939 1142 967 non
1171 926 1210 967 ei
1241 925 1427 984 depute-

39 1003 111 1039 tur
132 992 348 1054 quidquid
369 994 414 1036 in
432 994 523 1052 ejus
538 1002 735 1037 creatura
756 992 848 1036 fieri
870 1008 1041 1036 necesse
1062 1003 1147 1048 est,
1169 1010 1250 1053 ego
1276 1006 1428 1040 contra

39 1081 129 1111 non
143 1066 357 1109 inveniam
374 1064 571 1118 modum,
597 1080 740 1123 neque
761 1064 944 1107 inveniri
961 1080 1082 1123 posse
1095 1075 1224 1125 atque
1248 1068 1429 1112 omnino

40 1151 128 1180 non
140 1150 228 1179 esse
239 1135 509 1188 confirmem,
526 1149 614 1193 quo
622 1134 660 1176 ei
672 1133 907 1192 deputetur
915 1134 1131 1194 quidquid
1145 1136 1190 1179 in
1203 1138 1292 1196 ejus
1304 1153 1428 1181 crea-

42 1215 137 1250 tura
157 1206 216 1249 ita
238 1205 330 1249 fieri
353 1219 524 1248 necesse
546 1213 633 1258 631,
659 1213 708 1247 ut
724 1204 950 1248 voluntate
974 1206 1242 1262 peccantium
1268 1209 1360 1251 fiat.
1385 1208 1429 1252 Si

44 1275 160 1320 enim
182 1275 278 1334 quis
295 1273 447 1317 dixerit
470 1292 479 1317 :
505 1276 601 1318 Non
620 1288 732 1327 esse,
757 1288 890 1332 quam
909 1276 1112 1318 miserum
1131 1290 1200 1318 me
1218 1291 1307 1320 6336
1326 1277 1432 1320 mal-

41 1347 160 1391 lem:
185 1344 458 1404 respondebo
484 1362 492 1387 :
518 1343 729 1388 Mentiris.
755 1346 864 1388 Nam
886 1353 929 1388 et
958 1360 1077 1389 nunc
1108 1345 1237 1389 miser
1254 1361 1298 1390 es
1315 1381 1326 1402 ,
1351 1362 1433 1391 nec

45 1418 102 1463 ob
124 1415 243 1461 aliud
266 1416 375 1459 mori
403 1430 492 1458 11011
522 1414 611 1469 vis,
648 1414 728 1457 nisi
751 1422 801 1457 ut
821 1414 875 1458 sis
906 1433 914 1458 ε
946 1414 1005 1458 ita
1039 1431 1140 1459 cum
1162 1417 1290 1461 miser
1322 1417 1434 1462 nolis

45 1502 134 1533 esse
151 1521 163 1542 ‚
188 1502 278 1531 esse
299 1486 360 1530 vis
382 1494 544 1529 tamen.
569 1488 658 1541 Age
675 1484 806 1542 igitur
825 1485 981 1543 gratias
1003 1500 1052 1529 ex
1078 1501 1129 1530 eo
1150 1487 1272 1545 quod
1293 1503 1336 1531 es
1358 1504 1434 1533 vo-

46 1556 164 1611 lens,
189 1566 239 1601 ut
268 1555 389 1616 quod
418 1555 578 1599 invitus
610 1570 653 1598 es
688 1554 924 1598 auferatur.
962 1555 1122 1600 Volens
1149 1557 1265 1601 enim
1288 1573 1358 1613 es,
1394 1568 1438 1603 et

47 1628 176 1672 miser
196 1627 356 1670 invitus
379 1641 436 1669 es.
466 1625 595 1677 Quod
620 1625 654 1667 si
676 1625 868 1682 ingratus
890 1640 933 1669 es
954 1625 999 1669 in
1022 1641 1073 1669 eo
1098 1627 1219 1686 quod
1237 1642 1326 1671 esse
1349 1629 1433 1684 vis,

44 1699 141 1758 jure
163 1696 326 1755 cogeris
349 1711 438 1739 esse
460 1694 580 1755 quod
599 1711 690 1739 non
711 1695 790 1740 vis.
817 1698 882 1739 Ex
904 1695 980 1740 illo
1011 1697 1145 1755 igitur
1169 1699 1290 1758 quod
1308 1700 1439 1744 etiam

48 1769 241 1827 ingratus
263 1766 396 1810 habes
417 1766 538 1826 quod
560 1766 621 1810 vis
637 1794 662 1821 ,v
683 1767 897 1812 Creatoris
923 1766 1057 1812 laudo
1084 1768 1327 1813 bonitatem
1351 1790 1360 1815 ε
1386 1786 1441 1815 ex

49 1838 125 1883 illo
147 1847 292 1882 autem
312 1836 431 1897 quod
449 1837 606 1895 pateris
623 1837 819 1896 ingratus
834 1837 956 1897 quod
972 1854 1063 1883 non
1080 1840 1159 1895 vis,
1178 1840 1440 1886 ordinatoris

50 1908 185 1953 laudo
201 1909 429 1967 justitiam.
983 1960 987 1963 ἡ

109 1980 233 2023 XIX.
271 1977 314 2022 Si
335 1976 490 2021 dixerit
511 1996 520 2022 ε
544 1979 642 2022 Non
664 1977 760 2022 ideo
777 1978 888 2022 mori
906 1979 1008 2024 nolo
1023 2014 1034 2034 ,
1060 1981 1181 2040 quod
1199 1981 1346 2028 malim
1363 1984 1441 2027 mi-

54 2066 121 2095 ser
142 2065 231 2094 esse
253 2064 384 2109 quam
407 2048 587 2093 omnino
609 2064 698 2093 non
720 2065 808 2093 esse
825 2085 836 2105 ,
861 2050 936 2095 sed
958 2066 1012 2095 ne
1036 2061 1132 2111 post
1153 2063 1338 2098 mortem
1356 2054 1442 2098 mi-

55 2122 187 2166 serior
209 2121 289 2165 sim
312 2139 321 2164 2
347 2119 644 2178 respondebo:
668 2120 711 2164 Si
729 2120 813 2165 hoc
830 2122 1039 2182 injustum
1056 2133 1134 2179 est,
1151 2141 1240 2169 non
1258 2129 1317 2171 sic
1335 2125 1438 2170 eris:

56 2192 92 2236 si
108 2200 254 2236 autem
277 2191 360 2234 hoc
374 2190 543 2249 justum
566 2198 650 2242 est,
675 2189 904 2236 laudemus
926 2207 1025 2236 eum
1048 2195 1170 2254 cujus
1192 2195 1362 2254 legibus
1383 2196 1443 2241 310

58 2262 155 2306 eris.
189 2261 232 2305 Si
253 2260 409 2304 dixerit
431 2278 441 2304 ε
467 2259 592 2303 Unde
613 2275 873 2318 praesumam
904 2263 1024 2321 quod
1058 2266 1091 2308 si
1123 2266 1206 2310 hoc
1233 2267 1443 2326 injustum

59 2341 138 2387 est,
164 2347 255 2375 non
286 2332 344 2375 sic
367 2332 475 2375 ero?
498 2330 769 2390 respondebo
791 2350 800 2376 ε
825 2333 936 2385 Quia
959 2334 993 2377 si
1015 2335 1096 2379 eris
1118 2336 1163 2380 in
1193 2347 1267 2381 tua
1297 2348 1443 2397 potes-

60 2411 165 2457 tate,
192 2411 267 2446 aut
287 2401 413 2444 miser
435 2417 523 2445 non
543 2402 639 2455 eris,
667 2411 741 2446 aut
774 2411 820 2446 tu
848 2403 938 2462 ipse
966 2413 1009 2448 te
1036 2405 1194 2465 injuste
1222 2408 1412 2467 regendo
1429 2443 1440 2463 ‚

58 2473 173 2532 juste
194 2473 276 2517 eris
295 2472 422 2517 miser
444 2490 453 2516 z
478 2481 554 2517 aut
575 2472 764 2518 volendo
785 2482 828 2518 et
854 2489 944 2519 non
966 2475 1152 2522 valendo
1175 2487 1219 2523 te
1241 2480 1356 2539 juste
1372 2494 1442 2524 re-
