1729 3143
271 201 327 240 64
693 208 727 237 s.
764 207 994 235 AUGUSTINI
1025 206 1207 234 Emscom

270 290 454 321 asserere
490 275 545 319 de
581 271 818 318 substantia
840 270 1000 316 divina.
1038 270 1384 315 Introduxerunt
1413 272 1529 315 enim
1548 273 1649 331 qui-

269 346 370 391 dam
386 381 396 401 ‚
420 361 500 405 pro
522 343 682 388 meritis
713 342 874 385 animas
904 340 996 385 dari
1024 341 1279 400 corporibus
1295 376 1306 397 ‚
1331 351 1376 386 et
1398 357 1487 386 esse
1522 357 1651 387 revo-

268 416 456 460 lutiones
479 423 522 457 et
542 410 741 457 circulos,
764 411 982 469 Propheta
1009 411 1141 456 David
1163 410 1309 456 divina
1332 427 1438 456 voce
1460 412 1651 456 disrum-

268 501 401 545 pens:
431 503 449 525 «
470 486 523 527 In
538 481 743 535 circuitu,
770 480 913 540 inquit
928 515 939 535 ‚
964 480 1087 540 impii
1105 481 1376 526 ambulant1.
1401 500 1420 523 »
1446 482 1532 534 Qui
1548 483 1652 526 talia

268 556 451 600 credunt
477 552 548 597 vel
569 552 808 612 praedicant
826 586 837 606 ‚
861 551 986 611 impii
1016 561 1132 596 sunt.
1158 555 1216 596 Et
1243 561 1452 612 tanquam
1473 553 1514 596 ei
1535 556 1652 597 Deus

267 625 431 668 diceret
453 642 461 667 ε
487 622 600 676 Quid
623 631 673 666 tu
693 621 748 666 de
769 622 1008 681 propagine
1032 623 1261 666 hominum
1284 623 1450 667 sentis?
1477 631 1651 667 secutus

267 693 467 753 adjunxit
493 713 502 738 2
538 712 558 735 «
581 692 830 738 Secundum
849 691 1127 736 altitudinem
1145 702 1267 736 tuam
1284 693 1580 751 multiplicasti
1598 693 1653 735 fi-
1702 696 1710 728 ἴ

268 783 289 806 »
315 764 395 809 lios
417 765 661 808 hominum.
685 783 702 804 »
732 762 816 807 Sed
832 763 927 806 haec
944 762 1027 806 alia
1043 763 1226 821 quaestio
1244 772 1307 806 est
1325 797 1336 817 ‚
1360 763 1407 805 in
1428 779 1515 822 qua
1534 778 1653 806 nunc

266 849 356 878 non
377 849 486 892 opus
507 843 571 878 est
587 833 750 877 diutius
773 832 1010 876 immorari.
1035 834 1351 875 Verumtamen
1369 832 1470 891 quia
1491 832 1546 875 de
1563 847 1653 891 spe-

267 903 331 947 cie
351 903 538 947 hominis
556 912 599 948 et
620 902 837 947 columbae
855 910 1000 945 nostra
1033 910 1178 945 tecum
1195 936 1205 954 ‚
1231 901 1432 944 haeretice
1451 936 1461 955 7
1487 910 1551 944 est
1572 900 1655 944 dis·

266 972 454 1031 ceptatio
496 992 504 1016 :
545 974 590 1016 in
626 973 710 1016 1100
747 973 861 1015 enim
893 971 1055 1014 Filium
1086 970 1341 1028 ampliorem
1372 985 1460 1013 esse
1493 970 1655 1028 Spiritu

266 1051 417 1086 sancto
433 1041 539 1085 dicis
560 1077 569 1095 ‚
597 1042 700 1100 quia
721 1057 801 1100 pro
822 1040 1034 1098 dignitate
1052 1040 1209 1096 gradus
1227 1040 1293 1084 sui
1306 1074 1317 1093 ,
1338 1040 1448 1082 sicut
1465 1039 1655 1082 multum

268 1111 401 1155 distat
417 1111 529 1154 inter
546 1119 747 1154 naturam
762 1110 951 1152 hominis
969 1118 1012 1151 et
1029 1107 1247 1151 columbae
1263 1141 1274 1161 ‚
1304 1115 1469 1150 tantam
1489 1107 1655 1151 distan-

268 1181 373 1224 tiam
393 1181 456 1223 vis
479 1194 567 1223 esse
590 1179 687 1221 Filii
709 1187 751 1221 et
782 1178 965 1236 Spiritus
986 1177 1123 1221 sancti
1146 1196 1154 1220 :
1179 1192 1350 1235 possem
1374 1177 1554 1235 quidem
1575 1177 1656 1220 tibi

268 1248 530 1308 respondere
545 1283 555 1302 ‚
580 1248 683 1307 quia
701 1247 996 1290 innocentiam
1019 1261 1152 1305 quam
1170 1246 1303 1289 habet
1319 1244 1522 1289 columba
1535 1280 1545 1299 ‚
1565 1261 1657 1290 non

266 1319 399 1363 habet
420 1319 552 1361 homo
577 1337 585 1361 ;
609 1317 683 1360 sed
706 1332 796 1360 non
818 1315 915 1359 dico
937 1336 948 1371 3
974 1314 1028 1357 de
1049 1314 1125 1357 illo
1148 1314 1265 1357 enim
1285 1314 1463 1358 homine
1485 1315 1654 1373 agimus

267 1388 343 1446 qui
360 1388 479 1430 venit
493 1388 584 1430 sine
605 1393 799 1442 peccato.
830 1384 913 1427 Sed
942 1383 975 1426 si
1003 1384 1086 1426 hoc
1119 1392 1162 1426 te
1193 1393 1339 1427 movet
1356 1418 1366 1437 ,
1397 1384 1500 1442 quia
1519 1383 1654 1428 Filius

268 1457 489 1500 hominem
523 1453 740 1512 suscepit,
776 1453 959 1510 Spiritus
985 1453 1030 1495 in
1058 1451 1261 1495 columba
1295 1453 1497 1511 apparuit
1522 1472 1531 1497 ε
1556 1468 1655 1497 mo-

267 1541 368 1571 vere
390 1534 432 1568 te
454 1533 496 1567 et
516 1525 601 1568 hoc
623 1522 778 1577 debet,
804 1523 905 1581 quia
933 1531 976 1565 et
1006 1522 1096 1580 ipse
1126 1523 1258 1566 homo
1282 1539 1305 1566 a
1327 1522 1439 1567 Filio
1463 1524 1538 1566 Dei
1561 1539 1655 1567 sus-
1706 1524 1708 1551 ³

268 1605 418 1654 ceptus
458 1594 513 1636 ab
553 1593 775 1651 Scriptura
811 1591 957 1635 divina
987 1589 1128 1635 dictus
1165 1600 1228 1635 est
1262 1595 1428 1650 Agnus.
1468 1595 1577 1638 Nam
1611 1602 1656 1636 et
1707 1616 1709 1636 2

268 1669 457 1710 Joannes
472 1663 666 1721 Baptista
690 1661 797 1705 dicit
818 1680 826 1704 :
854 1680 874 1702 «
896 1663 1010 1704 Ecce
1033 1664 1182 1717 Agnus
1205 1661 1297 1715 Dei,
1323 1677 1422 1705 ecce
1445 1662 1519 1721 qui
1542 1661 1656 1706 tollit

270 1755 290 1777 >›
317 1743 545 1794 peccatum
567 1731 722 1775 mundi
741 1735 773 1773 ².
804 1748 823 1771 »
859 1733 914 1774 Et
938 1733 1068 1774 Isa'i'as
1092 1731 1304 1788 propheta
1329 1730 1434 1774 dicit
1457 1750 1466 1774 :
1495 1750 1515 1772 «
1539 1733 1658 1776 Sicut

271 1826 291 1848 »
317 1805 408 1849 ovis
431 1803 485 1847 ad
507 1802 826 1847 immolandum
849 1800 1007 1844 ductus
1026 1810 1118 1855 est,
1144 1810 1187 1843 et
1208 1801 1319 1844 sicut
1341 1816 1478 1859 agnus
1511 1817 1657 1846 coram

272 1896 291 1917 »
319 1874 528 1919 tondente
555 1888 624 1927 se,
656 1874 715 1916 sic
748 1887 837 1915 non
860 1871 1028 1930 aperuit
1060 1886 1106 1914 os
1137 1886 1263 1914 suum
1283 1872 1314 1912 3.
1345 1889 1364 1911 »
1392 1874 1448 1914 Et
1470 1874 1658 1916 Joannes

271 1943 489 2005 apostolus
527 1944 572 1986 in
621 1941 883 2001 Apocalypsi
920 1940 1026 1984 dicit
1064 1960 1073 1984 2
1117 1959 1136 1981 «
1161 1939 1260 1983 Vidi
1283 1955 1445 1998 agnum
1472 1950 1659 1985 stantem

273 2034 293 2057 »
319 2014 442 2074 quasi
472 2013 661 2058 occisum
680 2013 710 2055 ⁴⁴.
739 2030 758 2052 n
791 2012 868 2055 Dic
891 2010 1024 2064 mihi,
1058 2010 1091 2053 si
1123 2008 1308 2053 valueris
1338 2018 1388 2053 tu
1409 2024 1624 2068 exponere
1644 2046 1655 2065 ‚
1708 2042 1711 2066 :

270 2100 405 2145 quare
440 2084 495 2127 sit
528 2083 670 2126 dictus
703 2096 839 2140 agnus
872 2079 1007 2123 Filius
1031 2079 1136 2135 Dei·⁷
1158 2093 1370 2136 exponam
1392 2079 1473 2122 tibi
1502 2089 1545 2123 et
1577 2095 1658 2138 ego
1709 2083 1711 2127 Ξ

272 2154 487 2199 columbae
509 2152 696 2211 speciem
720 2150 901 2209 Spiritus
923 2148 1073 2192 sancti.
1101 2148 1143 2192 Si
1166 2147 1272 2191 mihi
1294 2147 1449 2191 dixeris
1469 2182 1480 2202 ‚
1507 2151 1659 2207 Agnus

274 2224 410 2269 Filius
436 2224 512 2267 Dei
534 2231 710 2282 propter
737 2219 1032 2264 innocentiam
1057 2237 1065 2262 ;
1089 2218 1173 2261 1100
1201 2227 1244 2261 et
1272 2232 1350 2274 ego
1380 2217 1456 2260 tibi
1483 2217 1538 2261 de
1559 2219 1658 2277 Spi-

274 2295 361 2338 ritu
384 2302 533 2337 sancto
551 2291 735 2336 referam
754 2310 762 2334 :
788 2289 893 2333 Ideo
911 2288 1115 2333 columba
1135 2287 1318 2346 Spiritus
1335 2295 1510 2330 sanctus
1526 2303 1659 2347 prop-
1710 2295 1712 2324 Ξ

276 2372 340 2407 ter
362 2363 668 2408 innocentiam.
698 2362 741 2406 Si
763 2360 959 2406 Christus
977 2373 1110 2416 agnus
1127 2366 1303 2417 propter
1333 2357 1630 2401 innocentiam
1646 2393 1658 2413 ‚
1710 2397 1712 2420 ι

277 2442 319 2476 et
338 2433 520 2490 Spiritus
540 2441 712 2477 sanctus
730 2429 932 2475 columba
951 2438 1127 2487 propter
1149 2426 1443 2470 innocentiam
1468 2445 1477 2471 :
1508 2445 1525 2467 «
1548 2429 1660 2474 Cus-
1710 2428 1713 2483 J

325 2517 333 2537 ¹
354 2514 436 2546 Psal.
456 2525 501 2555 xx,
521 2527 552 2556 9.
570 2532 609 2538 -
627 2523 638 2538 ²
657 2516 747 2546 Joan.
770 2525 794 2554 1,
818 2522 874 2555 29.-
889 2528 928 2534 ·-
953 2509 1049 2544 3Isai.
1070 2522 1136 2552 mn,
1156 2521 1185 2552 7.
1201 2527 1241 2532 —
1256 2509 1272 2539 4
1290 2512 1391 2552 Apoc.
1414 2521 1446 2551 v,
1467 2510 1500 2541 6.
