1729 3143
404 175 459 201 mi
486 174 639 202 mni-:Ro
670 171 886 211 Anmrmo,
922 174 1005 202 Lm.
1043 174 1109 200 111.
1359 162 1442 201 363

63 238 178 284 coelo
211 238 349 283 nolles
383 247 541 282 terram
572 237 733 283 factam
762 251 881 295 esse3
905 238 1054 298 inique
1085 235 1278 282 omnino.
1310 238 1445 282 Recte

62 309 179 353 enim
202 308 538 368 reprehenderes
554 342 566 363 ‚
598 308 633 352 si
660 307 950 366 praetermisso
971 306 1082 351 coelo
1104 315 1264 350 terram
1287 304 1445 351 factam

61 379 228 425 videres
248 414 258 434 ‚
296 379 502 439 quoniam
526 379 692 423 diceres
722 377 783 420 ita
815 392 910 421 eam
942 378 1034 421 fieri
1062 377 1283 432 debuisse,
1320 377 1447 422 sicuti

61 465 204 510 posses
240 450 427 508 cogitare
460 449 638 493 coelum.
676 449 787 492 Cum
817 462 918 505 ergo
948 449 1076 491 etiam
1097 447 1208 492 illud
1236 446 1292 491 ad
1323 448 1446 507 qu'us

0 557 2 566 .
59 520 245 579 speciem
256 519 431 564 volebas
443 527 602 562 terram
618 517 873 577 perducere,
885 516 1051 562 factum
1066 533 1153 561 esse
1168 518 1444 577 perspiceres,

58 605 148 634 non
171 598 315 634 autem
337 589 420 633 hoc
443 597 619 643 terram,
645 587 721 632 sed
743 587 909 631 coelum
926 588 1098 645 vocari3
1121 588 1252 632 credo
1269 588 1388 648 quod
1403 604 1448 632 re

57 658 235 704 meliore
267 673 356 703 non
386 657 613 702 fraudatus
628 692 639 713 ‚
678 666 728 701 ut
749 657 929 702 inferior
951 672 1131 717 quoque
1154 657 1297 717 aliqua
1324 658 1449 703 fieret

57 739 100 775 et
122 740 235 774 terra
257 738 387 774 esset:
412 744 688 789 nequaquam
711 729 905 774 invidere
923 728 1118 773 deberes.
1146 732 1197 772 In
1219 746 1305 789 qua
1334 739 1448 774 terra

0 790 1 803 ³
56 815 204 844 rursus
227 798 468 845 secundum
492 809 634 858 partes
656 800 747 859 ejus
776 808 895 844 tanta
923 809 989 844 est
1016 800 1226 855 varietas,
1256 809 1307 844 ut
1340 799 1449 844 nihil

56 869 177 929 quod
198 869 254 914 ad
275 878 402 912 terrae
426 870 617 927 pertinet
644 870 831 928 speciem
854 870 1063 927 cogitanti
1081 878 1302 923 occurrat,
1328 869 1449 928 quod

54 954 144 982 non
182 940 227 981 in
258 946 348 982 tota
385 939 478 997 ejus
516 938 631 981 mole
668 942 780 982 Deus
821 938 1020 982 omnium
1052 938 1253 983 conditor
1278 939 1444 984 fecerit.

15 1068 19 1071 ἱ
58 1011 259 1068 Namque
283 1023 306 1052 a
328 1017 441 1051 terra
464 1007 725 1052 feracissima
750 1018 793 1052 et
815 1009 1107 1053 amoenissima
1127 1025 1266 1069 usque
1288 1009 1341 1054 ad
1361 1009 1447 1054 sal·
1500 1069 1504 1072 Ι

54 1079 262 1122 sissimam
299 1086 342 1120 et
374 1076 814 1133 infoeeundissimam‚
840 1079 899 1122 ita
936 1078 1148 1137 gradatim
1180 1094 1257 1138 per
1283 1080 1448 1124 medias

53 1148 304 1208 pervenitur
317 1181 328 1202 ‚
354 1156 404 1190 ut
421 1147 588 1190 nullam
610 1148 929 1205 reprehendere
949 1148 1109 1193 audeas
1126 1184 1136 1203 ‚
1164 1150 1245 1193 nisi
1265 1150 1310 1193 in
1331 1165 1449 1194 com-

53 1218 277 1279 paratione
299 1217 488 1261 melioris
507 1237 518 1274 3
543 1225 674 1276 atque
697 1218 754 1261 ita
777 1233 853 1276 per
871 1234 1020 1263 omnes
1040 1219 1199 1278 gradus
1221 1220 1362 1264 laudis
1381 1236 1448 1264 as-

54 1287 237 1343 cendas,
263 1297 314 1332 ut
337 1286 459 1347 quod
478 1301 698 1331 summum
721 1301 856 1344 genus
879 1297 1005 1332 terrae
1032 1289 1251 1332 inveneris
1269 1323 1280 1344 ,
1305 1289 1446 1333 solum

53 1368 202 1404 tamen
223 1375 312 1403 esse
341 1357 467 1403 nolis.
495 1360 697 1403 Jamvero
719 1358 832 1401 inter
865 1367 1002 1402 totam
1031 1369 1190 1403 terram
1222 1369 1264 1404 et
1285 1360 1448 1404 coelum

54 1438 219 1490 quanta
243 1429 448 1474 distantia
470 1430 567 1473 est?
590 1431 938 1487 Interponuntur
967 1429 1082 1472 enim
1106 1429 1290 1474 humida
1317 1431 1447 1474 flabi-

53 1501 193 1561 lisque
214 1510 383 1545 natura.
408 1503 553 1559 Atque
577 1514 631 1542 ex
652 1498 717 1542 his
740 1508 930 1558 quatuor
949 1497 1175 1545 elementis
1196 1499 1291 1544 aliae
1312 1501 1446 1546 innu-

52 1571 280 1616 merabiles
298 1571 423 1615 nohis
441 1606 452 1626 ‚
479 1579 718 1614 numeratae
736 1579 883 1614 autem
902 1573 992 1614 Deo
1016 1586 1161 1614 rerum
1184 1572 1345 1630 species
1362 1572 1447 1617 for-

51 1658 224 1702 maeque
246 1643 482 1686 variantur.
513 1645 658 1686 Potest
689 1656 790 1698 ergo
824 1657 914 1685 esse
945 1641 1111 1700 aliquid
1134 1642 1179 1686 in
1199 1658 1342 1686 rerum
1365 1659 1446 1688 na-

53 1722 150 1757 tura
170 1747 181 1768 ‚
206 1711 327 1772 quod
348 1721 422 1755 tua
437 1711 604 1755 ratione
626 1726 716 1754 non
738 1710 913 1769 cogitas.
936 1713 1032 1756 Non
1046 1727 1136 1755 esse
1148 1722 1310 1768 autem,
1327 1713 1448 1773 quod

52 1799 154 1828 vera
174 1783 339 1827 ratione
358 1784 544 1840 cogitas,
574 1786 661 1826 non
682 1791 839 1841 potest.
861 1785 1013 1843 Neque
1030 1783 1146 1827 enim
1164 1793 1211 1828 tu
1229 1793 1350 1843 potes
1368 1784 1448 1829 ali-

53 1855 163 1916 quid
185 1853 338 1897 melius
359 1854 405 1897 in
427 1863 624 1898 creatura
645 1855 853 1912 cogitare,
871 1853 993 1913 quod
1006 1864 1215 1899 creaturae
1238 1857 1446 1900 artificem

53 1924 228 1982 fugerit.
256 1926 459 1967 Humana
477 1924 641 1983 quippe
664 1924 808 1967 anima
830 1924 1085 1968 naturaliter
1106 1925 1263 1970 divinis
1281 1941 1330 1969 ex
1352 1927 1447 1986 qui-

56 1997 137 2040 bus
171 1994 333 2054 pendet
367 2010 562 2039 connexa
595 1995 866 2051 rationibus,
893 2011 994 2040 curn
1022 1995 1127 2040 dicit
1150 2015 1159 2041 :
1185 1997 1340 2041 Melius
1363 1998 1446 2042 hoc

54 2066 177 2110 fieret
199 2081 330 2125 quam
353 2064 463 2108 illud
480 2099 491 2120 ,
519 2065 553 2109 si
572 2080 723 2110 verum
741 2065 874 2120 dicit,
901 2075 944 2110 et
963 2066 1083 2110 videt
1105 2067 1224 2126 quod
1248 2066 1375 2123 dicit,
1401 2068 1447 2112 in

54 2135 138 2180 illis
172 2137 331 2196 quibus
369 2151 562 2180 connexa
601 2145 664 2180 est
700 2137 938 2181 rationibus
971 2137 1106 2181 videt.
1144 2138 1305 2183 Credat
1344 2154 1448 2197 ergo

54 2210 194 2250 Deum
217 2206 388 2261 fecisse,
414 2206 533 2266 quod
562 2222 663 2250 vera
688 2207 853 2250 ratione
877 2208 931 2251 ab
955 2223 1007 2252 eo
1036 2207 1285 2253 faciendum
1316 2209 1447 2254 fuisse

54 2276 286 2335 cognovit,
312 2277 441 2320 etiam
479 2276 511 2319 si
545 2276 627 2319 hoc
656 2277 701 2319 in
733 2276 862 2320 rebus
896 2277 1019 2322 factis
1054 2294 1143 2322 non
1174 2278 1308 2323 videt.
1336 2280 1445 2333 Quia

55 2347 186 2390 etiam
208 2347 242 2391 si
262 2346 425 2390 coelum
448 2346 582 2391 oculis
605 2346 752 2391 videre
776 2363 864 2391 non
888 2357 1045 2406 posset,
1061 2358 1262 2393 ettamen
1281 2350 1446 2394 ratione

53 2432 155 2462 vera
176 2415 262 2460 tale
285 2415 448 2477 aliquid
465 2416 714 2461 faciendum
737 2416 867 2462 fuisse
888 2417 1133 2476 colligeret,
1163 2418 1339 2464 credere
1364 2418 1445 2463 de-

54 2487 151 2533 buit
171 2487 337 2533 factum
371 2503 489 2544 esse,
527 2488 724 2548 quamvis
752 2487 797 2533 id
833 2488 969 2533 oculis
1002 2505 1091 2534 non
1124 2491 1306 2536 videret.
1345 2493 1442 2537 Non
