1729 3143
253 172 335 212 194
683 186 715 209 s.
752 181 982 209 Avensa-tm
1014 181 1195 210 muscom

242 247 414 307 paleam
441 263 531 292 non
560 245 673 290 tollit
694 244 810 290 foras
826 281 837 302 ‚
862 255 905 290 et
931 247 1021 306 ipsa
1043 254 1192 290 tamen
1218 247 1265 289 in
1291 245 1448 291 ultimo
1479 247 1628 290 venti-

240 317 371 362 landa
403 325 466 361 est
502 335 510 360 :
544 325 587 359 et
616 316 762 360 nouit
784 325 874 361 tota
895 315 1020 376 palea
1051 316 1132 360 nisi
1153 316 1199 359 in
1226 316 1388 374 ignem,
1424 319 1630 376 Satagere

241 402 344 447 ergo
366 386 600 441 debemUS‚
625 384 777 431 fratres
798 387 899 442 mei,
924 401 1025 431 cum
1047 396 1220 446 tempus
1238 395 1319 442 est,
1344 388 1518 447 quantis
1533 402 1631 447 pos-

237 471 385 501 sumus
400 456 580 512 viribus,
599 466 760 517 quanta
776 473 1002 517 possumus
1020 457 1280 513 intentione,
1309 466 1360 501 ut
1381 457 1417 502 si
1439 458 1532 501 fieri
1545 471 1630 516 po-

239 536 323 571 test
338 561 350 582 ‚
376 536 420 572 et
431 526 554 587 palea
571 527 735 584 redeat,
755 527 864 573 dum
878 527 1099 572 frumenta
1118 543 1208 572 non
1225 536 1421 587 pereant.
1444 527 1630 572 Dilectio

236 606 384 642 nostra
399 597 472 643 hic
492 599 721 658 probatur,
745 614 956 659 magnum
980 615 1089 659 opus
1111 600 1213 643 vitae
1230 608 1391 643 nostrae
1417 598 1630 657 proponi-

238 675 326 712 tur.
348 670 446 714 Non
464 684 544 713 nos
558 669 853 714 inveniremus
867 705 878 725 ‚
899 679 1117 730 quantum
1137 668 1291 713 fratres
1311 667 1544 727 diligamus
1561 701 1573 722 ,
1596 667 1632 710 si

235 753 366 783 nemo
395 739 714 798 periclitaretur
735 760 744 786 ε
769 757 861 786 non
883 749 1109 800 appareret
1132 749 1297 799 quanta
1320 747 1432 783 esset
1453 737 1631 782 dilectio

233 808 526 869 inquisitionis
543 847 554 867 ‚
580 812 614 856 si
636 812 746 856 nihil
761 821 932 857 teneret
951 812 1130 868 abyssus
1146 809 1421 869 perditionis.

290 882 372 925 XI.
408 882 675 927 Laboremus
692 918 704 938 ‚
729 882 885 927 fratres
903 917 914 938 ,
942 898 1031 927 non
1053 896 1268 926 cessemus
1287 916 1298 935 ,
1323 879 1444 924 omni
1466 893 1598 937 opere
1615 911 1627 932 ,

231 951 350 993 omni
369 952 544 999 snam-9,
570 955 734 989 affeetu
753 955 825 1002 pio
847 954 901 987 ad
924 957 1082 997 Doum,
1110 952 1166 987 ad
1185 951 1299 998 illos,
1322 951 1438 988 inter
1458 963 1552 1000 nos,
1574 962 1633 989 ne

231 1015 408 1060 illorum
436 1024 629 1059 veterem
655 1014 781 1058 litem
814 1014 956 1073 sopire
986 1014 1209 1070 volentes,
1242 1016 1357 1059 inter
1388 1031 1466 1060 nos
1497 1032 1630 1061 novas

229 1086 339 1130 rixas
363 1084 573 1129 faciamus
594 1103 603 1128 :
630 1093 674 1128 et
695 1093 796 1128 ante
820 1084 966 1128 omnia
988 1085 1105 1128 cauti
1127 1085 1258 1129 simus
1283 1085 1397 1129 inter
1418 1087 1630 1145 nosipsos

228 1165 376 1201 tenere
392 1155 661 1199 fimissimam
679 1153 973 1198 dilectionem.
993 1154 1062 1197 Illi
1080 1154 1337 1212 gelaverunt
1362 1156 1408 1199 in
1425 1156 1629 1215 iniquita-

231 1228 349 1272 tibus
366 1226 454 1270 suis
480 1244 490 1270 2
514 1224 740 1285 quomodo
768 1226 814 1269 in
836 1225 894 1268 eis
914 1233 965 1268 tu
986 1224 1125 1269 solves
1152 1225 1334 1284 glaciem
1357 1227 1598 1287 iniquitatis
1614 1261 1626 1282 ‚

230 1296 265 1340 si
281 1311 372 1341 non
383 1294 532 1339 ardeas
543 1296 719 1339 flamma
732 1294 981 1339 charitatis?
995 1297 1082 1341 Nec
1101 1311 1303 1340 curemus
1320 1296 1441 1356 quod
1460 1297 1520 1340 eis
1535 1311 1631 1342 mo·-

226 1364 323 1410 lesti
343 1364 544 1409 videmur
560 1363 867 1423 compellendo
889 1383 898 1409 :
925 1364 1203 1410 attendamus
1225 1382 1330 1426 quo,
1351 1367 1398 1410 in
1413 1381 1464 1411 eo
1483 1367 1625 1411 securi

228 1437 361 1481 simus
387 1455 396 1481 :
422 1433 643 1495 numquid
660 1435 778 1479 enim
796 1435 853 1480 ad
870 1444 1073 1491 mortem,
1096 1445 1139 1480 et
1153 1453 1243 1481 non
1260 1438 1404 1497 potius
1421 1453 1444 1481 a
1462 1439 1629 1483 morte?

227 1506 417 1551 Omnino
448 1506 806 1566 quibuscumque
845 1505 986 1550 modis
1016 1522 1267 1566 possumus,
1300 1508 1375 1552 sed
1397 1508 1592 1553 modeste
1613 1543 1624 1563 ‚

226 1586 396 1621 vestuta
424 1576 605 1621 vulnera
626 1585 943 1636 pertractemus
966 1595 975 1621 ε
1002 1585 1045 1621 et
1081 1578 1198 1621 cauti
1230 1578 1390 1633 simus,
1427 1594 1482 1622 ue
1514 1579 1629 1622 inter

230 1663 384 1692 manus
397 1647 557 1691 medici
574 1647 747 1691 deficiat
764 1647 841 1707 qui
859 1656 1052 1692 curatur.
1074 1648 1192 1701 Quid
1210 1649 1359 1708 itaque
1380 1650 1625 1694 curandum

230 1718 356 1761 nobis
380 1726 459 1772 est,
484 1717 587 1777 quia
609 1717 752 1776 plorat
764 1732 875 1776 puer
896 1717 973 1776 qui
987 1717 1042 1761 ad
1061 1718 1254 1761 scholam
1276 1718 1475 1762 ducitur?
1492 1720 1626 1778 Cogi-

229 1787 413 1832 tandum
436 1787 563 1831 nobis
583 1796 668 1843 est,
687 1787 790 1847 quia
806 1786 977 1846 repellit
991 1802 1145 1831 manus
1162 1787 1320 1832 medici
1338 1789 1415 1848 qui
1435 1791 1631 1833 secatur?

230 1859 468 1903 Piscatores
491 1856 672 1902 fuerunt
693 1856 918 1918 Apostoli,
944 1867 987 1902 et
1010 1858 1221 1903 Dominus
1244 1858 1351 1903 dixit
1374 1859 1432 1902 eis
1458 1875 1466 1899 :
1499 1878 1519 1901 «
1538 1863 1626 1904 Fa-

235 1948 254 1970 »
281 1931 392 1975 ciam
410 1943 486 1974 vos
503 1929 736 1988 piscatores
752 1928 984 1973 hominum
998 1931 1028 1971 ¹.
1056 1948 1073 1967 »
1100 1932 1181 1972 Per
1200 1929 1463 1987 Prophetam
1479 1938 1627 1973 autem

235 1998 394 2044 dicitur
411 2034 422 2055 ,
448 1998 571 2059 quod
592 2002 705 2043 Deus
726 1999 870 2058 primo
891 1998 1123 2056 piscatores
1149 2006 1240 2041 erat
1262 1998 1469 2042 missurus
1483 2033 1494 2053 ‚
1520 2014 1624 2058 pos-

236 2079 303 2114 tea
320 2073 587 2115 venatore32.
604 2088 625 2111 »
651 2069 797 2114 Primo
819 2070 1052 2128 piscatores
1074 2069 1204 2123 misit,
1223 2078 1371 2128 postea
1394 2078 1621 2115 venatores

236 2142 384 2187 mittit.
409 2144 554 2196 Quare
584 2141 846 2200 piscatores?
873 2154 1007 2199 quare
1028 2141 1294 2184 venatores?
1313 2143 1375 2184 De
1396 2141 1553 2197 abysso
1582 2148 1626 2183 et

236 2211 456 2271 profundo
471 2212 601 2257 maris
615 2211 931 2271 superstitionis
945 2210 1207 2255 idololatriae
1224 2211 1453 2255 credentes
1473 2209 1624 2269 piscati

240 2294 339 2329 sunt
359 2285 524 2330 retibus
543 2284 659 2329 fidei.
681 2285 917 2328 venatores
937 2290 1085 2326 autem
1106 2297 1195 2342 quo
1217 2281 1331 2324 missi
1353 2282 1488 2325 sunt?
1510 2282 1624 2325 Cum

242 2353 304 2397 illi
322 2366 583 2415 vagarentur
597 2371 674 2416 per
691 2363 860 2400 montes
877 2362 920 2398 et
942 2353 1073 2398 colles
1092 2388 1103 2408 ,
1127 2351 1173 2395 id
1190 2360 1281 2406 est,
1307 2367 1384 2411 per
1399 2351 1623 2411 superbias

242 2422 487 2481 hominum⁷
507 2442 584 2484 per
597 2435 789 2470 tumores
806 2433 1032 2481 terrarum.
1055 2425 1181 2468 Mons
1202 2436 1332 2477 unus,
1354 2424 1564 2476 Donatus,
1580 2428 1623 2464 et

293 2512 303 2528 ¹
319 2508 501 2548 Matth.1v‚
524 2519 573 2550 ¹9·
591 2523 633 2531 --
654 2514 667 2531 ²
688 2510 806 2541 Jerem·
827 2517 893 2548 xv1,
916 2506 965 2538 16.
