<?xml version="1.0" encoding="UTF-8"?>
<!DOCTYPE html PUBLIC "-//W3C//DTD XHTML 1.0 Transitional//EN"
    "http://www.w3.org/TR/xhtml1/DTD/xhtml1-transitional.dtd">
<html xmlns="http://www.w3.org/1999/xhtml" xml:lang="en" lang="en">
 <head>
  <title>
</title>
<meta http-equiv="Content-Type" content="text/html;charset=utf-8" />
  <meta name='ocr-system' content='tesseract 3.04.00' />
  <meta name='ocr-capabilities' content='ocr_page ocr_carea ocr_par ocr_line ocrx_word'/>
</head>
<body>
  <div class='ocr_page' id='page_1' title='image "./operaomniaaccura27auguuoft/operaomniaaccura27auguuoft_0381.png"; bbox 0 0 1729 3143; ppageno 0'>
   <div class='ocr_carea' id='block_1_1' title="bbox 4 64 9 160">
    <p class='ocr_par' dir='ltr' id='par_1_1' title="bbox 4 64 9 160">
     <span class='ocr_line' id='line_1_1' title="bbox 4 64 9 160; baseline 0 0"><span class='ocrx_word' id='word_1_1' title='bbox 4 64 9 160; x_wconf 61' lang='lat' dir='ltr'>l</span> 
     </span>
    </p>
   </div>
   <div class='ocr_carea' id='block_1_2' title="bbox 3 162 8 219">
    <p class='ocr_par' dir='ltr' id='par_1_2' title="bbox 3 162 8 219">
     <span class='ocr_line' id='line_1_2' title="bbox 3 162 8 219; baseline 0 0"><span class='ocrx_word' id='word_1_2' title='bbox 3 162 8 219; x_wconf 78' lang='grc' dir='ltr'><em>ἐ</em></span> 
     </span>
    </p>
   </div>
   <div class='ocr_carea' id='block_1_3' title="bbox 2 238 19 355">
    <p class='ocr_par' dir='ltr' id='par_1_3' title="bbox 2 238 19 355">
     <span class='ocr_line' id='line_1_3' title="bbox 2 238 19 355; baseline 0 0"><span class='ocrx_word' id='word_1_3' title='bbox 2 238 19 355; x_wconf 54' lang='lat' dir='ltr'>l</span> 
     </span>
    </p>
   </div>
   <div class='ocr_carea' id='block_1_4' title="bbox 0 357 5 596">
    <p class='ocr_par' dir='ltr' id='par_1_4' title="bbox 0 357 5 596">
     <span class='ocr_line' id='line_1_4' title="bbox 0 357 5 469; baseline 0 0"><span class='ocrx_word' id='word_1_4' title='bbox 0 357 5 469; x_wconf 70' lang='grc' dir='ltr'>ἔ</span> 
     </span>
     <span class='ocr_line' id='line_1_5' title="bbox 0 471 4 596; baseline 0 0"><span class='ocrx_word' id='word_1_5' title='bbox 0 471 4 596; x_wconf 70' lang='grc' dir='ltr'>ἔ</span> 
     </span>
    </p>
   </div>
   <div class='ocr_carea' id='block_1_5' title="bbox 0 597 3 786">
    <p class='ocr_par' dir='ltr' id='par_1_5' title="bbox 0 597 3 786">
     <span class='ocr_line' id='line_1_6' title="bbox 0 597 3 786; baseline 0 2357"><span class='ocrx_word' id='word_1_6' title='bbox 0 597 3 786; x_wconf 95' lang='lat' dir='ltr'> </span> 
     </span>
    </p>
   </div>
   <div class='ocr_carea' id='block_1_6' title="bbox 393 148 1433 194">
    <p class='ocr_par' dir='ltr' id='par_1_6' title="bbox 393 148 1433 194">
     <span class='ocr_line' id='line_1_7' title="bbox 393 148 1433 194; baseline 0.003 -10"><span class='ocrx_word' id='word_1_7' title='bbox 393 159 447 185; x_wconf 82' lang='lat' dir='ltr'>DE</span> <span class='ocrx_word' id='word_1_8' title='bbox 479 158 630 186; x_wconf 69' lang='lat' dir='ltr'>Llnssno</span> <span class='ocrx_word' id='word_1_9' title='bbox 662 156 876 194; x_wconf 75' lang='lat' dir='ltr'>AnsslTuio,</span> <span class='ocrx_word' id='word_1_10' title='bbox 910 158 992 184; x_wconf 74' lang='lat' dir='ltr'>Lis.</span> <span class='ocrx_word' id='word_1_11' title='bbox 1029 159 1095 183; x_wconf 80' lang='lat'><em>111.</em></span> <span class='ocrx_word' id='word_1_12' title='bbox 1350 148 1433 187; x_wconf 76' lang='lat'>369</span> 
     </span>
    </p>
   </div>
   <div class='ocr_carea' id='block_1_7' title="bbox 49 220 1450 2467">
    <p class='ocr_par' dir='ltr' id='par_1_7' title="bbox 54 220 1435 496">
     <span class='ocr_line' id='line_1_8' title="bbox 56 220 1435 282; baseline 0.001 -17"><span class='ocrx_word' id='word_1_13' title='bbox 56 235 222 266; x_wconf 84' lang='lat' dir='ltr'>summe</span> <span class='ocrx_word' id='word_1_14' title='bbox 244 231 334 281; x_wconf 78' lang='lat' dir='ltr'>cst3</span> <span class='ocrx_word' id='word_1_15' title='bbox 358 224 403 266; x_wconf 86' lang='lat' dir='ltr'>in</span> <span class='ocrx_word' id='word_1_16' title='bbox 422 231 590 267; x_wconf 86' lang='lat' dir='ltr'>tantum</span> <span class='ocrx_word' id='word_1_17' title='bbox 610 231 754 267; x_wconf 91' lang='lat' dir='ltr'>autem</span> <span class='ocrx_word' id='word_1_18' title='bbox 771 231 922 281; x_wconf 84' lang='lat' dir='ltr'>putare</span> <span class='ocrx_word' id='word_1_19' title='bbox 943 220 1097 266; x_wconf 88' lang='lat' dir='ltr'>melius</span> <span class='ocrx_word' id='word_1_20' title='bbox 1113 235 1202 266; x_wconf 75' lang='lat' dir='ltr'>esse</span> <span class='ocrx_word' id='word_1_21' title='bbox 1216 256 1227 276; x_wconf 86' lang='lat'>‚</span> <span class='ocrx_word' id='word_1_22' title='bbox 1248 230 1298 266; x_wconf 88' lang='lat' dir='ltr'>ut</span> <span class='ocrx_word' id='word_1_23' title='bbox 1314 224 1435 282; x_wconf 83' lang='lat' dir='ltr'>quis-</span> 
     </span>
     <span class='ocr_line' id='line_1_9' title="bbox 55 293 1435 354; baseline 0 -17"><span class='ocrx_word' id='word_1_24' title='bbox 55 308 141 353; x_wconf 88' lang='lat' dir='ltr'>que</span> <span class='ocrx_word' id='word_1_25' title='bbox 174 308 264 337; x_wconf 90' lang='lat' dir='ltr'>non</span> <span class='ocrx_word' id='word_1_26' title='bbox 295 293 352 338; x_wconf 87' lang='lat' dir='ltr'>sit</span> <span class='ocrx_word' id='word_1_27' title='bbox 371 309 504 354; x_wconf 87' lang='lat' dir='ltr'>quam</span> <span class='ocrx_word' id='word_1_28' title='bbox 534 303 585 338; x_wconf 82' lang='lat' dir='ltr'>ut</span> <span class='ocrx_word' id='word_1_29' title='bbox 611 293 739 337; x_wconf 88' lang='lat' dir='ltr'>miser</span> <span class='ocrx_word' id='word_1_30' title='bbox 765 293 841 347; x_wconf 85' lang='lat' dir='ltr'>sit,</span> <span class='ocrx_word' id='word_1_31' title='bbox 870 293 915 336; x_wconf 89' lang='lat' dir='ltr'>in</span> <span class='ocrx_word' id='word_1_32' title='bbox 945 301 1159 353; x_wconf 87' lang='lat' dir='ltr'>quantum</span> <span class='ocrx_word' id='word_1_33' title='bbox 1191 307 1281 337; x_wconf 90' lang='lat' dir='ltr'>non</span> <span class='ocrx_word' id='word_1_34' title='bbox 1314 293 1435 338; x_wconf 84' lang='lat' dir='ltr'>vides</span> 
     </span>
     <span class='ocr_line' id='line_1_10' title="bbox 55 362 1435 423; baseline 0 -17"><span class='ocrx_word' id='word_1_35' title='bbox 55 362 175 423; x_wconf 87' lang='lat' dir='ltr'>quod</span> <span class='ocrx_word' id='word_1_36' title='bbox 208 379 376 408; x_wconf 90' lang='lat' dir='ltr'>summe</span> <span class='ocrx_word' id='word_1_37' title='bbox 403 373 467 408; x_wconf 89' lang='lat' dir='ltr'>est</span> <span class='ocrx_word' id='word_1_38' title='bbox 493 383 502 408; x_wconf 91' lang='lat'><strong>:</strong></span> <span class='ocrx_word' id='word_1_39' title='bbox 533 372 576 407; x_wconf 91' lang='lat' dir='ltr'>et</span> <span class='ocrx_word' id='word_1_40' title='bbox 602 362 701 406; x_wconf 91' lang='lat' dir='ltr'>ideo</span> <span class='ocrx_word' id='word_1_41' title='bbox 728 371 875 408; x_wconf 88' lang='lat' dir='ltr'>tamen</span> <span class='ocrx_word' id='word_1_42' title='bbox 903 372 945 406; x_wconf 91' lang='lat' dir='ltr'>te</span> <span class='ocrx_word' id='word_1_43' title='bbox 973 379 1061 408; x_wconf 91' lang='lat' dir='ltr'>esse</span> <span class='ocrx_word' id='word_1_44' title='bbox 1090 362 1202 409; x_wconf 86' lang='lat' dir='ltr'>velle</span> <span class='ocrx_word' id='word_1_45' title='bbox 1229 363 1435 423; x_wconf 83' lang='lat' dir='ltr'>quoniam</span> 
     </span>
     <span class='ocr_line' id='line_1_11' title="bbox 54 434 683 496; baseline -0.002 -18"><span class='ocrx_word' id='word_1_46' title='bbox 54 434 109 478; x_wconf 91' lang='lat' dir='ltr'>ab</span> <span class='ocrx_word' id='word_1_47' title='bbox 131 434 207 479; x_wconf 91' lang='lat' dir='ltr'>illo</span> <span class='ocrx_word' id='word_1_48' title='bbox 235 450 278 479; x_wconf 87' lang='lat' dir='ltr'>es</span> <span class='ocrx_word' id='word_1_49' title='bbox 307 434 382 496; x_wconf 87' lang='lat' dir='ltr'>qui</span> <span class='ocrx_word' id='word_1_50' title='bbox 413 449 580 479; x_wconf 90' lang='lat' dir='ltr'>summe</span> <span class='ocrx_word' id='word_1_51' title='bbox 604 442 683 478; x_wconf 90' lang='lat' dir='ltr'>est.</span> 
     </span>
    </p>

    <p class='ocr_par' dir='ltr' id='par_1_8' title="bbox 49 502 1450 2467">
     <span class='ocr_line' id='line_1_12' title="bbox 113 502 1441 565; baseline 0.001 -17"><span class='ocrx_word' id='word_1_52' title='bbox 113 507 234 549; x_wconf 85' lang='lat' dir='ltr'>XXI.</span> <span class='ocrx_word' id='word_1_53' title='bbox 268 506 312 550; x_wconf 90' lang='lat' dir='ltr'>Si</span> <span class='ocrx_word' id='word_1_54' title='bbox 333 506 394 550; x_wconf 88' lang='lat' dir='ltr'>vis</span> <span class='ocrx_word' id='word_1_55' title='bbox 414 506 562 565; x_wconf 87' lang='lat' dir='ltr'>itaque</span> <span class='ocrx_word' id='word_1_56' title='bbox 583 502 800 548; x_wconf 88' lang='lat' dir='ltr'>miseriam</span> <span class='ocrx_word' id='word_1_57' title='bbox 821 502 975 561; x_wconf 82' lang='lat' dir='ltr'>fugere</span> <span class='ocrx_word' id='word_1_58' title='bbox 990 537 1001 559; x_wconf 86' lang='lat'>‚</span> <span class='ocrx_word' id='word_1_59' title='bbox 1029 518 1123 548; x_wconf 88' lang='lat' dir='ltr'>ama</span> <span class='ocrx_word' id='word_1_60' title='bbox 1145 504 1192 548; x_wconf 89' lang='lat' dir='ltr'>in</span> <span class='ocrx_word' id='word_1_61' title='bbox 1208 513 1251 548; x_wconf 86' lang='lat' dir='ltr'>te</span> <span class='ocrx_word' id='word_1_62' title='bbox 1270 504 1354 549; x_wconf 88' lang='lat' dir='ltr'>hoc</span> <span class='ocrx_word' id='word_1_63' title='bbox 1374 505 1441 563; x_wconf 87' lang='lat' dir='ltr'>ip-</span> 
     </span>
     <span class='ocr_line' id='line_1_13' title="bbox 54 573 1436 635; baseline -0.001 -15"><span class='ocrx_word' id='word_1_64' title='bbox 54 591 146 620; x_wconf 89' lang='lat' dir='ltr'>sum</span> <span class='ocrx_word' id='word_1_65' title='bbox 161 610 171 630; x_wconf 84' lang='lat'>‚</span> <span class='ocrx_word' id='word_1_66' title='bbox 198 576 300 635; x_wconf 89' lang='lat' dir='ltr'>quia</span> <span class='ocrx_word' id='word_1_67' title='bbox 322 590 410 620; x_wconf 89' lang='lat' dir='ltr'>esse</span> <span class='ocrx_word' id='word_1_68' title='bbox 431 577 508 621; x_wconf 89' lang='lat' dir='ltr'>vis.</span> <span class='ocrx_word' id='word_1_69' title='bbox 535 575 578 620; x_wconf 91' lang='lat' dir='ltr'>Si</span> <span class='ocrx_word' id='word_1_70' title='bbox 600 574 717 618; x_wconf 90' lang='lat' dir='ltr'>enim</span> <span class='ocrx_word' id='word_1_71' title='bbox 738 573 873 633; x_wconf 86' lang='lat' dir='ltr'>magis</span> <span class='ocrx_word' id='word_1_72' title='bbox 888 574 1110 634; x_wconf 82' lang='lat' dir='ltr'>magisque</span> <span class='ocrx_word' id='word_1_73' title='bbox 1127 590 1216 619; x_wconf 86' lang='lat' dir='ltr'>esse</span> <span class='ocrx_word' id='word_1_74' title='bbox 1232 575 1436 630; x_wconf 86' lang='lat' dir='ltr'>volueris,</span> 
     </span>
     <span class='ocr_line' id='line_1_14' title="bbox 54 645 1441 708; baseline -0.001 -17"><span class='ocrx_word' id='word_1_75' title='bbox 54 647 93 691; x_wconf 89' lang='lat' dir='ltr'>ei</span> <span class='ocrx_word' id='word_1_76' title='bbox 109 646 229 707; x_wconf 90' lang='lat' dir='ltr'>quod</span> <span class='ocrx_word' id='word_1_77' title='bbox 249 661 418 691; x_wconf 90' lang='lat' dir='ltr'>summe</span> <span class='ocrx_word' id='word_1_78' title='bbox 439 655 503 690; x_wconf 91' lang='lat' dir='ltr'>est</span> <span class='ocrx_word' id='word_1_79' title='bbox 518 645 834 705; x_wconf 87' lang='lat' dir='ltr'>propinquabis</span> <span class='ocrx_word' id='word_1_80' title='bbox 853 664 862 689; x_wconf 73' lang='grc' dir='ltr'>ε</span> <span class='ocrx_word' id='word_1_81' title='bbox 881 654 924 689; x_wconf 91' lang='lat' dir='ltr'>et</span> <span class='ocrx_word' id='word_1_82' title='bbox 940 646 1095 705; x_wconf 82' lang='lat' dir='ltr'>gratias</span> <span class='ocrx_word' id='word_1_83' title='bbox 1112 661 1188 703; x_wconf 86' lang='lat' dir='ltr'>age</span> <span class='ocrx_word' id='word_1_84' title='bbox 1204 662 1322 692; x_wconf 91' lang='lat' dir='ltr'>nunc</span> <span class='ocrx_word' id='word_1_85' title='bbox 1338 648 1441 708; x_wconf 89' lang='lat' dir='ltr'>quia</span> 
     </span>
     <span class='ocr_line' id='line_1_15' title="bbox 55 714 1442 775; baseline 0 -14"><span class='ocrx_word' id='word_1_86' title='bbox 55 732 112 761; x_wconf 91' lang='lat' dir='ltr'>es.</span> <span class='ocrx_word' id='word_1_87' title='bbox 139 717 346 769; x_wconf 86' lang='lat' dir='ltr'>Quamvis</span> <span class='ocrx_word' id='word_1_88' title='bbox 368 715 485 760; x_wconf 87' lang='lat' dir='ltr'>enim</span> <span class='ocrx_word' id='word_1_89' title='bbox 515 715 651 761; x_wconf 91' lang='lat' dir='ltr'>beatis</span> <span class='ocrx_word' id='word_1_90' title='bbox 680 715 733 760; x_wconf 90' lang='lat' dir='ltr'>sis</span> <span class='ocrx_word' id='word_1_91' title='bbox 761 714 967 770; x_wconf 87' lang='lat' dir='ltr'>inferior,</span> <span class='ocrx_word' id='word_1_92' title='bbox 999 716 1194 775; x_wconf 86' lang='lat' dir='ltr'>superior</span> <span class='ocrx_word' id='word_1_93' title='bbox 1223 726 1369 761; x_wconf 89' lang='lat' dir='ltr'>tamen</span> <span class='ocrx_word' id='word_1_94' title='bbox 1398 732 1442 761; x_wconf 87' lang='lat' dir='ltr'>es</span> 
     </span>
     <span class='ocr_line' id='line_1_16' title="bbox 53 784 1442 847; baseline 0.001 -17"><span class='ocrx_word' id='word_1_95' title='bbox 53 800 188 847; x_wconf 87' lang='lat' dir='ltr'>quam</span> <span class='ocrx_word' id='word_1_96' title='bbox 217 801 265 830; x_wconf 92' lang='lat' dir='ltr'>ea</span> <span class='ocrx_word' id='word_1_97' title='bbox 296 802 395 846; x_wconf 88' lang='lat' dir='ltr'>quae</span> <span class='ocrx_word' id='word_1_98' title='bbox 422 800 512 830; x_wconf 91' lang='lat' dir='ltr'>non</span> <span class='ocrx_word' id='word_1_99' title='bbox 538 784 707 829; x_wconf 85' lang='lat' dir='ltr'>habent</span> <span class='ocrx_word' id='word_1_100' title='bbox 729 784 799 829; x_wconf 91' lang='lat' dir='ltr'>vel</span> <span class='ocrx_word' id='word_1_101' title='bbox 820 785 1103 829; x_wconf 84' lang='lat' dir='ltr'>beatitudinis</span> <span class='ocrx_word' id='word_1_102' title='bbox 1135 785 1408 831; x_wconf 88' lang='lat' dir='ltr'>voluntatem</span> <span class='ocrx_word' id='word_1_103' title='bbox 1430 808 1442 845; x_wconf 77' lang='lat'>3</span> 
     </span>
     <span class='ocr_line' id='line_1_17' title="bbox 54 854 1445 916; baseline 0 -16"><span class='ocrx_word' id='word_1_104' title='bbox 54 871 243 916; x_wconf 90' lang='lat' dir='ltr'>quorum</span> <span class='ocrx_word' id='word_1_105' title='bbox 272 865 418 900; x_wconf 90' lang='lat' dir='ltr'>tamen</span> <span class='ocrx_word' id='word_1_106' title='bbox 440 854 577 899; x_wconf 88' lang='lat' dir='ltr'>multa</span> <span class='ocrx_word' id='word_1_107' title='bbox 602 856 732 899; x_wconf 84' lang='lat' dir='ltr'>etiam</span> <span class='ocrx_word' id='word_1_108' title='bbox 759 870 782 899; x_wconf 95' lang='lat' dir='ltr'>a</span> <span class='ocrx_word' id='word_1_109' title='bbox 812 855 975 899; x_wconf 91' lang='lat' dir='ltr'>miseris</span> <span class='ocrx_word' id='word_1_110' title='bbox 997 855 1250 901; x_wconf 81' lang='lat' dir='ltr'>laudantur.</span> <span class='ocrx_word' id='word_1_111' title='bbox 1287 858 1445 901; x_wconf 89' lang='lat' dir='ltr'>Omnia</span> 
     </span>
     <span class='ocr_line' id='line_1_18' title="bbox 54 925 1446 987; baseline 0.001 -16"><span class='ocrx_word' id='word_1_112' title='bbox 54 935 202 971; x_wconf 89' lang='lat' dir='ltr'>tamen</span> <span class='ocrx_word' id='word_1_113' title='bbox 234 942 285 970; x_wconf 92' lang='lat' dir='ltr'>eo</span> <span class='ocrx_word' id='word_1_114' title='bbox 314 928 407 984; x_wconf 89' lang='lat' dir='ltr'>ipso</span> <span class='ocrx_word' id='word_1_115' title='bbox 440 940 530 985; x_wconf 86' lang='lat' dir='ltr'>quo</span> <span class='ocrx_word' id='word_1_116' title='bbox 567 934 691 980; x_wconf 81' lang='lat' dir='ltr'>sunt,</span> <span class='ocrx_word' id='word_1_117' title='bbox 724 926 821 984; x_wconf 87' lang='lat' dir='ltr'>jure</span> <span class='ocrx_word' id='word_1_118' title='bbox 858 925 1079 968; x_wconf 86' lang='lat' dir='ltr'>laudanda</span> <span class='ocrx_word' id='word_1_119' title='bbox 1101 936 1234 971; x_wconf 89' lang='lat' dir='ltr'>sunt:</span> <span class='ocrx_word' id='word_1_120' title='bbox 1260 928 1363 987; x_wconf 87' lang='lat' dir='ltr'>quia</span> <span class='ocrx_word' id='word_1_121' title='bbox 1394 943 1446 973; x_wconf 88' lang='lat' dir='ltr'>eo</span> 
     </span>
     <span class='ocr_line' id='line_1_19' title="bbox 53 995 1446 1056; baseline 0.002 -15"><span class='ocrx_word' id='word_1_122' title='bbox 53 997 147 1056; x_wconf 88' lang='lat' dir='ltr'>ipso</span> <span class='ocrx_word' id='word_1_123' title='bbox 168 1012 256 1056; x_wconf 86' lang='lat' dir='ltr'>quo</span> <span class='ocrx_word' id='word_1_124' title='bbox 273 1005 391 1050; x_wconf 81' lang='lat' dir='ltr'>sunt,</span> <span class='ocrx_word' id='word_1_125' title='bbox 416 996 532 1040; x_wconf 90' lang='lat' dir='ltr'>bona</span> <span class='ocrx_word' id='word_1_126' title='bbox 547 1005 663 1039; x_wconf 89' lang='lat' dir='ltr'>sunt.</span> <span class='ocrx_word' id='word_1_127' title='bbox 682 997 858 1048; x_wconf 86' lang='lat' dir='ltr'>Quanto</span> <span class='ocrx_word' id='word_1_128' title='bbox 877 995 993 1039; x_wconf 89' lang='lat' dir='ltr'>enim</span> <span class='ocrx_word' id='word_1_129' title='bbox 1012 995 1200 1056; x_wconf 89' lang='lat' dir='ltr'>amplius</span> <span class='ocrx_word' id='word_1_130' title='bbox 1217 1013 1306 1042; x_wconf 88' lang='lat' dir='ltr'>esse</span> <span class='ocrx_word' id='word_1_131' title='bbox 1324 1014 1446 1043; x_wconf 87' lang='lat' dir='ltr'>ama-</span> 
     </span>
     <span class='ocr_line' id='line_1_20' title="bbox 52 1065 1444 1129; baseline 0.001 -18"><span class='ocrx_word' id='word_1_132' title='bbox 52 1067 188 1120; x_wconf 81' lang='lat' dir='ltr'>veris,</span> <span class='ocrx_word' id='word_1_133' title='bbox 214 1075 335 1109; x_wconf 86' lang='lat' dir='ltr'>tanto</span> <span class='ocrx_word' id='word_1_134' title='bbox 363 1065 548 1124; x_wconf 86' lang='lat' dir='ltr'>amplius</span> <span class='ocrx_word' id='word_1_135' title='bbox 582 1066 715 1109; x_wconf 90' lang='lat' dir='ltr'>vitam</span> <span class='ocrx_word' id='word_1_136' title='bbox 746 1073 953 1108; x_wconf 83' lang='lat' dir='ltr'>aeternam</span> <span class='ocrx_word' id='word_1_137' title='bbox 983 1065 1247 1111; x_wconf 84' lang='lat' dir='ltr'>desiderabis</span> <span class='ocrx_word' id='word_1_138' title='bbox 1264 1102 1275 1122; x_wconf 90' lang='lat'>‚</span> <span class='ocrx_word' id='word_1_139' title='bbox 1313 1077 1444 1129; x_wconf 87' lang='lat' dir='ltr'>teque</span> 
     </span>
     <span class='ocr_line' id='line_1_21' title="bbox 55 1134 1449 1199; baseline 0.001 -18"><span class='ocrx_word' id='word_1_140' title='bbox 55 1137 115 1181; x_wconf 85' lang='lat' dir='ltr'>ita</span> <span class='ocrx_word' id='word_1_141' title='bbox 135 1134 314 1179; x_wconf 86' lang='lat' dir='ltr'>formari</span> <span class='ocrx_word' id='word_1_142' title='bbox 336 1134 559 1194; x_wconf 78' lang='lat' dir='ltr'>exoptabis</span> <span class='ocrx_word' id='word_1_143' title='bbox 575 1168 587 1189; x_wconf 88' lang='lat'>‚</span> <span class='ocrx_word' id='word_1_144' title='bbox 613 1144 662 1178; x_wconf 87' lang='lat' dir='ltr'>ut</span> <span class='ocrx_word' id='word_1_145' title='bbox 682 1135 934 1179; x_wconf 87' lang='lat' dir='ltr'>affectiones</span> <span class='ocrx_word' id='word_1_146' title='bbox 957 1144 1044 1179; x_wconf 86' lang='lat' dir='ltr'>tuae</span> <span class='ocrx_word' id='word_1_147' title='bbox 1062 1152 1153 1181; x_wconf 92' lang='lat' dir='ltr'>non</span> <span class='ocrx_word' id='word_1_148' title='bbox 1168 1138 1255 1182; x_wconf 91' lang='lat' dir='ltr'>sint</span> <span class='ocrx_word' id='word_1_149' title='bbox 1277 1147 1449 1199; x_wconf 88' lang='lat' dir='ltr'>tempo-</span> 
     </span>
     <span class='ocr_line' id='line_1_22' title="bbox 54 1204 1449 1266; baseline 0.001 -15"><span class='ocrx_word' id='word_1_150' title='bbox 54 1206 190 1264; x_wconf 78' lang='lat' dir='ltr'>rales3</span> <span class='ocrx_word' id='word_1_151' title='bbox 229 1206 284 1249; x_wconf 91' lang='lat' dir='ltr'>de</span> <span class='ocrx_word' id='word_1_152' title='bbox 318 1204 626 1264; x_wconf 84' lang='lat' dir='ltr'>temporalium</span> <span class='ocrx_word' id='word_1_153' title='bbox 660 1219 806 1249; x_wconf 89' lang='lat' dir='ltr'>rerum</span> <span class='ocrx_word' id='word_1_154' title='bbox 836 1206 1060 1250; x_wconf 89' lang='lat' dir='ltr'>amoribus</span> <span class='ocrx_word' id='word_1_155' title='bbox 1084 1207 1256 1266; x_wconf 72' lang='lat' dir='ltr'>injustae</span> <span class='ocrx_word' id='word_1_156' title='bbox 1287 1218 1330 1252; x_wconf 86' lang='lat' dir='ltr'>ct</span> <span class='ocrx_word' id='word_1_157' title='bbox 1363 1210 1449 1253; x_wconf 88' lang='lat' dir='ltr'>im—</span> 
     </span>
     <span class='ocr_line' id='line_1_23' title="bbox 55 1276 1450 1339; baseline 0.002 -17"><span class='ocrx_word' id='word_1_158' title='bbox 55 1293 210 1339; x_wconf 83' lang='lat' dir='ltr'>pressae</span> <span class='ocrx_word' id='word_1_159' title='bbox 233 1296 242 1321; x_wconf 89' lang='lat'>:</span> <span class='ocrx_word' id='word_1_160' title='bbox 266 1292 366 1337; x_wconf 83' lang='lat' dir='ltr'>quae</span> <span class='ocrx_word' id='word_1_161' title='bbox 388 1276 643 1335; x_wconf 89' lang='lat' dir='ltr'>temporalia</span> <span class='ocrx_word' id='word_1_162' title='bbox 665 1285 709 1320; x_wconf 90' lang='lat' dir='ltr'>et</span> <span class='ocrx_word' id='word_1_163' title='bbox 731 1285 832 1320; x_wconf 86' lang='lat' dir='ltr'>ante</span> <span class='ocrx_word' id='word_1_164' title='bbox 855 1293 988 1337; x_wconf 87' lang='lat' dir='ltr'>quam</span> <span class='ocrx_word' id='word_1_165' title='bbox 1011 1278 1096 1322; x_wconf 90' lang='lat' dir='ltr'>sint</span> <span class='ocrx_word' id='word_1_166' title='bbox 1118 1294 1208 1323; x_wconf 91' lang='lat' dir='ltr'>non</span> <span class='ocrx_word' id='word_1_167' title='bbox 1236 1289 1338 1324; x_wconf 89' lang='lat' dir='ltr'>sunt</span> <span class='ocrx_word' id='word_1_168' title='bbox 1358 1316 1368 1336; x_wconf 81' lang='lat'>‚</span> <span class='ocrx_word' id='word_1_169' title='bbox 1407 1291 1450 1326; x_wconf 87' lang='lat' dir='ltr'>et</span> 
     </span>
     <span class='ocr_line' id='line_1_24' title="bbox 54 1348 1444 1411; baseline 0.001 -16"><span class='ocrx_word' id='word_1_170' title='bbox 54 1365 157 1395; x_wconf 89' lang='lat' dir='ltr'>cum</span> <span class='ocrx_word' id='word_1_171' title='bbox 178 1358 280 1394; x_wconf 88' lang='lat' dir='ltr'>sunt</span> <span class='ocrx_word' id='word_1_172' title='bbox 293 1349 470 1407; x_wconf 83' lang='lat' dir='ltr'>fugiunt</span> <span class='ocrx_word' id='word_1_173' title='bbox 484 1383 495 1402; x_wconf 91' lang='lat'>‚</span> <span class='ocrx_word' id='word_1_174' title='bbox 520 1357 563 1392; x_wconf 86' lang='lat' dir='ltr'>et</span> <span class='ocrx_word' id='word_1_175' title='bbox 580 1362 680 1392; x_wconf 88' lang='lat' dir='ltr'>cum</span> <span class='ocrx_word' id='word_1_176' title='bbox 697 1348 890 1406; x_wconf 82' lang='lat' dir='ltr'>fugerint</span> <span class='ocrx_word' id='word_1_177' title='bbox 907 1365 996 1393; x_wconf 92' lang='lat' dir='ltr'>non</span> <span class='ocrx_word' id='word_1_178' title='bbox 1012 1359 1155 1394; x_wconf 90' lang='lat' dir='ltr'>erunt.</span> <span class='ocrx_word' id='word_1_179' title='bbox 1175 1354 1330 1411; x_wconf 86' lang='lat' dir='ltr'>Itaque</span> <span class='ocrx_word' id='word_1_180' title='bbox 1343 1368 1444 1397; x_wconf 90' lang='lat' dir='ltr'>cum</span> 
     </span>
     <span class='ocr_line' id='line_1_25' title="bbox 54 1416 1443 1480; baseline 0.001 -14"><span class='ocrx_word' id='word_1_181' title='bbox 54 1420 203 1466; x_wconf 84' lang='lat' dir='ltr'>sutura</span> <span class='ocrx_word' id='word_1_182' title='bbox 231 1429 359 1475; x_wconf 81' lang='lat' dir='ltr'>sunt,</span> <span class='ocrx_word' id='word_1_183' title='bbox 393 1418 589 1464; x_wconf 84' lang='lat' dir='ltr'>nondum</span> <span class='ocrx_word' id='word_1_184' title='bbox 615 1427 740 1477; x_wconf 78' lang='lat' dir='ltr'>sunt3</span> <span class='ocrx_word' id='word_1_185' title='bbox 767 1434 867 1463; x_wconf 89' lang='lat' dir='ltr'>cum</span> <span class='ocrx_word' id='word_1_186' title='bbox 897 1429 1042 1464; x_wconf 88' lang='lat' dir='ltr'>autem</span> <span class='ocrx_word' id='word_1_187' title='bbox 1072 1422 1292 1480; x_wconf 78' lang='lat' dir='ltr'>praeterita</span> <span class='ocrx_word' id='word_1_188' title='bbox 1314 1416 1443 1480; x_wconf 81' lang='lat' dir='ltr'>sunt,</span> 
     </span>
     <span class='ocr_line' id='line_1_26' title="bbox 49 1488 1445 1551; baseline 0.002 -16"><span class='ocrx_word' id='word_1_189' title='bbox 49 1492 141 1551; x_wconf 86' lang='lat' dir='ltr'>jam</span> <span class='ocrx_word' id='word_1_190' title='bbox 173 1507 263 1536; x_wconf 91' lang='lat' dir='ltr'>non</span> <span class='ocrx_word' id='word_1_191' title='bbox 293 1500 410 1535; x_wconf 86' lang='lat' dir='ltr'>sunt.</span> <span class='ocrx_word' id='word_1_192' title='bbox 437 1488 669 1543; x_wconf 87' lang='lat' dir='ltr'>Quomodo</span> <span class='ocrx_word' id='word_1_193' title='bbox 690 1489 825 1548; x_wconf 80' lang='lat' dir='ltr'>igitur</span> <span class='ocrx_word' id='word_1_194' title='bbox 846 1490 1118 1534; x_wconf 88' lang='lat' dir='ltr'>tenebuntur</span> <span class='ocrx_word' id='word_1_195' title='bbox 1142 1500 1194 1535; x_wconf 91' lang='lat' dir='ltr'>ut</span> <span class='ocrx_word' id='word_1_196' title='bbox 1217 1503 1445 1550; x_wconf 81' lang='lat' dir='ltr'>maneant,</span> 
     </span>
     <span class='ocr_line' id='line_1_27' title="bbox 55 1559 1448 1622; baseline 0.002 -16"><span class='ocrx_word' id='word_1_197' title='bbox 55 1563 216 1622; x_wconf 80' lang='lat' dir='ltr'>quibus</span> <span class='ocrx_word' id='word_1_198' title='bbox 237 1562 321 1606; x_wconf 91' lang='lat' dir='ltr'>hoc</span> <span class='ocrx_word' id='word_1_199' title='bbox 345 1569 408 1604; x_wconf 89' lang='lat' dir='ltr'>est</span> <span class='ocrx_word' id='word_1_200' title='bbox 430 1561 621 1619; x_wconf 86' lang='lat' dir='ltr'>incipere</span> <span class='ocrx_word' id='word_1_201' title='bbox 644 1568 694 1603; x_wconf 84' lang='lat' dir='ltr'>ut</span> <span class='ocrx_word' id='word_1_202' title='bbox 720 1560 827 1615; x_wconf 83' lang='lat' dir='ltr'>sint,</span> <span class='ocrx_word' id='word_1_203' title='bbox 853 1559 975 1620; x_wconf 91' lang='lat' dir='ltr'>quod</span> <span class='ocrx_word' id='word_1_204' title='bbox 1003 1569 1065 1604; x_wconf 84' lang='lat' dir='ltr'>est</span> <span class='ocrx_word' id='word_1_205' title='bbox 1087 1576 1266 1621; x_wconf 84' lang='lat' dir='ltr'>pergere</span> <span class='ocrx_word' id='word_1_206' title='bbox 1287 1572 1337 1607; x_wconf 91' lang='lat' dir='ltr'>ut</span> <span class='ocrx_word' id='word_1_207' title='bbox 1358 1580 1448 1610; x_wconf 89' lang='lat' dir='ltr'>non</span> 
     </span>
     <span class='ocr_line' id='line_1_28' title="bbox 57 1631 1445 1693; baseline 0.003 -17"><span class='ocrx_word' id='word_1_208' title='bbox 57 1633 155 1676; x_wconf 89' lang='lat' dir='ltr'>sint.</span> <span class='ocrx_word' id='word_1_209' title='bbox 182 1632 294 1685; x_wconf 83' lang='lat' dir='ltr'>Quia</span> <span class='ocrx_word' id='word_1_210' title='bbox 314 1641 460 1676; x_wconf 89' lang='lat' dir='ltr'>autem</span> <span class='ocrx_word' id='word_1_211' title='bbox 483 1640 598 1675; x_wconf 83' lang='lat' dir='ltr'>amat</span> <span class='ocrx_word' id='word_1_212' title='bbox 617 1646 722 1685; x_wconf 74' lang='lat' dir='ltr'>esse7</span> <span class='ocrx_word' id='word_1_213' title='bbox 748 1632 907 1690; x_wconf 88' lang='lat' dir='ltr'>probat</span> <span class='ocrx_word' id='word_1_214' title='bbox 929 1631 1008 1676; x_wconf 88' lang='lat' dir='ltr'>ista</span> <span class='ocrx_word' id='word_1_215' title='bbox 1025 1632 1070 1675; x_wconf 93' lang='lat' dir='ltr'>in</span> <span class='ocrx_word' id='word_1_216' title='bbox 1085 1643 1300 1693; x_wconf 81' lang='lat' dir='ltr'>quantum</span> <span class='ocrx_word' id='word_1_217' title='bbox 1326 1646 1445 1692; x_wconf 85' lang='lat' dir='ltr'>sunt,</span> 
     </span>
     <span class='ocr_line' id='line_1_29' title="bbox 56 1702 1448 1762; baseline 0.004 -15"><span class='ocrx_word' id='word_1_218' title='bbox 56 1712 99 1747; x_wconf 89' lang='lat' dir='ltr'>et</span> <span class='ocrx_word' id='word_1_219' title='bbox 122 1712 237 1747; x_wconf 83' lang='lat' dir='ltr'>amat</span> <span class='ocrx_word' id='word_1_220' title='bbox 258 1702 378 1762; x_wconf 86' lang='lat' dir='ltr'>quod</span> <span class='ocrx_word' id='word_1_221' title='bbox 400 1717 570 1761; x_wconf 88' lang='lat' dir='ltr'>semper</span> <span class='ocrx_word' id='word_1_222' title='bbox 590 1711 668 1747; x_wconf 84' lang='lat' dir='ltr'>est.</span> <span class='ocrx_word' id='word_1_223' title='bbox 696 1705 753 1747; x_wconf 86' lang='lat' dir='ltr'>Et</span> <span class='ocrx_word' id='word_1_224' title='bbox 776 1704 810 1746; x_wconf 90' lang='lat' dir='ltr'>si</span> <span class='ocrx_word' id='word_1_225' title='bbox 833 1703 1084 1747; x_wconf 85' lang='lat' dir='ltr'>variabatur</span> <span class='ocrx_word' id='word_1_226' title='bbox 1105 1704 1152 1748; x_wconf 89' lang='lat' dir='ltr'>in</span> <span class='ocrx_word' id='word_1_227' title='bbox 1180 1721 1326 1751; x_wconf 89' lang='lat' dir='ltr'>amore</span> <span class='ocrx_word' id='word_1_228' title='bbox 1344 1708 1448 1753; x_wconf 90' lang='lat' dir='ltr'>isto-</span> 
     </span>
     <span class='ocr_line' id='line_1_30' title="bbox 56 1768 1449 1830; baseline 0.004 -13"><span class='ocrx_word' id='word_1_229' title='bbox 56 1768 170 1828; x_wconf 79' lang='lat' dir='ltr'>rum,</span> <span class='ocrx_word' id='word_1_230' title='bbox 200 1773 424 1816; x_wconf 90' lang='lat' dir='ltr'>munietur</span> <span class='ocrx_word' id='word_1_231' title='bbox 452 1772 499 1816; x_wconf 87' lang='lat' dir='ltr'>in</span> <span class='ocrx_word' id='word_1_232' title='bbox 522 1771 663 1830; x_wconf 74' lang='lat' dir='ltr'>illius3</span> <span class='ocrx_word' id='word_1_233' title='bbox 688 1781 731 1816; x_wconf 88' lang='lat' dir='ltr'>et</span> <span class='ocrx_word' id='word_1_234' title='bbox 760 1773 793 1816; x_wconf 88' lang='lat' dir='ltr'>si</span> <span class='ocrx_word' id='word_1_235' title='bbox 821 1772 1053 1818; x_wconf 83' lang='lat' dir='ltr'>diffluebat</span> <span class='ocrx_word' id='word_1_236' title='bbox 1072 1774 1118 1818; x_wconf 87' lang='lat' dir='ltr'>in</span> <span class='ocrx_word' id='word_1_237' title='bbox 1147 1790 1293 1820; x_wconf 89' lang='lat' dir='ltr'>amore</span> <span class='ocrx_word' id='word_1_238' title='bbox 1328 1787 1449 1822; x_wconf 89' lang='lat' dir='ltr'>tran-</span> 
     </span>
     <span class='ocr_line' id='line_1_31' title="bbox 56 1842 1448 1903; baseline 0.004 -15"><span class='ocrx_word' id='word_1_239' title='bbox 56 1843 292 1898; x_wconf 68' lang='lat' dir='ltr'>seunssum,</span> <span class='ocrx_word' id='word_1_240' title='bbox 318 1842 364 1886; x_wconf 89' lang='lat' dir='ltr'>in</span> <span class='ocrx_word' id='word_1_241' title='bbox 380 1843 674 1902; x_wconf 87' lang='lat' dir='ltr'>permanentis</span> <span class='ocrx_word' id='word_1_242' title='bbox 697 1858 843 1888; x_wconf 89' lang='lat' dir='ltr'>amore</span> <span class='ocrx_word' id='word_1_243' title='bbox 865 1843 1139 1899; x_wconf 84' lang='lat' dir='ltr'>solidabitur,</span> <span class='ocrx_word' id='word_1_244' title='bbox 1164 1855 1208 1889; x_wconf 91' lang='lat' dir='ltr'>et</span> <span class='ocrx_word' id='word_1_245' title='bbox 1232 1847 1378 1903; x_wconf 82' lang='lat' dir='ltr'>stabit,</span> <span class='ocrx_word' id='word_1_246' title='bbox 1404 1859 1448 1894; x_wconf 86' lang='lat' dir='ltr'>et</span> 
     </span>
     <span class='ocr_line' id='line_1_32' title="bbox 56 1913 1447 1972; baseline 0.003 -13"><span class='ocrx_word' id='word_1_247' title='bbox 56 1913 277 1959; x_wconf 88' lang='lat' dir='ltr'>obtinebit</span> <span class='ocrx_word' id='word_1_248' title='bbox 310 1913 454 1971; x_wconf 82' lang='lat' dir='ltr'>ipsum</span> <span class='ocrx_word' id='word_1_249' title='bbox 486 1927 603 1967; x_wconf 82' lang='lat' dir='ltr'>esse,</span> <span class='ocrx_word' id='word_1_250' title='bbox 644 1916 765 1972; x_wconf 85' lang='lat' dir='ltr'>quod</span> <span class='ocrx_word' id='word_1_251' title='bbox 801 1913 977 1958; x_wconf 90' lang='lat' dir='ltr'>volebat</span> <span class='ocrx_word' id='word_1_252' title='bbox 1008 1930 1109 1958; x_wconf 91' lang='lat' dir='ltr'>cum</span> <span class='ocrx_word' id='word_1_253' title='bbox 1144 1916 1326 1961; x_wconf 88' lang='lat' dir='ltr'>timebat</span> <span class='ocrx_word' id='word_1_254' title='bbox 1357 1934 1447 1963; x_wconf 84' lang='lat' dir='ltr'>non.</span> 
     </span>
     <span class='ocr_line' id='line_1_33' title="bbox 56 1983 1447 2044; baseline 0.004 -16"><span class='ocrx_word' id='word_1_255' title='bbox 56 1999 162 2038; x_wconf 86' lang='lat' dir='ltr'>esse,</span> <span class='ocrx_word' id='word_1_256' title='bbox 191 1992 234 2027; x_wconf 84' lang='lat' dir='ltr'>et</span> <span class='ocrx_word' id='word_1_257' title='bbox 255 1992 366 2027; x_wconf 85' lang='lat' dir='ltr'>stare</span> <span class='ocrx_word' id='word_1_258' title='bbox 382 1997 472 2027; x_wconf 91' lang='lat' dir='ltr'>non</span> <span class='ocrx_word' id='word_1_259' title='bbox 487 1991 657 2042; x_wconf 87' lang='lat' dir='ltr'>poterat</span> <span class='ocrx_word' id='word_1_260' title='bbox 677 1983 867 2027; x_wconf 87' lang='lat' dir='ltr'>irretitus</span> <span class='ocrx_word' id='word_1_261' title='bbox 885 1999 1030 2028; x_wconf 89' lang='lat' dir='ltr'>amore</span> <span class='ocrx_word' id='word_1_262' title='bbox 1044 1984 1322 2044; x_wconf 82' lang='lat' dir='ltr'>fugientium.</span> <span class='ocrx_word' id='word_1_263' title='bbox 1349 1991 1447 2034; x_wconf 90' lang='lat' dir='ltr'>Non</span> 
     </span>
     <span class='ocr_line' id='line_1_34' title="bbox 57 2052 1449 2116; baseline 0.005 -18"><span class='ocrx_word' id='word_1_264' title='bbox 57 2054 191 2113; x_wconf 85' lang='lat' dir='ltr'>igitur</span> <span class='ocrx_word' id='word_1_265' title='bbox 214 2053 294 2098; x_wconf 88' lang='lat' dir='ltr'>tibi</span> <span class='ocrx_word' id='word_1_266' title='bbox 316 2052 560 2112; x_wconf 86' lang='lat' dir='ltr'>displiceat,</span> <span class='ocrx_word' id='word_1_267' title='bbox 585 2054 673 2098; x_wconf 90' lang='lat' dir='ltr'>imo</span> <span class='ocrx_word' id='word_1_268' title='bbox 690 2055 874 2099; x_wconf 80' lang='lat' dir='ltr'>maxime</span> <span class='ocrx_word' id='word_1_269' title='bbox 889 2054 1075 2114; x_wconf 72' lang='lat' dir='ltr'>placeat,</span> <span class='ocrx_word' id='word_1_270' title='bbox 1101 2072 1190 2116; x_wconf 89' lang='lat' dir='ltr'>quo</span> <span class='ocrx_word' id='word_1_271' title='bbox 1208 2058 1343 2103; x_wconf 83' lang='lat' dir='ltr'>mavis</span> <span class='ocrx_word' id='word_1_272' title='bbox 1360 2074 1449 2105; x_wconf 88' lang='lat' dir='ltr'>esse</span> 
     </span>
     <span class='ocr_line' id='line_1_35' title="bbox 59 2123 1444 2187; baseline 0.004 -18"><span class='ocrx_word' id='word_1_273' title='bbox 59 2124 128 2170; x_wconf 88' lang='lat' dir='ltr'>vel</span> <span class='ocrx_word' id='word_1_274' title='bbox 150 2123 277 2168; x_wconf 80' lang='lat' dir='ltr'>miser</span> <span class='ocrx_word' id='word_1_275' title='bbox 296 2159 306 2179; x_wconf 88' lang='lat'>,</span> <span class='ocrx_word' id='word_1_276' title='bbox 333 2138 465 2183; x_wconf 87' lang='lat' dir='ltr'>quam</span> <span class='ocrx_word' id='word_1_277' title='bbox 489 2132 717 2182; x_wconf 79' lang='lat' dir='ltr'>propterea</span> <span class='ocrx_word' id='word_1_278' title='bbox 731 2126 859 2169; x_wconf 87' lang='lat' dir='ltr'>miser</span> <span class='ocrx_word' id='word_1_279' title='bbox 876 2141 965 2170; x_wconf 91' lang='lat' dir='ltr'>non</span> <span class='ocrx_word' id='word_1_280' title='bbox 982 2141 1088 2182; x_wconf 78' lang='lat' dir='ltr'>esse,</span> <span class='ocrx_word' id='word_1_281' title='bbox 1108 2128 1211 2187; x_wconf 87' lang='lat' dir='ltr'>quia</span> <span class='ocrx_word' id='word_1_282' title='bbox 1225 2128 1335 2172; x_wconf 87' lang='lat' dir='ltr'>nihil</span> <span class='ocrx_word' id='word_1_283' title='bbox 1348 2130 1444 2175; x_wconf 87' lang='lat' dir='ltr'>eris.</span> 
     </span>
     <span class='ocr_line' id='line_1_36' title="bbox 58 2193 1446 2259; baseline 0.004 -19"><span class='ocrx_word' id='word_1_284' title='bbox 58 2195 172 2240; x_wconf 89' lang='lat' dir='ltr'>Huic</span> <span class='ocrx_word' id='word_1_285' title='bbox 194 2195 311 2239; x_wconf 87' lang='lat' dir='ltr'>enim</span> <span class='ocrx_word' id='word_1_286' title='bbox 332 2193 508 2238; x_wconf 77' lang='lat' dir='ltr'>exordio</span> <span class='ocrx_word' id='word_1_287' title='bbox 530 2209 618 2254; x_wconf 84' lang='lat' dir='ltr'>quo</span> <span class='ocrx_word' id='word_1_288' title='bbox 641 2209 731 2238; x_wconf 90' lang='lat' dir='ltr'>esse</span> <span class='ocrx_word' id='word_1_289' title='bbox 752 2195 815 2238; x_wconf 90' lang='lat' dir='ltr'>vis</span> <span class='ocrx_word' id='word_1_290' title='bbox 832 2229 842 2247; x_wconf 86' lang='lat'><strong>‚</strong></span> <span class='ocrx_word' id='word_1_291' title='bbox 874 2196 907 2239; x_wconf 89' lang='lat' dir='ltr'>si</span> <span class='ocrx_word' id='word_1_292' title='bbox 930 2196 1102 2256; x_wconf 85' lang='lat' dir='ltr'>adjicias</span> <span class='ocrx_word' id='word_1_293' title='bbox 1123 2200 1258 2258; x_wconf 81' lang='lat' dir='ltr'>magis</span> <span class='ocrx_word' id='word_1_294' title='bbox 1286 2202 1446 2259; x_wconf 85' lang='lat' dir='ltr'>magis-</span> 
     </span>
     <span class='ocr_line' id='line_1_37' title="bbox 59 2264 1446 2331; baseline 0.005 -22"><span class='ocrx_word' id='word_1_295' title='bbox 59 2281 144 2326; x_wconf 88' lang='lat' dir='ltr'>que</span> <span class='ocrx_word' id='word_1_296' title='bbox 161 2280 251 2309; x_wconf 92' lang='lat' dir='ltr'>esse</span> <span class='ocrx_word' id='word_1_297' title='bbox 269 2300 280 2320; x_wconf 91' lang='lat'>,</span> <span class='ocrx_word' id='word_1_298' title='bbox 302 2264 525 2323; x_wconf 82' lang='lat' dir='ltr'>consurgis</span> <span class='ocrx_word' id='word_1_299' title='bbox 540 2273 672 2324; x_wconf 87' lang='lat' dir='ltr'>atque</span> <span class='ocrx_word' id='word_1_300' title='bbox 689 2266 898 2309; x_wconf 81' lang='lat' dir='ltr'>extrueris</span> <span class='ocrx_word' id='word_1_301' title='bbox 916 2266 961 2309; x_wconf 92' lang='lat' dir='ltr'>in</span> <span class='ocrx_word' id='word_1_302' title='bbox 978 2266 1023 2311; x_wconf 84' lang='lat' dir='ltr'>id</span> <span class='ocrx_word' id='word_1_303' title='bbox 1040 2268 1159 2328; x_wconf 91' lang='lat' dir='ltr'>quod</span> <span class='ocrx_word' id='word_1_304' title='bbox 1177 2285 1344 2315; x_wconf 89' lang='lat' dir='ltr'>summe</span> <span class='ocrx_word' id='word_1_305' title='bbox 1359 2282 1446 2331; x_wconf 78' lang='lat' dir='ltr'>est3</span> 
     </span>
     <span class='ocr_line' id='line_1_38' title="bbox 60 2334 1447 2397; baseline 0.006 -17"><span class='ocrx_word' id='word_1_306' title='bbox 60 2345 190 2395; x_wconf 85' lang='lat' dir='ltr'>atque</span> <span class='ocrx_word' id='word_1_307' title='bbox 212 2336 271 2378; x_wconf 78' lang='lat' dir='ltr'>ita</span> <span class='ocrx_word' id='word_1_308' title='bbox 303 2344 344 2378; x_wconf 91' lang='lat' dir='ltr'>te</span> <span class='ocrx_word' id='word_1_309' title='bbox 367 2336 421 2378; x_wconf 89' lang='lat' dir='ltr'>ab</span> <span class='ocrx_word' id='word_1_310' title='bbox 452 2335 570 2379; x_wconf 89' lang='lat' dir='ltr'>omni</span> <span class='ocrx_word' id='word_1_311' title='bbox 599 2334 698 2380; x_wconf 88' lang='lat' dir='ltr'>labe</span> <span class='ocrx_word' id='word_1_312' title='bbox 727 2336 971 2392; x_wconf 79' lang='lat' dir='ltr'>cohibebis,</span> <span class='ocrx_word' id='word_1_313' title='bbox 999 2354 1084 2397; x_wconf 84' lang='lat' dir='ltr'>qua</span> <span class='ocrx_word' id='word_1_314' title='bbox 1109 2340 1260 2384; x_wconf 79' lang='lat' dir='ltr'>transit</span> <span class='ocrx_word' id='word_1_315' title='bbox 1283 2351 1331 2385; x_wconf 87' lang='lat' dir='ltr'>ut</span> <span class='ocrx_word' id='word_1_316' title='bbox 1358 2359 1447 2388; x_wconf 91' lang='lat' dir='ltr'>non</span> 
     </span>
     <span class='ocr_line' id='line_1_39' title="bbox 60 2406 1447 2467; baseline 0.004 -15"><span class='ocrx_word' id='word_1_317' title='bbox 60 2408 114 2452; x_wconf 89' lang='lat' dir='ltr'>sit</span> <span class='ocrx_word' id='word_1_318' title='bbox 134 2406 254 2467; x_wconf 80' lang='lat' dir='ltr'>quod</span> <span class='ocrx_word' id='word_1_319' title='bbox 276 2407 423 2449; x_wconf 77' lang='lat' dir='ltr'>infime</span> <span class='ocrx_word' id='word_1_320' title='bbox 446 2416 508 2450; x_wconf 85' lang='lat' dir='ltr'>est</span> <span class='ocrx_word' id='word_1_321' title='bbox 523 2441 534 2461; x_wconf 91' lang='lat'>‚</span> <span class='ocrx_word' id='word_1_322' title='bbox 560 2415 602 2450; x_wconf 82' lang='lat' dir='ltr'>et</span> <span class='ocrx_word' id='word_1_323' title='bbox 625 2422 771 2450; x_wconf 83' lang='lat' dir='ltr'>secum</span> <span class='ocrx_word' id='word_1_324' title='bbox 794 2409 975 2452; x_wconf 73' lang='lat' dir='ltr'>amantis</span> <span class='ocrx_word' id='word_1_325' title='bbox 992 2409 1101 2453; x_wconf 88' lang='lat' dir='ltr'>vires</span> <span class='ocrx_word' id='word_1_326' title='bbox 1123 2411 1309 2456; x_wconf 63' lang='lat' dir='ltr'>subruit,</span> <span class='ocrx_word' id='word_1_327' title='bbox 1335 2415 1447 2459; x_wconf 86' lang='lat' dir='ltr'>Hinc</span> 
     </span>
    </p>
   </div>
   <div class='ocr_carea' id='block_1_8' title="bbox 62 2476 1447 2592">
    <p class='ocr_par' dir='ltr' id='par_1_9' title="bbox 62 2476 1447 2592">
     <span class='ocr_line' id='line_1_40' title="bbox 62 2476 1447 2540; baseline 0.005 -18"><span class='ocrx_word' id='word_1_328' title='bbox 62 2478 137 2523; x_wconf 89' lang='lat' dir='ltr'>fiet</span> <span class='ocrx_word' id='word_1_329' title='bbox 159 2487 209 2522; x_wconf 92' lang='lat' dir='ltr'>ut</span> <span class='ocrx_word' id='word_1_330' title='bbox 241 2477 317 2537; x_wconf 83' lang='lat' dir='ltr'>qui</span> <span class='ocrx_word' id='word_1_331' title='bbox 348 2476 516 2521; x_wconf 82' lang='lat' dir='ltr'>mavult</span> <span class='ocrx_word' id='word_1_332' title='bbox 545 2492 634 2521; x_wconf 87' lang='lat' dir='ltr'>non</span> <span class='ocrx_word' id='word_1_333' title='bbox 657 2492 822 2522; x_wconf 86' lang='lat' dir='ltr'>essene</span> <span class='ocrx_word' id='word_1_334' title='bbox 846 2479 973 2523; x_wconf 88' lang='lat' dir='ltr'>miser</span> <span class='ocrx_word' id='word_1_335' title='bbox 1003 2479 1077 2535; x_wconf 86' lang='lat' dir='ltr'>sit,</span> <span class='ocrx_word' id='word_1_336' title='bbox 1110 2481 1211 2540; x_wconf 86' lang='lat' dir='ltr'>quia</span> <span class='ocrx_word' id='word_1_337' title='bbox 1238 2499 1327 2528; x_wconf 88' lang='lat' dir='ltr'>non</span> <span class='ocrx_word' id='word_1_338' title='bbox 1358 2499 1447 2529; x_wconf 83' lang='lat' dir='ltr'>esse</span> 
     </span>
     <span class='ocr_line' id='line_1_41' title="bbox 251 2553 1261 2592; baseline 0.004 -4"><span class='ocrx_word' id='word_1_339' title='bbox 251 2559 439 2589; x_wconf 78' lang='lat' dir='ltr'>cxxxiv.</span> <span class='ocrx_word' id='word_1_340' title='bbox 1209 2553 1261 2592; x_wconf 61' lang='lat'>24</span> 
     </span>
    </p>
   </div>
  </div>
 </body>
</html>
