1729 3143
400 215 455 242 DE
485 214 636 243 ummo
667 212 880 253 Arima-mo,
915 216 996 243 Lm.
1033 217 1098 243 111.
1358 208 1438 246 387

28 335 29 338 Ἰ
124 280 288 324 XLIII.
313 280 364 323 In
386 278 435 323 iis
452 279 583 337 igitur
603 279 730 323 rebus
746 295 845 338 quae
865 278 962 324 ideo
984 278 1213 334 deficiunt,
1233 281 1335 340 quia
1355 297 1444 326 non

0 357 1 370 ¹
28 355 31 410 J
66 348 180 394 ultra
195 365 282 394 esse
302 360 562 409 acceperunt
580 385 592 405 ‚
617 358 666 394 ut
683 350 769 394 suis
787 351 1054 408 temporibus
1074 352 1219 397 omnia
1237 367 1446 412 peragan-

66 427 140 463 tur
157 455 168 474 ‚
193 435 323 465 nemo
346 421 566 465 defectum
595 429 711 465 recte
742 421 959 479 vituperat
982 442 993 478 3
1031 423 1133 482 quia
1155 439 1284 468 nemo
1305 434 1448 483 potest

0 507 2 519 ι
26 521 27 525 =
65 489 208 534 dicere
234 510 242 535 :
268 491 427 535 Debuit
448 505 700 550 permanere
719 524 730 545 ‚
762 505 862 534 cum
885 500 1082 550 acceptas
1111 503 1244 538 metas
1267 495 1449 540 transire

0 573 1 577 ’
22 571 27 620 j
64 575 152 605 non
176 570 330 619 posset.
361 565 413 616 In
436 561 642 606 creaturis
669 569 813 604 autem
836 561 1119 607 rationalibus
1136 599 1147 618 ‚
1178 566 1337 623 quibus
1361 567 1450 612 sive

0 657 1 660 =
23 630 26 665 ’ἓ
63 631 344 689 peccantibus
362 631 451 675 sive
469 647 558 676 non
576 630 855 689 peccantibus
869 665 880 685 ‚
901 632 1151 678 universalis
1169 634 1449 693 pulchritudo

21 702 26 736 ἵ
64 699 203 746 modis
234 702 630 760 congruentissimis
671 702 930 746 terminatur
948 737 960 758 ,
1007 712 1082 747 aut
1118 705 1239 750 nulla
1275 717 1452 766 peccata

19 765 26 815 5⁴
64 781 181 828 sunt,
206 773 327 832 quod
340 771 697 817 absurdissimum
717 781 782 817 est
797 772 963 830 dicere3
989 784 1138 832 peccat
1149 778 1263 821 enim
1279 778 1451 836 saltem,

18 834 25 882 i
63 843 141 902 qui
161 843 230 888 vel
251 844 432 888 damnat
454 844 578 904 quasi
605 853 781 903 peccata
797 879 808 898 ‚
834 861 933 905 quae
955 845 1075 891 nulla
1097 857 1199 892 sunt
1229 867 1237 893 :
1264 858 1339 894 aut
1361 866 1453 895 non

23 912 25 954 Ϊ
62 924 166 959 sunt
191 915 476 975 vituperanda
498 926 674 974 peccata
695 950 708 969 ‚
738 917 858 974 quod
891 917 1175 962 nihilominus
1213 919 1454 966 absurdum

16 1004 23 1023 ι
62 993 127 1028 est
147 1005 158 1040 3
182 985 389 1044 incipient
407 986 570 1044 quippe
590 1000 671 1029 nec
694 994 810 1030 recte
832 985 941 1030 facta
962 986 1130 1031 laudari
1147 1024 1157 1043 ‚
1180 998 1224 1034 et
1241 999 1330 1035 tota
1354 1002 1451 1036 tur-

16 1074 23 1105 a>
61 1053 238 1098 habitur
269 1055 473 1098 humanae
503 1056 659 1099 mentis
694 1055 879 1100 intentio
901 1093 912 1112 ‚
948 1058 1169 1119 vitamque
1197 1061 1450 1109 subvertet:

14 1143 15 1146 ¹
62 1133 137 1169 aut
157 1124 477 1183 vituperabitur
499 1124 664 1170 factum
681 1161 692 1180 ‚
718 1127 840 1186 quod
863 1128 919 1171 ita
944 1128 1109 1173 factum
1133 1140 1196 1175 est
1212 1141 1261 1176 ut
1279 1132 1450 1190 debuit,

15 1225 22 1247 ·.
61 1204 105 1240 et
125 1194 376 1240 execrabilis
398 1195 562 1239 insania
582 1230 593 1250 ,
618 1195 687 1239 vel
714 1206 764 1240 ut
787 1198 932 1241 mitius
952 1199 1133 1259 loquar,
1159 1218 1277 1246 error
1301 1205 1454 1248 miser-

20 1276 21 1281 ’
61 1266 196 1310 rimus
216 1266 380 1310 orietur
404 1284 413 1310 z
438 1274 514 1309 aut
538 1265 570 1309 si
602 1265 718 1323 cogit
741 1268 957 1312 verissima
981 1271 1091 1313 ratio
1111 1305 1122 1324 ‚
1154 1272 1280 1315 sicuti
1304 1276 1451 1332 cogit,

12 1358 17 1371 ·
60 1346 111 1382 ut
143 1348 187 1381 et
212 1337 514 1395 vituperentur
539 1345 740 1394 peccata,
767 1345 812 1380 et
834 1337 1053 1398 quidquid
1080 1350 1195 1385 recte
1229 1343 1455 1403 vitupera-

59 1416 159 1461 tur,
182 1407 282 1455 ideo
314 1407 587 1466 vituperetur
609 1405 711 1465 quia
740 1421 830 1450 non
864 1416 928 1450 est
964 1409 1024 1452 ita
1061 1419 1108 1453 ut
1140 1427 1230 1456 esse
1261 1412 1448 1470 debuitg

59 1492 207 1538 quaere
235 1476 342 1538 quid
379 1476 539 1521 debeat
570 1485 725 1520 natura
757 1478 1001 1535 peccatrix,
1032 1489 1076 1524 et
1108 1481 1299 1528 invenies
1334 1497 1452 1532 recte

8 1552 15 1598 ἓ
58 1546 250 1604 factum,
275 1563 422 1608 quaere
453 1548 525 1591 cui
562 1546 746 1600 debeat,
781 1556 826 1591 et
862 1547 1056 1593 invenies
1094 1553 1248 1597 Deum.
1290 1559 1327 1600 A
1361 1574 1451 1617 quo

7 1663 12 1672 ,
58 1620 175 1664 enim
203 1619 369 1679 accepit
391 1633 514 1677 posse
542 1626 657 1661 recte
680 1615 821 1660 facere
850 1632 952 1662 cum
974 1618 1104 1675 velit,
1132 1622 1186 1666 ab
1208 1639 1260 1668 eo
1281 1629 1449 1688 accepit

55 1700 107 1735 ut
124 1691 179 1734 sit
199 1691 329 1734 etiam
352 1689 507 1733 misera
528 1688 563 1732 si
582 1703 671 1732 non
690 1686 840 1732 fecerit
854 1723 865 1743 ‚
891 1698 934 1733 et
957 1690 1081 1736 beata
1101 1693 1135 1736 si
1158 1692 1324 1742 fecerit.

10 1815 13 1818 .
115 1762 272 1804 XLIV.
306 1759 415 1813 Quia
453 1759 571 1803 enim
605 1773 734 1802 nemo
771 1769 947 1817 superat
985 1759 1100 1818 leges
1136 1766 1447 1825 omnipotentis

8 1826 13 1829 ’
57 1830 298 1884 Creatoris‚
334 1845 424 1875 non
450 1829 604 1873 sinitur
631 1829 774 1873 anima
798 1844 886 1873 non
909 1829 1092 1876 reddere
1114 1833 1328 1883 debitum.
1355 1843 1446 1886 Aut

57 1901 173 1945 enim
196 1900 340 1945 reddit
362 1901 474 1945 bene
494 1899 659 1944 utendo
689 1899 810 1960 quod
833 1901 1024 1960 accepit,
1057 1914 1132 1948 aut
1154 1906 1296 1952 reddit
1318 1912 1445 1955 amit-

3 1967 7 1972 ’
57 1971 192 2017 tendo
220 1987 308 2031 quo
326 1971 438 2014 bene
459 1971 525 2014 uti
546 1970 702 2014 noluit.
735 1974 887 2031 Itaque
909 1972 943 2015 si
964 1988 1054 2018 non
1076 1975 1219 2022 reddit
1243 1978 1443 2028 faciendo

52 2042 263 2103 justitiam
283 2076 295 2095 ‚
332 2040 486 2085 reddet
519 2039 726 2100 patiendo
754 2041 968 2086 miseriam
997 2063 1007 2090 :
1039 2047 1140 2105 quia
1171 2047 1217 2091 in
1254 2059 1443 2111 utroque

56 2114 242 2160 verbum
263 2112 374 2158 illud
394 2111 533 2156 debiti
565 2120 704 2155 sonat.
746 2115 840 2157 Hoc
878 2114 995 2159 enim
1027 2117 1156 2161 etiam
1190 2120 1322 2166 modo
1357 2124 1442 2169 dici

56 2187 202 2246 potuit
221 2183 343 2246 quod
361 2183 528 2228 dictum
550 2191 613 2226 est
634 2201 643 2227 :
671 2183 713 2226 Si
733 2198 821 2227 non
842 2184 984 2229 reddit
1005 2185 1205 2233 faciendo
1227 2192 1344 2250 quod
1364 2195 1442 2239 de·-

5 2244 10 2262 ⁶
57 2258 134 2303 bct
152 2292 164 2312 ‚
195 2257 350 2301 reddet
372 2253 578 2314 patiendo
600 2253 719 2313 quod
741 2253 887 2298 debet.
914 2255 1044 2302 Nullo
1066 2268 1208 2304 autem
1234 2266 1441 2324 temporis

3 2335 9 2363 ·'
57 2329 288 2375 intervallo
312 2327 391 2371 ista
414 2326 672 2372 dividuntur
689 2360 700 2381 ,
727 2334 776 2370 ut
797 2327 918 2386 quasi
941 2326 1026 2373 alio
1048 2338 1243 2390 tempore
1263 2350 1352 2380 non
1369 2337 1439 2382 fa-

57 2401 140 2445 ciat
175 2397 296 2460 quod
337 2397 494 2452 debet,
528 2406 571 2441 et
607 2396 690 2440 alio
724 2397 912 2455 patiatur
942 2399 1062 2458 quod
1094 2400 1254 2458 debet,
1295 2421 1349 2450 ne
1371 2409 1437 2453 vel

7 2501 8 2505 ,
58 2480 222 2531 puncto
254 2467 458 2527 temporis
480 2466 731 2518 universalis
760 2467 1040 2525 pulchritudo
1062 2480 1289 2531 turpetur,
1316 2486 1364 2522 ut
1385 2479 1440 2524 sit

60 2540 107 2585 in
127 2555 176 2585 ea
198 2538 363 2600 peccati
384 2537 572 2582 dedecus
594 2537 684 2582 sine
707 2537 861 2582 decore
884 2539 1101 2584 vindictae.
1131 2542 1216 2587 Sed
1242 2544 1287 2588 in
1317 2545 1436 2592 futu-

1185 2613 1249 2652 25.
