1729 3143
50 272 150 376 s.
221 268 552 371 ΑΗΒ.
613 260 1420 391 AUGUSTINI

316 491 780 532 HIPPONENSIS
825 490 1151 528 EPISCOPI

188 665 327 740 DE
403 661 860 759 QUARTA
922 656 1280 750 ΡΕΒΙΑ,

705 861 778 881 SIVE

384 1005 444 1038 DE
469 1006 685 1040 CULTURA
708 1006 821 1039 AGRI
849 1004 1084 1039 DOMINICI.

54 1157 1436 1190 ffiffiffiffiffiffiffifflffffiffifflffiffiffiffffiffiffiffifflffiffiffiffiffiffiffiffiffiffiffiffiffi

593 1299 823 1345 SERMO
838 1300 851 1322 ¹
861 1330 872 1341 .

105 1479 141 1519 I.
167 1477 369 1520 Corn-:sn
393 1475 541 1533 gratiae
565 1483 606 1517 et
640 1473 819 1532 spiritali
848 1472 1007 1531 pluviae
1036 1470 1347 1531 praeparandus
1369 1480 1432 1517 est

44 1560 146 1602 ager
165 1544 369 1588 Ecclesiae
384 1579 394 1598 ‚
420 1545 521 1603 quia
543 1543 682 1586 imber
703 1542 874 1586 divinus
892 1543 935 1585 in
955 1543 1150 1601 proximo
1173 1550 1250 1585 est.
1272 1542 1432 1600 Opere·

43 1629 142 1656 mur
160 1649 170 1666 ‚
197 1613 486 1667 dilectissimi,
517 1613 561 1655 in
595 1613 676 1655 isto
698 1627 801 1669 agro
823 1612 943 1671 quod
965 1612 1088 1656 nobis
1114 1611 1328 1654 creditum
1350 1620 1427 1655 est.

42 1685 176 1728 Nobis
197 1685 311 1727 enim
335 1682 487 1726 datum
511 1692 573 1726 est
590 1717 600 1737 ,
635 1681 834 1740 plantare
850 1717 861 1736 ,
898 1682 1036 1740 rigare
1052 1717 1062 1736 ‚
1101 1697 1220 1725 arare
1235 1717 1245 1736 ‚
1277 1682 1431 1726 novel-

42 1752 132 1797 lare
154 1773 162 1798 :
188 1755 263 1798 sed
291 1753 368 1797 Dei
397 1762 460 1797 est
478 1788 488 1807 ,
519 1753 837 1796 incrementum
860 1751 978 1795 dare.
1005 1751 1239 1811 Apostolus
1272 1751 1432 1796 Paulus

42 1823 195 1868 doctor
218 1823 413 1881 gentium
440 1823 486 1865 in
516 1823 603 1866 fide
625 1832 669 1866 et
696 1824 905 1878 veritate,
933 1838 1010 1882 per
1032 1838 1075 1866 se
1096 1823 1237 1882 ipsum
1261 1832 1304 1866 et
1327 1838 1430 1879 ope-

42 1894 179 1938 rando
207 1903 250 1937 et
269 1893 490 1938 monendo
518 1895 632 1938 hanc
660 1909 737 1938 nos
769 1893 917 1937 docuit
944 1894 1207 1938 dominicam
1235 1909 1431 1938 exercere

42 1965 256 2009 culturam
276 2000 287 2019 ,
312 1964 460 2008 dicens
494 1983 502 2008 ε
540 1984 560 2006 «
587 1968 678 2022 Ego
710 1964 928 2024 plantavi,
965 1964 1122 2025 Apollo
1148 1965 1330 2023 rigavit,
1356 1965 1430 2008 sed

47 2053 66 2075 »
92 2037 206 2077 Deus
228 2034 547 2079 incrementum
569 2034 705 2079 dedit.
737 2054 755 2076 »
782 2038 838 2079 Et
859 2035 990 2095 paulo
1012 2044 1111 2094 post
1132 2054 1140 2079 :
1171 2053 1190 2076 «
1216 2035 1293 2078 Dei
1315 2035 1430 2077 enim

46 2121 67 2144 »
92 2118 240 2147 sumus
270 2104 540 2162 cooperarii,
574 2105 652 2148 Dei
682 2104 972 2162 agricultura,
1002 2105 1081 2149 Dei
1108 2104 1338 2148 aedificatio
1366 2118 1432 2148 es-

47 2191 67 2214 »
92 2173 146 2216 tis
162 2176 194 2215 ².
223 2190 243 2213 »
268 2175 326 2216 Et
342 2171 447 2216 alibi
473 2192 482 2217 :
512 2191 533 2214 «
553 2175 863 2232 Cooperatores
885 2175 970 2218 mei
995 2184 1130 2219 estote
1146 2210 1157 2229 ‚
1182 2173 1334 2219 fratres
1352 2209 1363 2229 ‚
1390 2183 1432 2218 et

48 2261 69 2283 »
93 2242 307 2286 intendite
335 2258 407 2287 eos
439 2244 515 2303 qui
545 2243 603 2287 sic
633 2243 862 2288 ambulant
893 2245 1004 2289 sicut
1040 2245 1210 2289 habetis
1244 2245 1431 2289 formam

48 2329 68 2352 »
95 2320 288 2356 nostram
302 2312 333 2355 ³.
362 2330 382 2353 »
415 2315 468 2356 In
488 2312 567 2357 ista
589 2312 736 2372 itaque
754 2347 764 2367 ‚
790 2312 969 2369 fratres,
994 2313 1210 2359 dominica
1243 2313 1430 2372 agricul-

93 2409 102 2427 ¹
120 2407 295 2449 Sequentes
308 2409 489 2449 Sermones,
507 2407 548 2439 de
565 2409 697 2450 Quarta
719 2409 838 2447 Feria,
853 2407 894 2439 de
910 2409 1142 2454 Cataclysmo,
1159 2413 1194 2441 et
1210 2407 1251 2442 de
1266 2410 1430 2452 Tempore

46 2462 237 2501 barbarico,
263 2463 351 2495 dubii
378 2464 468 2498 nobis
492 2469 585 2503 sunt,
617 2468 649 2496 et
675 2464 823 2496 videntur
845 2464 1009 2497 subdititii.
1031 2481 1071 2488 —
1091 2472 1103 2487 ²
1126 2476 1137 2497 1
1159 2467 1234 2499 Cor.
1262 2476 1315 2506 111,
1333 2465 1368 2496 6.
1388 2482 1428 2489 —-

47 2515 61 2540 3
78 2517 193 2560 Philip.
208 2529 256 2560 ιιι,
277 2529 327 2560 ¹7-
