1729 3143
571 261 624 287 DE
656 259 824 296 θΕΝΕει,
860 259 943 287 Lm.
979 261 1008 286 1.
1399 247 1479 286 425

103 330 220 373 Dicta
243 337 306 372 est
324 343 435 388 aqua
452 362 462 381 ‚
486 327 587 387 quia
605 325 741 370 facilis
755 335 797 369 et
814 325 987 370 ductilis
1002 325 1251 385 subjacebat
1269 326 1479 384 operanti,

102 410 152 445 ut
173 399 228 445 de
249 400 321 444 illa
343 399 487 444 omnia
503 398 809 442 formarentur.
835 396 917 441 Sed
938 398 1018 441 sub
1038 397 1101 441 his
1125 396 1326 441 omnibus
1343 396 1483 440 nomi-

101 471 231 516 nibus
248 471 424 516 materia
446 478 536 515 erat
552 469 687 515 invisa
709 477 751 512 et
769 467 965 512 informis
982 503 994 523 ,
1018 469 1073 512 de
1093 485 1180 529 qua
1202 471 1316 513 Deus
1336 468 1482 513 condi·

101 540 167 585 dit
180 541 394 585 mundum
403 573 412 583 .
1435 541 1438 543 ’

157 613 284 655 XIII.
315 629 335 652 «
359 613 416 654 Et
434 609 542 655 dixit
564 613 678 654 Deus
695 627 704 654 :
722 608 818 653 Fiat
833 607 935 666 lux3
958 617 1001 652 et
1022 606 1134 653 facta
1153 618 1216 653 est
1232 608 1322 653 lux.
1343 625 1364 650 >›
1390 610 1483 653 Hoc

97 697 188 725 non
208 680 349 727 solent
367 679 683 740 reprehendere
699 679 956 734 Manichaei,
980 679 1056 723 sed
1071 679 1181 723 illud
1197 679 1318 740 quod
1335 680 1483 739 sequi-

97 761 204 797 tur:
234 754 335 796 «Et
366 751 476 796 vidit
511 755 625 795 Deus
656 751 800 796 lucem
839 752 940 812 quia
973 750 1087 795 bona
1121 759 1184 795 est
1204 753 1236 795 1.
1268 771 1285 793 »
1323 751 1484 795 Dicunt

96 821 214 866 enim
237 825 393 880 z'Ergo
424 837 514 866 non
548 832 728 867 noverat
752 825 865 867 Deus
888 821 1029 867 lucem
1049 856 1060 877 ,
1092 829 1168 866 aut
1193 837 1282 866 non
1304 828 1484 866 noverat

93 892 276 937 bonum.
301 893 446 937 Miseri
469 893 666 937 homines
683 928 693 943 ,
719 894 880 948 quibus
909 893 1108 945 displicet
1133 891 1255 946 quod
1280 895 1371 934 Deo
1388 891 1484 949 pla-

95 967 282 1004 cuerunt
312 973 441 1018 opera
469 973 545 1002 sua
564 993 574 1013 ‚
615 972 714 1001 eum
745 957 923 1001 videant
945 958 1076 1001 etiam
1096 956 1319 1001 hominem
1348 960 1485 1002 artifi-

96 1046 188 1076 cem
208 1065 220 1086 ‚
253 1030 372 1075 verbi
395 1030 529 1088 gratia
547 1064 558 1083 ³
584 1029 813 1088 lignarium
844 1027 1046 1084 fabrum,
1073 1028 1270 1089 quamvis
1293 1028 1338 1071 in
1362 1044 1484 1074 eom-

95 1102 319 1162 paratione
358 1101 579 1160 sapientiae
617 1108 658 1142 et
694 1099 898 1158 potentiae
941 1099 1015 1143 Dei
1064 1114 1176 1158 pene
1211 1099 1358 1142 nullus
1394 1100 1447 1143 sit
1470 1135 1481 1155 ,

95 1181 242 1217 tamen
265 1171 419 1214 tandiu
440 1170 608 1228 lignum
630 1169 796 1214 caedere
820 1178 950 1229 atque
972 1179 1153 1213 tractare
1176 1169 1366 1214 dolando
1382 1205 1393 1224 ,
1419 1185 1485 1215 as-

95 1242 255 1287 ciando
273 1277 284 1297 ‚
323 1241 546 1301 planando
562 1276 573 1296 ‚
610 1242 680 1285 vel
710 1242 925 1285 tornando
949 1250 1079 1301 atque
1103 1241 1331 1300 poliendo,
1371 1257 1484 1301 quo-

94 1327 233 1371 usque
263 1311 317 1356 ad
347 1312 448 1356 artis
486 1310 655 1369 regulas
676 1310 943 1369 perducatur
979 1321 1191 1371 quantum
1235 1320 1377 1370 potest
1393 1347 1403 1366 ‚
1443 1321 1485 1356 et
1541 1326 1544 1327 ⁷

95 1381 264 1443 placeat
298 1382 451 1425 artifici
486 1397 578 1426 suo.
606 1382 830 1441 Numquid
860 1398 963 1440 ergo
992 1383 1095 1442 quia
1127 1380 1269 1441 placet
1304 1383 1341 1425 ei
1365 1381 1485 1442 quod

96 1453 199 1498 fecit
216 1488 227 1507 ,
253 1451 352 1497 ideo
373 1468 463 1497 non
481 1462 662 1496 noverat
686 1453 885 1497 bonum?
907 1455 1086 1497 Prorsus
1109 1461 1287 1496 noverat
1307 1453 1424 1496 intus
1438 1453 1484 1496 in

96 1525 265 1579 animo,
290 1524 368 1567 ubi
387 1540 452 1567 ars
470 1524 560 1582 ipsa
578 1523 802 1583 pulchrior
821 1533 884 1567 est
901 1558 911 1578 ‚
939 1538 1070 1583 quam
1094 1523 1167 1567 illa
1191 1539 1290 1583 quae
1314 1532 1403 1567 arte
1420 1521 1486 1567 fa-

94 1595 333 1639 bricantur.
363 1594 447 1640 Sed
471 1594 592 1655 quod
609 1594 728 1639 videt
752 1594 907 1638 artifex
931 1597 1047 1639 intus
1064 1595 1109 1638 in
1133 1604 1223 1639 arte
1239 1630 1249 1649 ‚
1274 1595 1358 1639 hoc
1382 1595 1485 1639 foris

94 1665 251 1724 probat
285 1666 330 1709 in
363 1681 521 1724 opere,
546 1675 588 1710 et
616 1667 700 1710 hoe
722 1675 784 1709 est
807 1664 1048 1724 perfectum
1081 1664 1200 1726 quod
1230 1665 1384 1709 artifici
1407 1680 1485 1709 suo

26 1738 29 1739 ⁷
94 1735 249 1794 placet.
280 1753 297 1775 «
324 1734 444 1778 Vidit
466 1750 567 1792 ergo
593 1738 705 1779 Deus
725 1735 868 1779 lucem
894 1736 994 1796 quia
1021 1736 1136 1780 bona
1158 1745 1220 1780 est
1243 1756 1251 1780 z
1280 1757 1296 1777 »
1323 1736 1484 1795 quibus

93 1805 234 1850 verbis
258 1820 348 1849 non
369 1805 613 1849 ostenditur
635 1805 816 1850 eluxisse
837 1810 923 1851 Deo
947 1806 1169 1851 insolitum
1192 1806 1383 1862 bonum,
1409 1807 1484 1852 sed

93 1876 302 1935 placuisse
318 1875 576 1935 perfectum.

150 1949 271 1991 XIV.
311 1947 429 2000 Quid
457 1948 491 1990 si
524 1946 689 1991 dictum
721 1957 828 1992 esset
862 1968 870 1992 ε
902 1950 1083 1992 Miratus
1115 1958 1178 1992 est
1206 1952 1319 1993 Deus
1341 1949 1485 1993 lucem

92 2018 193 2079 quia
220 2018 334 2062 bona
359 2020 447 2063 est?
470 2028 686 2078 quantum
708 2019 973 2064 clamarent?
996 2029 1211 2080 quantum
1233 2019 1486 2079 litigarent?

93 2087 335 2132 Admiratio
353 2088 469 2132 enim
488 2104 635 2132 revera
653 2090 708 2132 de
729 2091 858 2134 rebus
880 2090 1108 2149 insperatis
1127 2091 1244 2135 nasci
1266 2090 1374 2136 solet
1394 2126 1405 2145 ‚
1441 2099 1484 2135 et

93 2168 239 2203 tamen
267 2159 421 2218 legunt
443 2159 537 2214 isti,
565 2168 608 2202 et
639 2158 820 2204 laudant
846 2161 1080 2205 Dominum
1110 2171 1307 2205 nostrum
1335 2164 1484 2205 Jesum

92 2231 312 2276 Christum
330 2231 375 2274 in
392 2230 629 2290 Evangelio
642 2231 901 2276 admiratum
920 2248 1008 2277 esse
1025 2234 1155 2277 fidem
1170 2233 1478 2278 credentium2.

93 2302 195 2355 Quis
217 2312 364 2346 autem
388 2302 434 2345 in
456 2301 539 2346 illis
562 2301 726 2347 fecerat
747 2303 883 2362 ipsam
907 2304 1034 2347 fidem
1050 2340 1061 2359 ,
1087 2305 1166 2349 nisi
1189 2305 1278 2364 ipse
1295 2303 1368 2361 qui
1387 2317 1481 2346 eam

93 2371 366 2415 mirabatur?
385 2372 513 2424 Quod
541 2373 575 2416 si
604 2382 645 2417 et
674 2372 781 2417 alius
813 2389 903 2418 eam
928 2374 1124 2430 fecisset,
1150 2385 1198 2416 ut
1220 2372 1327 2431 quid
1350 2372 1480 2416 mira-

95 2451 215 2486 retur
232 2442 307 2502 qui
331 2442 533 2501 praeseius
556 2445 674 2486 erat?
696 2442 738 2488 Si
760 2444 934 2489 solvunt
954 2442 1179 2490 Manichaei
1198 2443 1481 2502 quaestionem

94 2512 249 2569 istam,
280 2514 448 2559 videant
467 2514 569 2574 quia
592 2523 635 2559 et
651 2515 723 2559 illa
743 2515 850 2560 solvi
873 2522 1027 2574 potest.
1053 2514 1097 2560 Si
1120 2523 1267 2560 autem
1288 2529 1379 2560 non
1397 2513 1480 2559 sol-

145 2602 154 2618 1
176 2597 256 2628 Gen.
276 2607 298 2639 ι,
318 2597 401 2639 4.-
415 2605 427 2621 ²
446 2598 566 2632 Matth.
587 2609 654 2641 vm,
679 2609 726 2633 ιο.
