1729 3143
242 190 326 231 324
680 197 714 227 S·
750 196 981 224 AUGUSTlul
1013 198 1194 226 Erlscom

241 277 287 313 ut
308 274 406 325 post
422 277 557 307 unum
574 296 585 316 ‚
610 261 762 316 idest,
784 270 878 320 post
893 262 1083 321 primum
1100 263 1297 307 omnium
1311 278 1611 322 numerorum,

235 339 327 397 ipso
350 342 527 392 excepto
548 332 711 390 primus
732 333 786 376 sit
803 332 879 391 qui
901 332 1085 391 duplum
1104 334 1195 392 ejus
1208 334 1367 391 habet3
1390 335 1476 380 duo
1497 337 1613 381 enim

234 413 490 466 sequuntur.
519 406 620 447 Post
640 402 881 448 secundum
899 413 1043 447 autem
1059 438 1071 459 ,
1096 403 1142 447 id
1164 413 1228 448 est
1243 439 1254 459 ‚
1275 414 1371 462 post
1388 404 1499 461 duo,
1519 407 1612 466 ipso

232 484 409 534 excepto
440 474 657 518 secundus
694 474 748 517 sit
779 474 855 533 qui
880 472 1064 532 duplum
1098 474 1187 533 ejus
1210 473 1345 518 habet
1372 493 1382 520 ε
1406 484 1506 534 post
1524 475 1613 521 duo

229 547 344 592 enim
362 545 526 605 primus
549 553 613 589 est
631 544 842 588 ternarius
865 544 1080 588 secundus
1098 545 1400 604 quaternarius
1416 580 1426 600 ‚
1452 545 1613 605 duplus

228 615 424 662 secundi.
448 618 550 659 Post
562 615 754 669 tertium,
779 614 825 657 id
843 624 921 669 est,
942 615 1196 669 ternarium,
1220 616 1314 674 ipso
1333 625 1513 674 excepto
1526 625 1614 660 ter-

228 690 312 733 tius
346 687 400 732 sit
429 687 503 747 qui
537 685 698 745 duplus
724 694 787 729 est
814 686 905 745 ejus
931 704 939 729 :
968 694 1063 744 post
1082 686 1258 730 tertium
1281 686 1395 730 enim
1413 721 1425 741 ‚
1449 685 1495 730 id
1517 695 1580 731 est
1597 721 1608 742 ‚

229 768 324 819 post
345 757 582 802 ternarium
606 757 770 816 primus
790 764 853 800 est
867 756 1168 815 quaternarius
1187 791 1198 811 ‚
1224 755 1440 801 secundus
1457 757 1612 816 quina-

223 831 344 885 rius,
385 828 536 872 tertius
570 827 761 872 senarius
782 861 792 881 ,
831 826 909 885 qui
930 825 1090 884 duplus
1122 835 1186 870 est
1219 827 1348 870 tertii.
1386 830 1530 887 Atque
1552 828 1612 872 ita

223 909 322 960 post
340 907 543 960 quartum
566 933 576 953 ‚
603 898 696 956 ipso
719 905 897 954 excepto
920 904 1100 954 quartus
1121 894 1255 939 habet
1273 895 1459 955 duplum
1481 897 1572 956 ejus
1598 916 1607 942 :

220 981 319 1031 post
353 976 560 1028 quartum
595 968 710 1006 enim
732 996 742 1016 ,
776 965 821 1004 id
843 975 933 1016 est,
967 967 1324 1021 quaternarium,
1361 968 1526 1020 primus
1548 976 1612 1012 est

219 1039 470 1102 quina1·iuS‚
496 1032 714 1079 secundus
730 1031 922 1075 senarius
941 1066 951 1085 ‚
978 1032 1130 1075 tertius
1157 1032 1424 1090 septenarius
1439 1066 1451 1087 ,
1475 1049 1609 1092 quar-

221 1122 291 1155 tus
315 1106 562 1154 octonarius
581 1140 590 1160 ‚
616 1105 691 1163 qui
714 1101 875 1162 duplex
897 1111 960 1146 est
981 1103 1140 1162 quarti.
1168 1106 1312 1162 Atque
1333 1103 1391 1146 ita
1414 1119 1490 1162 per
1514 1120 1610 1149 om-

220 1197 296 1226 nes
318 1189 496 1224 caeteros
520 1175 704 1234 reperies
727 1175 810 1217 hoe
837 1173 958 1232 quod
991 1174 1035 1216 in
1062 1174 1198 1231 prima
1220 1173 1377 1230 copula
1401 1190 1608 1219 numero-

217 1266 342 1305 rum,
384 1247 429 1292 id
461 1256 548 1300 est,
584 1260 672 1288 uno
694 1253 736 1286 et
765 1244 939 1286 duobus
972 1242 1199 1286 inventum
1233 1251 1331 1295 est,
1366 1251 1415 1286 ut
1446 1253 1606 1302 quotus

217 1323 402 1382 quisque
425 1330 632 1361 numerus
655 1323 718 1358 est
740 1313 795 1356 ab
816 1313 908 1369 ip‘so
938 1310 1151 1369 prinssipio
1166 1345 1177 1364 ‚
1215 1319 1330 1355 totus
1353 1322 1449 1370 post
1479 1313 1603 1358 illum

215 1393 270 1436 sit
290 1389 450 1449 duplus
475 1388 580 1447 ejus.
620 1388 713 1428 Hoc
736 1395 838 1438 ergo
861 1379 981 1439 quod
1005 1396 1080 1439 per
1103 1396 1251 1424 omnes
1284 1397 1487 1428 numeros
1515 1401 1604 1430 esse

215 1460 440 1506 immobile
459 1490 469 1509 ‚
503 1456 678 1496 firmum
715 1451 1102 1510 incorruptumque
1136 1452 1425 1511 conspicimus
1446 1488 1457 1509 ,
1486 1455 1603 1499 unde

215 1526 534 1587 conspicimus?
560 1538 647 1566 non
669 1522 783 1565 enim
817 1519 931 1565 ullus
962 1521 1053 1566 ullo
1079 1537 1206 1566 sensu
1240 1524 1431 1582 corporis
1454 1540 1603 1570 omnes

215 1612 418 1646 numeros
449 1593 622 1652 attingit
643 1612 654 1650 3
687 1591 1025 1635 innumerabiles
1053 1592 1167 1635 enim
1193 1601 1294 1636 sunt
1319 1612 1327 1637 :
1353 1592 1470 1638 unde
1500 1610 1602 1654 ergo

218 1670 416 1716 novimus
439 1681 514 1725 per
531 1678 679 1708 omnes
697 1663 779 1706 hoe
802 1677 916 1716 esse,
943 1671 1018 1706 aut
1039 1679 1124 1722 qua
1143 1664 1367 1722 phantasia
1387 1664 1451 1708 ve]
1471 1666 1602 1724 phan-

221 1748 398 1786 tasmate
421 1747 508 1780 tam
532 1742 648 1778 certa
671 1732 825 1775 veritas
848 1733 1016 1775 numeri
1048 1748 1123 1791 per
1151 1735 1484 1779 innumerabilia
1514 1745 1603 1779 tam

220 1812 425 1861 fidenter,
451 1806 531 1849 nisi
553 1805 598 1846 in
622 1803 718 1846 luce
742 1802 946 1846 interiore
974 1804 1236 1860 conspicitur
1253 1839 1262 1856 ‚
1289 1820 1420 1862 quam
1444 1821 1601 1864 eorpo-

218 1881 316 1926 ralis
333 1892 480 1922 sensus
503 1874 703 1932 ignorat?

278 1950 440 1993 XXIV.
474 1945 548 1989 His
577 1952 621 1987 et
646 1943 806 1987 talibus
834 1941 980 1987 multis
1003 1943 1274 1989 documentis
1296 1955 1513 2004 coguntur
1535 1945 1600 1990 sa—

223 2021 330 2075 teri,
369 2018 528 2078 quibus
557 2015 877 2074 disputantibus
919 2018 1032 2058 Deus
1069 2014 1247 2059 donavit
1281 2017 1530 2075 ingenium,
1559 2027 1603 2061 et

219 2090 454 2153 pertinacia
473 2086 702 2145 caliginem
723 2100 811 2128 non
829 2084 1034 2138 obducit,
1061 2086 1269 2130 rationem
1288 2087 1603 2146 veritatemque

222 2174 502 2207 numerorum
519 2193 529 2213 ,
555 2166 598 2200 et
619 2155 673 2199 ad
696 2171 842 2199 sensus
862 2155 1052 2213 corporis
1072 2171 1161 2199 non
1183 2156 1398 2214 pertinere
1413 2191 1428 2212 ,
1463 2165 1507 2201 et
1531 2158 1601 2201 in-

222 2232 465 2279 vertibilem
501 2229 798 2286 sinceramque
830 2225 1088 2277 consistere,
1123 2235 1165 2269 et
1197 2227 1398 2270 omnibus
1427 2228 1601 2272 ratioci-

223 2303 426 2348 nantibus
448 2299 502 2344 ad
524 2297 759 2342 videndum
783 2311 871 2339 esse
893 2310 1184 2339 communem.
1211 2298 1484 2354 Quapropter
1500 2313 1600 2340 cum

226 2373 360 2416 multa
378 2371 457 2415 alia
474 2368 636 2428 possint
654 2381 878 2411 occurrere
889 2399 899 2419 ‚
920 2380 1018 2424 quae
1033 2365 1322 2409 communiter
1337 2375 1379 2409 et
1394 2375 1599 2424 tanquam

228 2443 396 2500 publice
416 2449 572 2499 praesto
595 2446 695 2480 sunt
723 2435 1102 2489 ratiocinantibus,
1129 2445 1171 2478 et
1201 2436 1255 2478 ab
1284 2436 1342 2479 eis
1372 2435 1598 2479 videantur

225 2519 371 2557 mente
389 2520 517 2569 atque
534 2509 697 2553 ratione
720 2506 988 2565 singulorum
1007 2521 1282 2565 quorumque
1298 2505 1564 2550 cernentium
1585 2541 1595 2562 ‚
