1729 3143
241 213 294 249 80
664 218 697 246 s.
733 216 963 246 mausum
996 217 1179 246 5121500121

238 287 368 330 rierat
388 286 579 330 humana
601 292 754 327 natura
772 318 783 338 ‚
815 299 840 327 a
875 283 1061 328 Domino
1099 285 1202 326 Jesu
1232 283 1404 328 Christo
1426 291 1623 343 reparata

239 365 316 400 est.
352 354 490 400 Adam
530 354 743 412 superbus
759 388 769 408 ‚
809 353 985 397 humilis
1021 353 1216 398 Christus
1253 372 1263 398 ι
1296 367 1373 412 per
1395 353 1623 398 foeminam

238 441 376 480 mors,
407 440 483 483 per
504 423 732 467 foeminam
754 423 868 481 vita;
893 438 968 482 per
997 425 1133 467 Evam
1166 423 1392 478 interitus,
1419 439 1495 482 per
1530 426 1625 468 Ma-

238 497 345 539 riam
366 495 493 539 salus.
522 493 602 538 Illa
629 504 834 553 corrupta
855 503 1003 538 secuta
1022 503 1085 538 est
1113 495 1388 538 seductorem
1404 529 1416 549 ‚
1441 494 1536 538 haec
1557 495 1626 537 in-

238 575 356 623 tegra
378 564 547 623 peperit
569 564 851 610 Salvatorem.
883 564 963 608 Illa
986 565 1195 624 poculum
1219 582 1243 609 a
1260 573 1460 624 serpente
1481 564 1627 623 propi-

236 643 388 678 natum
425 633 613 679 libenter
651 635 842 694 accepit,
878 644 921 679 et
953 635 1048 680 viro
1077 636 1284 690 tradidit,
1311 651 1363 679 ex
1385 650 1475 695 quo
1497 633 1629 678 simul

236 714 509 749 mererentur
538 704 677 750 occidi
708 724 718 749 ι
747 706 844 749 haec
872 705 1005 763 gratia
1044 706 1212 750 coelesti
1260 706 1447 764 desuper
1482 704 1629 748 infusa

235 777 370 821 vitam
399 776 583 835 protulit
599 812 609 831 ‚
635 792 713 836 per
734 791 867 836 quam
888 783 1003 821 caro’
1018 787 1190 821 mortua
1213 777 1347 836 possit
1369 775 1626 819 resuscitari.

236 847 343 899 Quis
365 855 428 891 est
449 847 525 906 qui
548 848 641 891 haec
666 856 869 906 operatus
890 856 979 903 est,
1005 847 1086 890 nisi
1104 847 1281 905 virginis
1296 845 1410 890 filius
1433 855 1476 890 et
1497 846 1630 903 virgi-

237 932 343 961 num
365 921 576 976 sponsus?
609 918 686 978 qui
718 918 868 962 attulit
889 918 1016 962 matri
1039 916 1376 962 foecunditatem
1399 952 1409 973 ‚
1435 915 1513 961 sed
1542 932 1632 961 non

237 987 418 1032 abstulit
438 989 748 1047 integritatem.
784 988 914 1042 Quod
936 988 1126 1033 contulit
1146 989 1273 1032 matri
1299 1004 1389 1032 suae
1405 1024 1416 1043 ‚
1442 989 1527 1032 hoc
1549 988 1632 1032 do-

237 1060 356 1102 navit
379 1068 422 1100 et
443 1074 612 1114 sponsae
632 1075 735 1099 suoe.
758 1059 955 1115 Denique
981 1066 1128 1098 sancta
1150 1057 1343 1098 Ecclesia
1363 1073 1464 1114 quac
1481 1057 1545 1099 illi
1565 1058 1635 1100 in-

238 1136 360 1187 tegro
382 1127 550 1184 integra
568 1128 803 1185 conjuncta
826 1134 890 1170 est
904 1161 915 1181 ‚
941 1125 1138 1185 quotidie
1157 1125 1271 1185 parit
1292 1126 1491 1170 membra
1512 1127 1602 1186 ejus
1619 1162 1630 1183 ,

237 1207 281 1242 et
297 1199 421 1256 virgo
444 1205 522 1241 est.

297 1271 350 1312 V.
377 1268 646 1313 Crucifixum
668 1268 750 1311 sub
773 1268 929 1312 Pontio
953 1266 1122 1321 Pilato,
1147 1277 1190 1311 et
1211 1267 1448 1326 sepultum.
1471 1270 1528 1312 Et
1549 1269 1634 1314 hoc

237 1338 455 1383 credimus
480 1374 491 1394 ,
525 1348 569 1383 et
604 1339 663 1381 ita
695 1337 911 1379 credimus
930 1370 940 1390 ,
981 1345 1031 1379 ut
1062 1335 1165 1379 inde
1196 1336 1449 1394 gloriemur.
1481 1356 1500 1379 «
1526 1338 1634 1382 Mihi

241 1428 261 1452 »
286 1411 401 1454 enim
420 1445 430 1461 ,
476 1410 534 1449 ait
570 1404 725 1450 doctor
762 1406 958 1464 gentium
1003 1407 1223 1464 apostolus
1262 1407 1423 1450 Paulus
1452 1442 1462 1461 ‚
1523 1408 1633 1452 absit

241 1498 261 1522 »
288 1477 485 1535 gloriari,
511 1476 591 1519 nisi
623 1477 669 1519 in
696 1491 825 1519 cruce
853 1476 1027 1519 Domini
1058 1477 1194 1520 nostri
1216 1479 1319 1522 Jesu
1342 1478 1531 1533 Christi,
1556 1495 1634 1538 per

239 1568 260 1590 »
286 1562 417 1607 quem
449 1545 557 1589 mihi
593 1544 785 1589 mundus
817 1545 1048 1589 crucifixus
1079 1556 1142 1590 est
1158 1582 1168 1601 ‚
1195 1556 1238 1591 et
1261 1563 1342 1606 ego
1366 1549 1533 1592 mundo
1552 1550 1583 1591 ¹.
1610 1567 1630 1590 »

237 1621 296 1662 Et
323 1632 400 1661 nos
422 1617 466 1659 in
495 1615 578 1659 hoc
601 1615 836 1673 gloriemur
852 1650 862 1670 ,
889 1616 934 1658 in
956 1616 1074 1660 hunc
1103 1632 1326 1675 speremus
1343 1652 1354 1672 ,
1379 1616 1444 1660 illi
1465 1618 1633 1662 haerea-

238 1704 350 1733 mus.
382 1706 401 1729 «
430 1686 568 1731 Simul
589 1687 705 1730 enim
723 1696 844 1730 vetus
862 1687 995 1730 homo
1018 1696 1165 1731 noster
1188 1704 1288 1732 cum
1306 1688 1382 1732 illo
1401 1689 1632 1734 crucifixus

240 1778 261 1801 »
290 1768 353 1802 est
375 1758 494 1802 cruci
512 1761 544 1800 ².
573 1774 593 1798 »
620 1757 709 1801 Nisi
731 1758 845 1801 enirn
864 1757 1191 1816 crucifigeretur
1212 1759 1284 1802 ille
1301 1794 1311 1813 ‚
1335 1759 1527 1803 mundus
1544 1776 1634 1805 non

239 1829 537 1874 redimeretur.
565 1830 702 1872 Poena
719 1827 792 1872 illa
808 1863 819 1882 7
847 1827 960 1872 salus
977 1836 1040 1871 est
1056 1837 1219 1872 nostra.
1245 1829 1376 1880 Quod
1393 1832 1418 1873 J
1422 1830 1574 1873 udaeus
1591 1840 1634 1874 et

240 1898 413 1959 gentilis
437 1899 705 1954 detestatur,
732 1899 1002 1943 Christianus
1024 1897 1126 1941 inde
1157 1900 1361 1943 salvatur.
1391 1901 1475 1944 Sed
1498 1916 1633 1960 quare

240 1972 264 2013 J
269 1969 419 2014 udaeus
437 1969 707 2013 detestatur?
730 1988 749 2010 «
770 1969 880 2020 Quia
896 2003 907 2023 ,
928 1968 1039 2011 sicut
1052 1968 1286 2026 Apostolus
1304 1969 1410 2012 dicit
1425 2003 1435 2023 ‚
1456 1968 1633 2014 illorum

243 2059 264 2082 »
291 2040 452 2086 delicto
474 2040 587 2084 salus
609 2040 811 2099 gentibus
826 2041 857 2082 ³.
886 2057 906 2080 >›
934 2038 1064 2092 Quod
1086 2038 1295 2083 delictum
1318 2041 1632 2085 commiserunt

241 2114 265 2155 J
271 2110 415 2155 udaei?
436 2112 657 2156 Christum
677 2118 915 2154 tenuerunt
930 2143 940 2163 ‚
968 2109 1166 2152 vinctum
1185 2109 1323 2154 Pilato
1337 2109 1627 2166 tradiderunt,

240 2181 538 2226 clamaverunt
563 2200 572 2225 ι
601 2199 620 2222 «
647 2180 861 2237 Crucifige
883 2214 893 2234 ,
941 2179 1146 2238 crucifige
1169 2181 1199 2222 4.
1230 2198 1250 2221 »
1288 2182 1466 2233 Quare?
1497 2197 1631 2240 quam

241 2253 299 2296 ob
320 2253 523 2297 causam?
546 2251 762 2304 Quoniam
785 2249 1007 2294 suscitavit
1029 2259 1267 2295 mortuum.
1294 2250 1428 2294 Audit
1447 2250 1626 2307 Pilatus,
1716 2292 1717 2295 ,

241 2322 406 2367 invenit
434 2323 714 2367 innocentem
733 2355 743 2375 ,
770 2319 888 2365 videt
911 2320 1122 2379 populum
1154 2321 1403 2365 saevientem
1419 2355 1429 2375 ‚
1456 2332 1653 2367 excusat.
1716 2322 1718 2343 ²

242 2399 287 2436 et
303 2392 408 2436 dicit
428 2412 436 2437 ε
466 2412 486 2435 (ι
511 2396 606 2452 Ego
627 2393 673 2435 in
695 2392 776 2436 isto
798 2405 888 2434 non
904 2390 1080 2435 invenio
1101 2404 1273 2435 causam
1294 2425 1304 2445 ,
1329 2391 1512 2450 accipite
1528 2408 1629 2436 eum

246 2479 267 2503 »
291 2476 392 2517 VOS,
418 2471 461 2505 et
492 2461 747 2520 crucifigite.
776 2478 796 2501 »
835 2459 1023 2512 Quando
1057 2459 1234 2504 dicebat
1268 2460 1459 2506 Pilatus:
1489 2480 1510 2504 «
1534 2465 1629 2521 Ego

291 2552 301 2570 ¹
327 2546 394 2579 Gal.
417 2557 462 2588 vi,
485 2545 537 2587 14.
557 2563 598 2570 -·
619 2552 632 2568 ²
652 2548 743 2577 Rom.
764 2556 809 2586 v1‚
824 2544 856 2576 6.
875 2561 915 2567 —
936 2541 1014 2577 3121.
1038 2554 1084 2585 xi,
1106 2555 1156 2577 11.
1174 2560 1214 2566 —-
1231 2542 1249 2573 4
1268 2547 1359 2578 Joan,
1380 2556 1446 2587 xix,
1468 2545 1520 2578 15.
