1729 3143
481 269 535 297 ΒΕ
566 268 783 307 sunem,
818 268 955 296 sEnMo
986 268 1035 295 11.
1391 255 1443 294 57

73 334 269 389 mientis,
294 334 351 378 ita
372 343 415 379 et
436 334 625 378 Ecclesia
643 332 854 377 formetur
871 333 1069 377 exlatere
1085 331 1244 377 Christi
1256 331 1300 374 in
1317 346 1445 375 cruce

74 404 316 463 pendentis.
339 408 593 448 Percussum
610 411 672 446 est
689 401 804 446 enim
824 403 913 461 ejus
930 403 1042 446 latus
1058 436 1070 457 ‚
1095 410 1145 445 ut
1162 400 1447 459 Evangelium

75 473 294 532 loquitur,
327 483 369 517 et
397 473 539 516 statim
562 472 754 515 manavit
784 472 956 529 sanguis
983 481 1026 515 et
1052 487 1163 530 aqua
1183 506 1194 526 ‚
1219 486 1318 530 quae
1348 478 1449 513 sunt

74 543 276 586 Ecclesiae
291 542 459 601 gemina
477 543 782 585 sacramenta1.
804 543 946 599 Aqua,
964 540 1009 583 in
1022 557 1107 599 qua
1121 551 1184 585 est
1200 556 1354 600 sponsa
1372 555 1450 599 pu-

74 613 236 657 rificata
261 628 272 655 :
295 611 468 669 sanguis
485 646 495 665 ‚
537 626 586 653 ex
611 626 698 670 quo
726 610 947 654 invenitur
978 624 1067 652 esse
1099 611 1261 654 dotata.
1289 613 1341 653 In
1371 610 1450 653 isto

72 682 277 737 sanguine
293 681 429 724 sancti
447 683 659 736 Martyres
678 680 803 723 amici
817 678 962 738 sponsi
978 677 1107 722 stolas
1123 693 1218 722 suas
1233 678 1450 733 laverunt,

71 749 274 793 candidas
294 764 362 793 eas
380 749 600 805 fecerunt,
630 748 685 793 ad
707 750 879 808 nuptias
902 749 1015 808 Agni
1034 747 1204 793 invitati
1219 757 1449 802 venerunt,

71 820 125 863 ab
142 834 299 877 sponso
321 819 498 863 calicem
522 828 810 878 acceperuut,
837 819 1046 863 biberunt
1060 853 1071 873 ,
1101 819 1228 876 eique
1249 818 1453 876 propina-

69 899 241 934 verunt.
280 891 545 949 Sanguinem
574 891 664 949 ejus
690 890 920 945 biberunt,
945 890 1199 948 sanguinem
1225 903 1352 932 suum
1374 903 1454 946 pro

68 958 143 1003 illo
164 958 389 1003 fuderunt.
416 959 532 1012 Quid
549 960 635 1017 egit
651 975 809 1005 vesana
828 960 1025 1019 impietas
1045 960 1327 1013 Judaeorum,
1352 958 1455 1017 quia

68 1028 238 1072 invitati
260 1044 350 1072 non
383 1028 523 1072 solum
555 1030 702 1073 venire
724 1029 963 1072 noluerunt
981 1064 991 1083 ‚
1019 1029 1095 1072 sed
1117 1029 1294 1086 insuper
1321 1042 1454 1086 spon-

67 1111 164 1139 sum
185 1097 473 1140 occiderunt?
494 1096 611 1148 Quid
634 1097 721 1154 egit
741 1097 947 1156 iniquitas
979 1099 1003 1140 J
1008 1096 1105 1139 udae
1127 1097 1204 1155 qui
1225 1112 1325 1140 eum
1346 1111 1454 1141 ven-

68 1165 179 1209 didit
197 1199 208 1219 ,
233 1181 257 1209 a
276 1181 364 1224 quo
392 1166 548 1209 redimi
575 1165 754 1209 debuit?
774 1169 887 1210 Ecce
913 1181 993 1210 nec
1025 1167 1159 1211 Judas
1185 1168 1327 1211 tenuit
1355 1182 1456 1225 pre-

70 1234 179 1279 tium
197 1269 208 1290 ‚
252 1250 333 1279 nec
374 1235 517 1278 Judaei
552 1250 683 1294 quem
718 1245 1075 1294 comparaverant
1112 1237 1349 1281 Christum.
1386 1237 1455 1280 Illi

71 1305 193 1348 dico:
215 1305 300 1347 Ubi
323 1313 387 1347 est
409 1304 529 1362 quod
552 1305 787 1362 accepisti?
809 1307 833 1347 J
839 1305 965 1348 udaeo
988 1304 1087 1348 dico
1108 1324 1117 1349 2
1143 1306 1228 1348 Ubi
1250 1314 1313 1349 est
1335 1306 1456 1364 quod

71 1373 209 1415 emisti
230 1393 240 1428 3
264 1372 334 1416 Illi
356 1373 455 1416 dico
472 1407 482 1426 ,
518 1373 704 1424 Quando
725 1372 983 1427 vendidisti,
1012 1382 1118 1416 tunc
1142 1383 1186 1417 te
1215 1373 1421 1433 decepisti
1442 1396 1452 1430 3

68 1443 136 1485 isti
158 1441 255 1485 dico
285 1461 294 1485 2
329 1441 460 1494 Quod
482 1442 620 1484 emisti
641 1476 652 1495 ‚
691 1440 909 1499 possidere
930 1456 1020 1484 non
1042 1442 1235 1500 potuisti.
1266 1444 1423 1487 Exulta
1440 1479 1452 1497 ‚

69 1511 312 1555 Christiane
330 1529 339 1554 :
359 1511 403 1554 in
420 1510 731 1554 commercium
745 1510 1018 1554 inimicorum
1036 1518 1211 1553 tuorum
1231 1519 1280 1554 tu
1293 1512 1449 1555 vicisti:

68 1580 188 1639 quod
202 1583 225 1623 J
229 1579 335 1623 udas
356 1579 552 1624 vendidit
566 1587 609 1622 et
626 1581 650 1622 J
655 1578 804 1622 udaeus
819 1579 945 1633 emit,
965 1588 1013 1622 tu
1031 1580 1262 1638 acquisisti.
1279 1580 1451 1634 Exusta,

69 1650 215 1694 exulta
230 1685 241 1704 ,
258 1665 413 1708 sponsa
431 1649 622 1693 Ecclesia
649 1668 657 1692 :
684 1649 786 1707 quia
803 1648 884 1691 nisi
898 1649 979 1692 ista
995 1649 1041 1691 in
1062 1650 1234 1694 Christo
1257 1650 1370 1694 facta
1387 1666 1455 1694 es-

69 1730 184 1774 sent,
215 1728 264 1763 tu
287 1720 341 1762 ab
370 1718 446 1762 illo
467 1718 653 1762 formata
677 1732 768 1761 non
785 1732 911 1761 esses.
939 1716 1155 1762 Venditus
1178 1718 1361 1762 redemit
1385 1729 1426 1764 te
1441 1755 1451 1775 ‚

68 1790 233 1833 occisus
256 1787 405 1832 dilexit
421 1797 464 1831 te
490 1806 498 1831 ε
530 1796 573 1830 et
594 1787 695 1846 quia
716 1796 758 1831 te
787 1787 1025 1845 plurimum
1053 1787 1224 1843 dilexit,
1248 1790 1360 1832 mori
1380 1805 1456 1834 vo-

68 1859 150 1902 luit
173 1867 350 1917 propter
373 1866 430 1902 te.
457 1858 494 1900 O
516 1870 724 1914 magnum
742 1867 1061 1901 sacramentum
1082 1859 1212 1918 hujus
1234 1859 1423 1918 conjugii
1442 1861 1451 1902 l

69 1930 107 1971 O
129 1944 260 1988 quam
283 1942 492 1986 magnum
513 1927 768 1983 mysterium
791 1928 920 1986 hujus
941 1928 1082 1986 sponsi
1108 1937 1150 1972 et
1171 1929 1301 1988 hujus
1322 1944 1455 1988 spon-

70 1999 157 2042 sae!
197 2013 286 2042 non
314 1997 600 2056 explicabitur
634 1995 764 2053 digne
793 1997 994 2041 humanis
1020 1998 1179 2042 verbis.
1214 2001 1278 2043 De
1298 2014 1456 2058 sponso

72 2082 225 2126 sponsa
256 2067 446 2110 nascitur
465 2101 476 2121 ‚
507 2075 552 2110 et
573 2074 622 2110 ut
643 2067 835 2110 nascitur
852 2101 862 2121 ‚
890 2067 1034 2111 statim
1056 2067 1120 2110 illi
1142 2069 1423 2127 conjungitur
1442 2089 1452 2124 3

72 2146 115 2180 et
139 2146 243 2180 tunc
264 2151 419 2194 sponsa
448 2136 576 2179 nubit
597 2170 608 2190 ‚
643 2135 820 2194 quando
843 2151 1025 2196 sponsus
1046 2137 1230 2181 moritur
1250 2158 1261 2194 3
1285 2147 1328 2181 et
1349 2147 1455 2182 tunc

71 2205 144 2249 ille
161 2220 330 2264 sponsae
349 2205 628 2264 conjungitur
645 2239 655 2260 ,
681 2206 858 2264 quando
880 2222 903 2250 a
923 2207 1181 2252 mortalibus
1203 2217 1424 2267 separatur
1442 2227 1451 2251 z

72 2275 251 2334 quando
268 2275 340 2318 ille
360 2289 489 2334 super
504 2274 638 2319 coelos
659 2274 872 2319 exaltatur
889 2310 900 2329 ‚
928 2285 1034 2321 tunc
1050 2278 1130 2322 ista
1146 2278 1191 2321 in
1205 2278 1323 2322 omni
1341 2287 1453 2321 terra

73 2343 370 2388 foecundatur.
407 2344 524 2397 Quid
546 2353 608 2387 est
640 2344 754 2388 hoc?
781 2345 882 2397 Quis
905 2355 967 2390 est
999 2347 1077 2391 iste
1098 2362 1278 2406 sponsus
1300 2347 1454 2391 absens

73 2423 116 2458 et
133 2428 319 2472 praesens
331 2415 350 2454 ‘3
371 2414 477 2466 Quis
498 2422 562 2457 est
580 2413 660 2457 iste
677 2429 855 2473 sponsus
878 2429 1063 2473 praesens
1079 2425 1122 2459 et
1140 2416 1298 2470 latens,
1321 2431 1453 2476 quem

74 2497 229 2542 sponsa
265 2482 457 2527 Ecclesia
487 2482 574 2528 fide
611 2491 780 2529 tantum
802 2484 1016 2544 concipit,
1041 2494 1084 2529 et
1118 2485 1208 2529 sine
1230 2485 1321 2530 ullo
1358 2500 1451 2530 am-

120 2568 134 2588 ¹
154 2569 244 2599 Joan.
266 2577 333 2608 xix,
354 2566 407 2608 34.
