1729 3143
201 235 286 275 412
631 242 664 273 s.
699 243 930 273 Aoous'nm
953 235 1143 276 ‘EPISCOPI

196 323 292 368 tur,
317 321 360 357 et
381 312 459 356 sibi
480 311 571 370 ipse
592 310 784 371 quodam
807 311 938 357 modo
959 313 1106 358 veniat
1127 313 1172 357 in
1189 323 1397 370 mentem,
1421 330 1510 361 non
1525 316 1575 360 fit

194 384 274 428 nisi
293 381 535 427 differentia
548 416 559 437 ,
586 397 672 442 qua
695 397 785 427 non
806 392 869 428 est
885 383 1007 444 quod
1024 386 1138 428 Deus
1153 419 1164 439 ,
1190 393 1233 428 et
1254 394 1401 429 tamen
1414 385 1578 445 aliquid

195 463 257 499 est
279 453 398 513 quod
420 453 553 512 possit
573 453 743 512 placere
760 464 857 514 post
874 458 1028 500 Deum.
1053 455 1207 501 Melior
1230 464 1294 500 est
1311 465 1456 500 autem
1478 471 1579 501 cum

195 523 463 569 obliviscitur
486 523 551 567 sui
573 539 662 584 prae
686 525 895 570 charitate
916 526 1285 571 incommutabilis
1307 527 1411 581 Dei,
1443 526 1514 571 vel
1535 542 1579 571 se

194 595 335 654 ipsum
357 594 528 654 penitus
556 596 600 639 in
629 595 744 641 illius
762 598 1083 657 comparatione
1098 597 1354 642 contemnit.
1378 597 1420 642 Si
1434 606 1580 641 autem

194 675 402 725 tanquam
423 665 576 710 obvius
597 665 740 726 placet
757 667 837 712 sibi
854 667 908 712 ad
927 670 1125 728 perverse
1140 667 1403 712 imitandum
1420 670 1576 723 Deum,

192 746 242 781 ut
263 746 476 797 potestate
497 754 574 783 sua
596 736 683 782 frui
704 738 831 795 velit,
856 748 978 785 tanto
1000 741 1050 785 fit
1071 740 1230 795 minor,
1256 748 1422 800 quanto
1438 755 1482 784 se
1499 755 1579 784 cu—

193 809 256 868 pit
278 824 367 853 esse
384 809 608 869 majorem.
633 828 652 851 «
669 812 726 854 Et
737 811 821 854 hoc
834 819 898 854 est
909 810 1082 855 initium
1100 811 1238 856 omnis
1252 810 1416 870 peccati
1429 825 1582 869 super-

196 897 215 920 »
238 879 354 933 bia,»
377 889 436 933 et,
461 880 673 922 «Initium
692 880 906 936 superbiae
918 881 1106 925 hominis
1124 890 1365 939 apostatare
1380 897 1402 925 a
1420 883 1575 925 De01.»

195 949 418 1010 Superbiae
437 957 581 993 autem
598 947 760 992 diaboli
779 949 955 993 accessit
976 948 1380 994 malevolentissima
1398 951 1576 1005 invidia,

189 1029 240 1064 ut
259 1012 372 1064 hanc
396 1018 643 1078 superbiam
660 1019 827 1063 homini
843 1018 1148 1079 persuaderet,
1173 1035 1251 1079 per
1274 1035 1405 1080 quam
1421 1020 1580 1064 sentie-

189 1091 265 1135 bat
286 1107 329 1135 se
352 1106 441 1135 esse
463 1089 733 1134 damnatum.
755 1089 882 1134 Unde
903 1088 1067 1134 factum
1091 1100 1155 1135 est
1169 1125 1180 1145 ,
1207 1099 1256 1135 ut
1276 1106 1410 1150 poena
1432 1091 1578 1136 homi-

186 1176 287 1205 nem
307 1161 543 1220 susciperet
567 1160 863 1206 emendatoria
879 1161 1025 1220 potius
1047 1177 1179 1221 quam
1197 1160 1509 1216 interfectoria,
1526 1171 1576 1206 ut

186 1232 256 1276 cui
279 1246 323 1275 se
345 1230 544 1276 diabolus
562 1229 617 1274 ad
638 1231 923 1276 imitationem
944 1232 1159 1290 superbiae
1178 1232 1423 1291 praebuerat
1438 1267 1448 1285 ,
1476 1233 1514 1275 ei
1532 1247 1576 1276 se

186 1302 396 1347 Dominus
418 1300 473 1346 ad
494 1302 783 1346 imitationem
803 1301 1062 1346 humilitatis
1084 1303 1298 1361 praeberet
1313 1337 1323 1357 ,
1349 1317 1426 1361 per
1444 1318 1578 1362 quem

186 1372 310 1417 nobis
332 1382 494 1417 aeterna
513 1373 600 1417 vita
620 1372 888 1431 promittitur
908 1389 919 1416 .·
939 1381 990 1416 ut
1006 1382 1248 1432 praerogato
1266 1372 1392 1417 nobis
1415 1373 1576 1418 Christi

185 1444 393 1501 sanguine
412 1478 421 1499 ,
446 1452 544 1502 post
566 1443 735 1488 labores
756 1443 1036 1502 miseriasque
1061 1442 1303 1487 ineffabiles
1327 1452 1446 1487 tanta
1468 1444 1575 1487 cha-

185 1514 311 1559 ritate
333 1515 573 1559 Liberatori
596 1523 743 1560 nostro
761 1513 1058 1559 adhaereamus
1073 1549 1084 1569 ,
1109 1522 1152 1558 et
1167 1522 1287 1558 tanta
1305 1515 1396 1574 ejus
1413 1514 1459 1557 in
1474 1530 1576 1558 eum

181 1584 376 1630 claritate
409 1586 652 1646 rapiamur,
690 1593 739 1628 ut
771 1583 892 1629 nulla
926 1600 1002 1629 nos
1034 1585 1124 1629 visa
1155 1600 1207 1628 ex
1236 1584 1519 1629 inferioribus
1551 1601 1576 1629 a

185 1666 421 1717 conspectu
443 1657 661 1717 superiore
679 1657 969 1717 detorqueant
991 1676 999 1701 :
1024 1671 1278 1717 quanquam
1297 1665 1340 1700 et
1357 1656 1391 1700 si
1409 1655 1576 1716 aliquid

184 1727 289 1772 huic
311 1727 542 1772 intentioni
563 1736 722 1771 nostrae
757 1736 1061 1785 suggereretur
1084 1727 1139 1771 ab
1169 1727 1367 1785 appetitu
1394 1725 1575 1770 inferio-

184 1813 304 1853 rum,
333 1799 594 1858 sempiterna
617 1813 696 1842 nos
726 1796 890 1842 diaboli
917 1797 1138 1842 damnatio
1161 1797 1467 1856 cruciatusque
1502 1813 1573 1842 re-

187 1877 411 1913 vocarent.

243 1940 466 1983 LXXVII.
505 1940 642 1983 Tanta
665 1946 728 1982 est
750 1947 894 1983 autem
914 1936 1197 1997 pulchritudo
1214 1937 1416 1997 justitiae,
1450 1946 1574 1983 tanta

179 2008 432 2069 jucunditas
450 2008 559 2054 lucis
572 2018 763 2065 aeternae,
783 2009 871 2054 hoc
886 2018 964 2064 est,
984 2007 1354 2053 incommutabilis
1370 2008 1573 2053 Veritatis

184 2088 315 2139 atque
339 2079 591 2139 Sapientiae,
617 2087 667 2124 ut
686 2079 958 2124 etiamsinon
979 2078 1127 2124 liceret
1149 2077 1335 2138 amplius
1352 2079 1397 2122 in
1418 2094 1467 2122 ea
1483 2094 1572 2123 ma-

183 2165 286 2194 nere
308 2166 441 2211 quam
458 2150 586 2195 unius
604 2150 688 2194 diei
711 2165 831 2195 mora
848 2185 859 2205 ,
884 2159 1061 2210 propter
1087 2150 1171 2195 hoc
1197 2149 1339 2195 solum
1365 2150 1570 2193 innume-

185 2220 338 2265 rabiles
370 2221 472 2265 anni
503 2221 632 2281 hujus
663 2220 763 2265 vitae
794 2219 912 2280 pleni
948 2219 1110 2265 deliciis
1141 2229 1186 2264 et
1221 2220 1569 2265 circumfluentia

185 2291 488 2351 temporalium
513 2291 730 2336 bonorum
759 2300 874 2335 recte
897 2290 1141 2350 meritoque
1163 2298 1564 2335 contemnerentur.

185 2363 281 2406 Non
301 2362 418 2406 enim
444 2361 551 2407 falso
573 2371 648 2406 aut
674 2376 808 2421 parvo
829 2361 988 2406 affectu
1009 2360 1175 2406 dictum
1197 2369 1261 2405 est
1281 2379 1289 2405 :
1318 2361 1567 2413 «Quoniam

189 2448 209 2471 »
240 2430 393 2476 melior
414 2442 478 2476 est
499 2431 588 2476 dies
610 2447 724 2476 unus
744 2432 791 2476 in
808 2432 924 2476 atriis
946 2432 1031 2477 tuis
1053 2446 1182 2491 super
1202 2429 1403 2476 millia2.»
1422 2434 1567 2483 Quan-

187 2515 318 2559 quam
346 2510 388 2546 et
417 2500 500 2547 alio
521 2517 649 2547 sensu
675 2503 809 2562 possit
841 2501 1050 2561 intelligi,
1074 2511 1125 2547 ut
1154 2500 1288 2546 millia
1320 2499 1486 2545 dierum
1518 2500 1564 2543 in

235 2590 246 2608 ¹
265 2583 362 2617 Eccli.
390 2595 425 2625 x,
443 2583 494 2626 14.
511 2602 551 2610 -—
567 2593 580 2609 ²
600 2585 679 2617 Psal.
698 2596 829 2627 unm,
850 2597 901 2619 11.
