1729 3143
253 226 333 262 582
673 227 705 254 s.
742 226 973 255 undosum
1005 227 1187 256 muscum

248 297 438 343 nummis
460 292 515 337 ad
532 299 706 336 tantum
727 290 866 335 scelus
888 291 1063 350 adjutus
1089 310 1097 336 :
1123 300 1167 336 et
1181 300 1330 336 tamen
1345 306 1422 337 vos
1439 293 1636 340 homines

247 363 570 429 prudentissimi
584 363 788 407 interesse
805 362 1092 419 arbitramini,
1118 363 1153 407 si
1166 362 1453 409 homicidium
1467 363 1637 412 facturo

249 453 341 484 non
361 435 472 482 detis
493 434 720 480 hominem
739 448 873 494 quem
893 433 1090 490 occidat,
1114 432 1190 479 sed
1210 434 1392 483 scientes
1407 437 1638 495 pecuniam
1682 436 1703 485 ¹.

248 508 368 554 unde
390 504 680 552 occidendum
694 513 938 565 comparet,
963 504 1088 549 detis.
1106 504 1221 559 Quid
1232 505 1289 550 ad
1300 506 1412 551 hanc
1427 507 1639 553 insaniam

247 579 351 626 addi
374 578 547 639 potest?
569 579 636 622 Ita
657 576 775 621 enim
795 576 846 621 fit
862 585 916 622 ut
936 585 1011 622 aut
1032 577 1166 622 homo
1185 577 1417 634 moriatur,
1446 579 1481 624 si
1501 594 1639 624 vena-
1692 602 1696 606 ·

247 651 337 696 lem
359 665 452 695 non
472 647 686 694 invenerit
707 647 887 703 cibum,
920 656 994 692 aut
1015 647 1139 692 cibus
1170 648 1286 707 ipse,
1324 649 1358 693 si
1392 649 1636 695 invenerit:

249 736 440 784 quorum
473 719 660 765 alterum
691 727 754 763 est
784 733 937 763 verum
970 719 1256 764 homicidium
1277 741 1290 778 3
1324 719 1511 765 alterum
1544 737 1641 767 ves·-

250 806 392 849 trum‚
417 791 540 837 vobis
562 799 710 834 tamen
741 789 800 833 ita
828 789 1137 846 tribuendum,
1169 800 1380 851 tanquam
1403 801 1643 853 utrumque

249 866 304 910 sit
335 878 502 909 verum.
538 864 649 908 Nam
678 859 798 920 quod
837 859 1056 904 auditores
1095 869 1257 905 vestros
1284 877 1376 907 non
1403 863 1644 922 prohibetis
1686 890 1690 915 ς

249 936 455 983 carnibus
484 933 627 988 vesci,
667 931 746 977 sed
774 931 973 977 occidere
1005 931 1208 977 animalia
1240 933 1502 992 prohibetis,
1538 935 1647 995 quid

248 1007 425 1053 stultius
446 1014 489 1050 et
510 1003 752 1064 perversius
774 1002 868 1046 fieri
890 1004 1062 1062 potest?
1083 1005 1193 1049 Nam
1211 1003 1245 1047 si
1266 1003 1362 1050 talis
1383 1019 1474 1049 non
1495 1015 1646 1050 conta-

251 1080 389 1124 minat
412 1076 552 1132 cibus,
573 1090 650 1121 vos
668 1089 845 1136 quoque
866 1074 1025 1118 sumite
1047 1093 1056 1118 ε
1081 1074 1116 1118 si
1130 1075 1415 1132 contaminat,
1435 1090 1537 1136 quae
1552 1086 1648 1122 tan-
1693 1130 1698 1138 ,

248 1152 350 1196 dem
374 1147 593 1193 dementia
614 1156 679 1192 est
703 1147 839 1207 majus
861 1145 983 1191 nefas
1005 1155 1183 1206 putare,
1206 1148 1395 1192 animam
1420 1149 1645 1207 porcinam
1697 1190 1699 1194 Α

246 1223 303 1266 de
321 1235 504 1281 corpore
525 1218 709 1274 solvere,
733 1233 865 1279 quam
889 1218 1127 1263 humanam
1148 1218 1330 1278 porcino
1351 1234 1533 1279 corpore
1547 1235 1645 1266 ma·
1699 1258 1702 1272 ,

244 1290 391 1337 culare
403 1292 423 1335 Ρ

305 1364 424 1407 LIV.
463 1361 548 1407 Sed
565 1362 658 1421 jam
681 1360 737 1405 ad
758 1373 972 1404 manuum
990 1359 1261 1418 signaculum
1280 1358 1647 1408 considerandum
1696 1379 1715 1409 ,ἐ

250 1433 620 1494 tractandumque
657 1432 898 1478 veniamus.
934 1434 998 1476 Ac
1026 1431 1216 1490 primum
1246 1431 1422 1491 quidem
1451 1433 1571 1493 quod
1592 1435 1647 1479 ab

251 1504 509 1552 animalium
531 1519 654 1559 nece,
680 1513 724 1547 et
753 1504 807 1546 ab
835 1502 1037 1562 stirpium
1060 1501 1322 1547 laceratione
1341 1518 1418 1549 vos
1437 1512 1649 1564 tempera-
1698 1514 1711 1566 ³,

255 1578 327 1632 tis,
353 1574 816 1634 superstitiosissimum
832 1573 1030 1618 Christus
1047 1572 1238 1618 ostendit
1259 1593 1267 1618 :
1293 1574 1369 1634 qui
1387 1574 1555 1620 nullam
1573 1591 1649 1621 no·
1698 1576 1707 1628 Ϊῖ

254 1648 319 1692 bis
337 1660 443 1691 cum
462 1643 620 1688 belluis
635 1653 679 1688 et
696 1643 925 1688 arboribus
942 1643 1191 1689 societatem
1203 1645 1312 1705 juris
1329 1660 1417 1690 esse
1428 1646 1646 1707 judicans,
1698 1633 1701 1639 ’

253 1727 297 1763 et
318 1717 364 1761 in
385 1730 562 1776 gregem
583 1729 818 1775 porcorum
839 1713 1060 1760 daemones
1079 1715 1209 1771 misit,
1230 1724 1274 1761 et
1287 1717 1487 1761 arborem
1503 1717 1549 1761 in
1561 1734 1650 1778 qua
1702 1711 1703 1717 ¹

254 1790 451 1834 fructum
484 1802 576 1831 non
609 1787 857 1841 invenerat,
895 1785 1129 1831 maledicto
1163 1785 1325 1830 aridam
1358 1786 1504 1832 fecit1.
1532 1789 1651 1834 Nihil

254 1867 371 1905 certe
393 1857 531 1917 porci,
556 1855 667 1901 nihil
680 1855 811 1900 arbor
829 1855 904 1900 illa
918 1864 1187 1915 peccaverat.
1208 1858 1360 1916 Neque
1376 1857 1494 1902 enim
1510 1873 1650 1919 usque

256 1946 308 1976 eo
329 1930 555 1973 dementes
577 1940 725 1972 sumus
741 1960 753 1982 ,
790 1934 840 1969 ut
869 1925 1131 1970 arbitremur
1159 1942 1235 1971 sua
1266 1936 1422 1987 sponte
1449 1928 1649 1974 arborem
1704 1968 1711 1991 :,

257 2001 326 2049 vel
347 1998 603 2060 frugiferam
621 2013 712 2043 esse
727 1998 797 2042 vel
813 1997 1018 2043 sterilem.
1043 2000 1194 2059 Neque
1210 1997 1322 2044 illud
1342 1999 1414 2045 hic
1439 2000 1561 2046 vobis
1582 2001 1651 2046 di·
1703 1997 1707 2054 ’ζ

258 2073 449 2120 cendum
476 2080 564 2127 est,
599 2071 665 2115 his
696 2068 821 2115 factis
847 2069 1083 2115 Dominum
1115 2079 1313 2115 nostrum
1345 2071 1427 2116 alia
1449 2072 1650 2132 quaedam
1704 2062 1706 2103 ἕ

258 2143 501 2205 significare
523 2142 710 2189 voluisse
742 2161 751 2187 :
786 2141 884 2202 quis
913 2142 1029 2186 enim
1065 2144 1258 2187 nesciat?
1287 2141 1372 2188 Sed
1399 2152 1516 2188 certe
1538 2144 1650 2190 Filio

258 2218 338 2263 Dei
361 2232 450 2262 non
468 2231 545 2276 per
566 2213 850 2260 homicidium
873 2213 1043 2273 signum
1066 2213 1261 2259 dandum
1280 2213 1379 2271 fuit,
1399 2215 1433 2259 si
1451 2216 1650 2261 arborem
1706 2215 1711 2257 ἶ

261 2304 433 2345 necare,
457 2298 507 2333 ut
531 2302 609 2333 vos
630 2286 786 2342 dicitis,
812 2286 1098 2331 homicidium
1121 2296 1199 2342 est,
1224 2296 1299 2332 aut
1316 2302 1471 2332 necare
1484 2288 1650 2333 anima·
1706 2292 1712 2338 Ξ

261 2362 333 2406 lia.
354 2363 464 2407 Nam
487 2368 530 2404 et
553 2358 607 2404 de
628 2358 896 2415 hominibus,
916 2374 1015 2403 cum
1032 2359 1191 2419 quibus
1211 2359 1364 2420 utique
1380 2375 1529 2404 sumus
1540 2361 1648 2420 juris
1706 2352 1712 2402 ζ

264 2432 467 2476 societate
495 2430 746 2490 conjuncti,
774 2430 893 2488 signa
926 2429 1129 2489 quaedam
1163 2429 1312 2486 dedit,
1346 2430 1423 2476 sed
1455 2430 1648 2476 sanando

265 2503 478 2557 homines,
504 2517 593 2547 non
616 2501 829 2546 necando.
864 2501 992 2554 Quod
1016 2511 1059 2546 et
1080 2502 1134 2546 de
1162 2501 1316 2546 belluis
1336 2511 1380 2547 et
1401 2502 1455 2546 de
1484 2502 1649 2547 arbori-

317 2593 322 2605 ·
346 2587 448 2617 Marc.
472 2596 538 2624 vm,
558 2586 598 2617 32
629 2603 669 2609 —
686 2593 698 2609 ²
715 2585 833 2619 Matth.
853 2596 921 2625 xxx,
945 2597 994 2627 ¹9·
