1729 3143
233 202 319 243 478
670 217 704 242 s.
740 212 970 242 Aucus‘nm
1001 214 1182 242 Emscom

286 282 449 325 XXXI.
484 282 624 332 Quem
644 287 792 323 autem
808 293 898 324 non
918 288 1112 334 moveat,
1138 279 1260 339 quod
1275 289 1372 338 post
1385 290 1614 339 peccatum

227 358 270 394 et
302 348 562 393 sententiam
583 348 743 407 judicis
771 348 849 393 Dei
884 357 1010 392 vocat
1044 347 1185 393 Adam
1216 347 1444 393 mulierem
1471 364 1610 404 suam,

226 419 392 472 Vitam,
424 417 527 477 quia
549 418 749 463 vivorum
770 418 860 477 ipsa
882 418 936 462 sit
956 427 1117 473 mater,
1148 428 1430 478 posteaquam
1454 419 1616 463 meruit

219 496 426 543 mortem,
457 497 503 532 et
522 488 727 533 mortales
748 487 881 532 foetus
903 503 1053 548 parere
1067 488 1284 533 destinata
1305 498 1393 544 est,
1413 488 1495 533 nisi
1512 492 1615 548 quia

219 557 315 602 illos
338 556 477 603 foetus
499 559 687 604 attendit
708 559 944 619 Scriptura,
969 574 1078 620 quos
1100 574 1202 604 cum
1223 559 1270 603 in
1291 558 1516 604 doloribus
1534 574 1614 618 pe-

222 628 412 686 pererit,
449 629 526 674 fiet
560 629 625 673 illi
659 631 882 674 conversio
905 630 962 674 ad
981 630 1124 674 virum
1153 644 1304 685 suum,
1337 639 1382 674 et
1401 631 1494 689 ejus
1525 629 1616 688 ipse

222 699 553 744 dominabitur?
576 704 638 745 De
658 701 820 761 quibus
843 699 1024 746 foetibus
1039 702 1237 760 superius
1259 700 1427 745 dictum
1444 709 1525 745 est.
1548 700 1617 744 Sic

219 770 337 814 enim
369 779 433 815 est
465 770 540 816 illa
562 772 651 816 vita
677 781 904 831 materque
937 771 1154 817 vivorum.
1182 775 1292 818 Nam
1320 772 1408 817 vita
1439 787 1539 831 quae
1571 771 1617 815 in

217 841 403 898 peccatis
429 849 508 896 est,
529 856 644 886 mors
666 841 876 901 appellari
892 841 938 885 in
960 842 1192 901 Scripturis
1210 842 1336 897 solet,
1355 843 1466 887 sicut
1479 845 1616 900 Apos-

217 910 332 956 tolus
357 910 486 967 dicit,
512 921 731 956 mortuam
752 925 842 954 esse
863 906 1044 955 viduam
1068 928 1170 970 quae
1192 913 1239 956 in
1258 912 1423 957 deliciis
1442 912 1552 957 vivit
1566 914 1580 937 ²
1602 930 1612 957 :

218 990 263 1026 et
282 982 447 1027 mortui
469 982 647 1026 nomine
663 990 891 1040 peccatum
907 981 1052 1040 ipsum
1073 980 1303 1039 significari
1317 982 1519 1040 legimus,
1537 981 1616 1025 ubi

218 1052 385 1097 dictum
406 1061 470 1096 est
491 1071 499 1097 ε
529 1051 653 1105 «Qui
674 1052 920 1111 baptizatur
947 1068 972 1096 a
997 1061 1196 1107 mortuo,
1223 1061 1266 1097 et
1290 1052 1452 1097 iterum
1474 1052 1615 1111 tangit

220 1140 240 1164 »
265 1122 414 1178 illum,
450 1121 558 1182 quid
590 1122 762 1181 proficit
792 1123 840 1167 in
859 1122 1032 1167 lavacro
1055 1123 1167 1167 suo?
1193 1123 1260 1167 Sic
1282 1131 1326 1167 et
1350 1123 1427 1183 qui
1443 1123 1615 1182 jejunat

220 1211 241 1235 »
265 1208 395 1252 super
417 1201 595 1252 peccata
620 1209 724 1248 sua,
749 1202 793 1237 et
814 1194 972 1238 iterum
993 1193 1220 1238 ambulans
1242 1193 1338 1237 haec
1367 1192 1521 1237 eadem
1547 1191 1615 1236 fa-

221 1282 243 1306 »
267 1265 370 1308 cit2.
395 1282 416 1305 »
441 1268 526 1309 Pro
548 1273 729 1324 peccato
746 1265 862 1309 enim
879 1273 1102 1310 mortuum
1120 1265 1282 1324 posuit,
1306 1263 1612 1308 abstinentiam

217 1349 320 1380 vero
334 1334 642 1394 jejuniumque
674 1350 700 1379 a
730 1344 938 1394 peccato,
970 1344 1182 1395 tanquam
1203 1335 1470 1394 baptismum
1488 1368 1500 1390 ,
1529 1334 1615 1379 hoc

217 1413 281 1450 est
303 1404 635 1450 mundationem
651 1421 675 1449 a
690 1415 863 1451 mortuo
884 1425 893 1451 ε
918 1407 1080 1451 iterum
1101 1415 1248 1451 autem
1268 1405 1408 1450 redire
1431 1404 1487 1450 ad
1507 1421 1612 1465 pec-

215 1484 391 1532 catum,
423 1485 640 1536 tanquam
660 1476 822 1520 iterum
855 1485 1031 1535 tangere
1053 1485 1295 1521 mortuum.
1335 1480 1476 1530 Quare
1510 1491 1614 1536 ergo

216 1562 308 1592 non
321 1545 519 1591 animalis
532 1545 606 1590 illa
628 1561 726 1606 pars
745 1555 907 1602 nostra,
923 1562 1024 1607 quae
1039 1556 1251 1607 tanquam
1267 1547 1361 1593 viro
1381 1547 1514 1592 debet
1530 1547 1613 1592 ob-

217 1627 458 1677 temperare
479 1618 658 1673 rationi,
683 1634 786 1663 cum
809 1633 885 1678 per
900 1619 1038 1678 ipsam
1050 1620 1265 1664 rationem
1286 1619 1343 1664 de
1355 1620 1492 1665 verbo
1508 1619 1610 1664 vitae

214 1698 330 1734 recte
348 1688 526 1735 vivendi
548 1689 759 1733 sarcinam
775 1691 1041 1749 conceperit,
1059 1690 1304 1750 appelletur
1319 1691 1424 1746 vita,
1445 1700 1490 1735 et
1508 1705 1611 1735 cum

216 1760 507 1819 parturitione
542 1760 817 1803 abstinentiae
833 1794 845 1814 ‚
876 1761 1076 1818 quamvis
1103 1776 1202 1805 cum
1232 1760 1458 1805 doloribus
1481 1769 1613 1819 atque

216 1829 450 1888 gemitibus
466 1862 479 1884 ,
503 1827 631 1873 malae
653 1828 963 1873 consuetudini
982 1830 1183 1874 resistens
1199 1830 1360 1874 bonam
1374 1839 1612 1875 consuetu·

216 1900 366 1946 dinem
387 1901 444 1945 ad
464 1909 580 1945 recte
609 1899 723 1945 facta
755 1900 993 1960 pepererit,
1019 1910 1159 1944 mater
1179 1902 1379 1946 vivorum
1401 1910 1583 1946 vocetur
1597 1936 1608 1956 ,

217 1970 263 2015 id
278 1980 357 2026 est,
375 1979 492 2015 recte
509 1969 727 2015 tactorum
748 1988 758 2015 z
783 1971 944 2030 quibus
958 1971 1174 2015 contraria
1186 1980 1288 2015 sunt
1299 1981 1491 2030 peccata,
1512 1987 1612 2032 quae

218 2042 396 2087 nomine
414 2050 690 2087 mortuorum
712 2041 946 2100 significari
968 2056 1090 2100 posse
1114 2041 1375 2086 docuimus?

275 2115 464 2159 XXXII.
499 2115 610 2159 Nam
626 2111 700 2157 illa
718 2128 849 2168 mors,
876 2127 1009 2172 quam
1032 2127 1181 2157 omnes
1199 2112 1275 2171 qui
1297 2127 1349 2156 ex
1363 2111 1502 2156 Adam
1520 2113 1612 2157 nati

219 2198 368 2228 sumus
382 2218 394 2239 ,
416 2183 628 2243 coepimus
650 2183 812 2227 debere
830 2192 1020 2237 naturae,
1046 2198 1180 2242 quam
1195 2182 1384 2226 minatus
1401 2191 1465 2226 est
1478 2186 1607 2238 Deus,

219 2270 320 2299 cum
347 2263 616 2315 praeceptum
646 2253 770 2299 daret
801 2269 856 2298 ne
884 2254 1049 2299 arboris
1076 2252 1245 2298 fructus
1276 2253 1349 2298 ille
1379 2253 1607 2311 ederetur,

218 2325 293 2370 illa
325 2341 428 2385 ergo
458 2341 574 2371 mors
601 2325 647 2369 in
669 2325 827 2369 tunicis
848 2325 1037 2385 pelliceis
1061 2325 1245 2383 figurata
1268 2334 1346 2369 est.
1375 2326 1462 2384 Ipsi
1491 2325 1608 2369 enim

219 2396 302 2440 sibi
321 2395 520 2441 fecerunt
543 2396 842 2455 praecinctoria
863 2395 918 2440 de
939 2394 1052 2440 foliis
1075 2396 1172 2451 fici,
1197 2405 1240 2440 et
1262 2399 1376 2440 Deus
1399 2395 1483 2439 illis
1506 2395 1608 2439 fecit

218 2467 386 2511 tunicas
416 2466 638 2526 pelliceas,
662 2465 709 2511 id
737 2475 826 2522 est,
861 2466 943 2526 ipsi
963 2466 1267 2527 appetiverunt
1290 2463 1534 2511 mentiendi
1554 2464 1605 2510 li-

270 2555 279 2571 ¹
305 2560 317 2581 1
338 2550 418 2583 Tim.
438 2559 471 2591 v,
486 2550 521 2583 6.
536 2567 577 2575 —
591 2557 605 2575 ²
628 2550 727 2584 Eccli.
745 2560 854 2591 xxxiv,
874 2550 925 2583 30.
