1729 3143
609 249 664 276 DE
698 249 950 277 afflansinus.
1387 241 1439 278 23
1448 244 1466 279 1

89 318 200 362 Nam
231 315 297 359 his
332 314 505 359 duabus
537 313 895 371 professionibus,
935 315 1019 358 hoc
1056 322 1121 358 est
1153 313 1407 358 Electorum
1429 326 1474 360 et

91 385 378 441 Auditorum,
402 382 625 429 ecclesiam
641 397 763 427 suam
779 391 975 427 constare
995 383 1246 429 voluerunt.
1266 386 1320 427 In
1339 393 1476 430 coete-

91 457 148 500 ris
179 464 325 500 autem
355 453 606 499 hominihus
621 486 632 506 ,
663 452 795 495 etiam
828 452 875 495 in
907 452 1008 510 ipsis
1040 452 1326 498 Auditoribus
1356 455 1442 500 suis
1460 490 1473 511 ‚

89 527 204 571 hanc
231 534 400 585 partem
428 524 558 568 bonae
586 522 837 581 divinaeque
863 521 1118 566 substantiae
1146 540 1247 583 quae
1274 524 1409 570 mixta
1431 535 1476 571 et

90 595 293 654 colligata
322 597 368 638 in
393 595 497 639 escis
519 602 562 636 et
583 592 758 652 potibus
780 591 1002 636 detinetur
1017 626 1030 647 ,
1056 593 1332 654 maximeque
1352 594 1399 638 in
1419 596 1480 641 eis

91 667 166 725 qui
188 672 397 723 generant
409 663 537 717 filios,
555 662 715 706 arctius
736 671 780 706 et
800 661 1071 721 inquinatius
1091 661 1287 720 colligari
1304 673 1476 722 putant.

91 733 317 793 Quidquid
340 747 443 777 vero
466 732 662 792 undique
688 742 900 791 purgatur
927 732 1129 787 luminis,
1164 747 1243 791 per
1267 734 1480 793 quasdam

88 818 219 847 naves
234 837 245 857 ,
271 818 378 862 quas
396 817 486 846 esse
507 802 658 846 lunam
675 811 718 846 et
739 802 875 847 solem
891 801 1047 847 volunt
1060 837 1072 857 ,
1096 817 1231 861 regno
1253 804 1357 859 Dei,
1382 813 1481 848 tan-

88 887 221 932 quam
250 873 433 930 propriis
459 871 634 916 sedibus
661 871 801 916 reddi.
827 875 945 925 Quas
964 871 1117 917 itidem
1144 888 1274 918 naves
1298 874 1355 918 de
1376 875 1483 918 sub-

87 942 245 986 stantia
271 941 350 985 Dei
372 957 480 1000 pura
512 942 746 1000 perhibent
780 942 1026 988 fabricatas.
1067 946 1320 1002 Lucemque
1354 944 1480 988 istam

90 1026 345 1070 corpoream
364 1012 651 1056 animantium
668 1012 919 1056 mortalium
938 1012 1072 1058 oculis
1086 1014 1373 1073 adjacentem,
1392 1029 1484 1058 non

90 1080 231 1124 solum
245 1081 291 1123 in
304 1081 370 1123 his
382 1081 581 1135 navibus,
599 1082 675 1125 ubi
689 1097 782 1125 eam
796 1083 1069 1141 purissimam
1087 1083 1289 1139 credunt,
1307 1099 1479 1129 verum-

17 1189 19 1203 ι
87 1151 218 1194 etiam
240 1151 285 1193 in
308 1150 398 1194 aliis
416 1152 666 1211 quibusque
684 1153 839 1196 lucidis
861 1153 993 1190 rebus
1007 1180 1018 1200 ‚
1043 1152 1122 1190 ubi
1142 1153 1388 1196 secundum
1411 1155 1482 1212 ip—

17 1209 19 1217 ¹
85 1235 152 1265 sos
183 1228 358 1264 tenetur
389 1221 604 1276 admixta,
638 1219 919 1276 crediturque
947 1216 1202 1274 purganda,
1228 1222 1306 1263 Dei
1325 1223 1481 1266 dicunt

17 1276 19 1278 Ι
87 1303 176 1333 esse
211 1296 428 1331 naturam.
467 1293 667 1344 Quinque
705 1287 820 1328 enim
853 1285 1069 1329 elementa
1100 1301 1202 1345 quae
1229 1300 1480 1345 genuerunt

13 1354 20 1404 ἐ
84 1359 298 1419 principes
315 1356 511 1416 proprios
522 1391 532 1410 ,
554 1356 672 1414 genti
687 1356 891 1400 tribuunt
906 1357 1187 1401 tenebrarum
1206 1377 1215 1403 z
1235 1373 1374 1419 eaque
1391 1361 1476 1406 ele-

86 1437 233 1473 menta
246 1427 312 1472 his
325 1427 575 1471 nominibus
590 1435 866 1484 nuncupant,
881 1425 1069 1482 fumum,
1080 1428 1297 1483 tenebras,
1311 1430 1474 1488 ignem,

86 1513 262 1558 aquam,
296 1506 494 1542 ventum.
531 1499 583 1539 In
613 1495 738 1540 fumo
770 1504 872 1540 nata
906 1496 1109 1541 animalia
1137 1498 1334 1556 bipedia,
1360 1502 1481 1546 unde

85 1568 285 1612 homines
302 1567 463 1610 ducere
476 1565 689 1623 originem
703 1575 884 1609 censent
900 1586 912 1623 3
926 1567 973 1610 in
984 1567 1176 1611 tenebris
1191 1569 1422 1627 serpentia,
1440 1571 1486 1615 in

19 1678 23 1686 ,
84 1638 186 1696 igne
209 1636 512 1697 quadrupedia
528 1670 538 1690 ,
564 1636 610 1679 in
633 1636 757 1694 aquis
791 1636 1009 1691 natatilia,
1048 1637 1093 1681 in
1116 1647 1249 1682 vento
1272 1639 1478 1686 volatilia.

19 1694 23 1749 f
86 1708 162 1751 His
183 1708 380 1766 quinque
401 1706 628 1749 elementis
643 1705 767 1748 malis
784 1705 1057 1751 debellandis
1076 1707 1158 1752 alia
1180 1709 1376 1768 quinque
1390 1711 1480 1755 ele-

21 1799 24 1805 ·
84 1786 232 1820 menta
264 1778 319 1820 de
349 1791 482 1834 regno
515 1786 558 1820 et
589 1775 830 1819 substantia
862 1777 940 1820 Dei
970 1776 1098 1821 missa
1128 1793 1240 1833 esse,
1266 1788 1310 1823 et
1330 1780 1374 1824 in
1402 1781 1478 1826 illa

22 1857 25 1900 j
84 1862 229 1906 pugna
251 1846 382 1891 fuisse
403 1847 641 1906 permixta3
666 1847 790 1891 fumo
810 1850 930 1903 aera,
961 1849 1152 1894 tenebris
1179 1849 1324 1894 lucem
1340 1886 1352 1907 ,
1383 1852 1478 1911 igni

83 1917 199 1961 malo
229 1918 377 1976 ignem
399 1917 590 1971 bonum,
622 1933 747 1977 aquae
779 1917 905 1962 malae
938 1934 1098 1978 aquam
1123 1920 1309 1976 bonam,
1341 1931 1475 1968 vento

26 2016 28 2025 ι
85 1987 201 2030 malo
221 1997 404 2031 ventum
426 1989 609 2032 bonum.
634 1990 773 2033 Naves
790 1998 936 2032 autem
950 1988 1061 2043 illas,
1085 1988 1131 2033 id
1149 2000 1241 2046 est,
1266 1990 1356 2036 duo
1373 1992 1475 2036 coeli

23 2062 30 2107 J
83 2056 330 2112 luminaria,
346 2059 405 2101 ita
420 2058 712 2116 distinguunt,
729 2068 780 2103 ut
790 2058 943 2103 lunam
955 2060 1103 2104 dicant
1112 2061 1272 2105 factam
1290 2077 1341 2106 ex
1356 2063 1473 2107 bona

27 2144 33 2158 „
84 2142 218 2186 aqua,
242 2127 378 2170 solem
397 2142 501 2171 vero
528 2142 580 2170 ex
601 2129 701 2184 igne
722 2128 856 2173 bono.
891 2132 995 2174 Esse
1023 2140 1170 2175 autem
1191 2132 1238 2176 in
1260 2133 1318 2177 eis
1345 2133 1472 2178 navi-

31 2227 33 2232 ,
83 2197 166 2240 bus
187 2205 353 2240 sanctas
374 2197 578 2251 virtutes,
604 2212 704 2256 quae
720 2213 765 2241 se
780 2199 827 2241 in
844 2200 1056 2245 masculos
1075 2203 1400 2261 transfigurant,
1422 2213 1473 2248 ut

28 2255 32 2280 ²
83 2265 264 2309 illiciant
284 2266 488 2310 foeminas
511 2267 649 2325 gentis
666 2267 872 2323 adversae,
893 2278 937 2312 et
958 2285 1104 2315 rursus
1121 2272 1168 2315 in
1184 2272 1401 2327 foeminas,
1421 2282 1473 2317 ut

83 2336 265 2380 illiciant
296 2336 508 2381 masculos
540 2337 734 2396 ejusdem
768 2340 906 2396 gentis
943 2340 1159 2397 adversae,
1191 2352 1235 2387 et
1254 2359 1334 2402 per
1356 2345 1471 2389 hanc

29 2431 37 2456 ,ξ
84 2404 333 2449 illecebram
356 2417 575 2451 commota
597 2422 749 2451 eorum
770 2410 1121 2468 concupiscentia
1142 2410 1281 2470 fugiat
1303 2412 1359 2457 de
1386 2413 1469 2458 illis

85 2474 257 2531 lumen,
281 2477 402 2536 quod
425 2479 628 2522 membris
651 2479 734 2522 suis
753 2481 1015 2537 permixtum
1038 2483 1273 2538 tenebant,
1297 2493 1340 2528 et
1360 2500 1469 2544 pur-

28 2567 39 2596 22
89 2547 279 2603 gandam
310 2549 565 2607 suscipiatur
598 2549 651 2592 ab
675 2550 849 2608 Angelis
883 2549 989 2595 lucis
1006 2587 1016 2606 ,
1042 2562 1364 2614 purgatumque
1385 2555 1468 2598 illis
