1729 3143
437 169 490 196 DE
524 168 675 196 LIBERO
707 166 921 205 Annulo,
954 168 1038 196 mn.
1073 168 1121 194 11.
1392 157 1476 195 327

100 233 253 277 bemus
274 233 522 292 impressam
538 266 550 288 ,
575 247 652 292 per
672 245 804 291 quam
823 231 1122 291 unusquisque
1142 238 1338 275 nostrum
1359 231 1392 274 si
1407 231 1477 275 in-

98 311 342 360 terrogetur
362 302 541 348 velit-ne
563 317 652 346 esse
669 302 852 360 sapiens,
879 299 969 345 sine
989 299 1079 345 ulla
1100 299 1282 359 caligine
1302 299 1480 346 dubita-

96 372 225 416 tionis
247 387 290 416 se
305 371 416 417 velle
433 372 679 430 respondet.

153 445 339 486 XXVII.
376 445 518 495 Quare
535 443 569 485 si
580 444 672 502 jam
694 449 864 485 constat
884 441 997 484 inter
1018 456 1097 485 nos
1117 457 1217 501 quae
1237 442 1292 486 sit
1308 441 1478 500 sapien-

96 512 156 555 tia
174 547 184 565 ,
216 527 346 571 quam
376 511 556 556 fortasse
584 510 726 555 verbis
749 509 961 569 explicare
982 525 1073 554 non
1101 520 1272 569 poteras
1294 516 1426 567 (nam
1447 513 1482 556 si

95 595 191 624 eam
208 580 331 624 nullo
348 581 479 625 modo
494 581 638 624 animo
651 594 849 624 cerneres
860 614 871 634 ,
889 578 1012 623 nullo
1028 580 1160 624 modo
1176 581 1302 625 scires
1316 590 1359 625 et
1369 581 1481 626 velle

94 659 137 693 te
154 666 243 694 esse
260 651 496 709 sapientem
515 660 557 694 et
570 649 682 694 velle
704 649 864 693 debere
876 685 886 705 ‚
909 649 1030 710 quod
1051 659 1094 694 te
1113 660 1374 709 negaturum
1392 666 1482 696 esse

93 734 183 764 non
204 720 418 775 arbitror)
440 718 540 763 volo
556 720 646 779 jam
669 718 785 763 dicas
815 720 947 775 mihi,
979 728 1129 763 utrum
1151 720 1281 764 etiam
1308 721 1481 780 sapien-

93 789 195 832 tiam
214 823 225 843 ,
250 789 364 832 sicut
394 789 568 832 numeri
600 789 812 833 rationem
844 798 976 849 atque
1007 790 1257 845 veritatem,
1280 790 1484 834 omnibus

92 859 450 902 ratiocinantibus
465 873 747 902 communem
761 874 805 902 se
819 859 1013 918 praebere
1032 859 1273 917 arbitreris3
1298 875 1353 903 an
1368 875 1482 917 quo-

91 928 207 972 niam
230 937 296 969 tot
317 938 420 970 sunt
443 938 608 972 mentes
632 930 858 973 hominum
882 938 991 984 quot
1012 930 1209 970 homines
1224 939 1342 982 sunt,
1362 929 1482 973 unde

90 1010 170 1039 nec
193 1008 272 1052 ego
300 996 355 1038 de
378 1005 452 1038 tua
474 1004 623 1038 mente
646 994 811 1055 aliquid
832 1010 963 1039 cerno
981 1030 992 1051 ,
1019 1011 1100 1040 nec
1121 1005 1171 1039 tu
1193 996 1248 1040 de
1269 1012 1366 1041 mea
1381 1033 1392 1053 ,
1416 1008 1483 1043 tot

90 1065 220 1108 etiam
242 1072 370 1123 putes
392 1079 481 1107 esse
503 1064 735 1122 sapientias
750 1098 761 1118 ,
781 1073 890 1124 quot
904 1065 1128 1123 potuerint
1143 1080 1233 1110 esse
1247 1068 1475 1126 sapientes.

89 1136 141 1177 E.
170 1134 214 1177 Si
234 1148 455 1177 summum
475 1134 644 1177 bonum
666 1134 870 1178 omnibus
892 1150 1031 1179 unum
1045 1145 1132 1189 est,
1159 1145 1332 1194 oportet
1348 1138 1479 1182 etiam

90 1202 315 1246 veritatem
346 1204 392 1244 in
420 1216 507 1259 qua
534 1202 728 1245 cernitur
749 1213 792 1246 et
815 1212 1004 1258 tenetur,
1030 1204 1075 1247 id
1102 1214 1192 1259 est,
1222 1207 1478 1263 sapientiam

94 1273 296 1318 omnibus
317 1287 448 1315 unam
466 1286 556 1315 esse
578 1286 872 1315 communem.
898 1277 950 1317 A.
977 1275 1160 1319 Dubitas
1183 1288 1327 1319 autem
1355 1291 1478 1320 sum-

92 1358 212 1387 mum
228 1343 411 1397 bonum,
425 1340 643 1401 quidquid
657 1340 768 1384 illud
776 1350 854 1396 est,
866 1344 1070 1388 omnibus
1080 1345 1328 1389 hominibus
1337 1361 1479 1390 unum

92 1415 204 1458 esse?
217 1416 269 1457 E.
284 1413 448 1458 Dubito
470 1427 589 1467 sane,
608 1412 710 1471 quja
732 1411 921 1457 diversos
944 1412 1121 1457 diversis
1142 1415 1271 1459 rebus
1290 1417 1479 1474 gaudere

90 1483 216 1528 video
239 1492 448 1542 tanquam
466 1481 645 1525 summis
663 1481 790 1525 bonis
812 1483 914 1525 suis.
941 1485 993 1525 A.
1020 1481 1189 1526 Vellem
1209 1485 1404 1542 quidem,
1428 1495 1480 1531 ut

90 1555 145 1597 de
180 1568 351 1597 summo
382 1553 502 1596 bono
534 1553 594 1596 ita
631 1566 762 1595 nemo
797 1550 1041 1606 dubitaret,
1072 1560 1121 1595 ut
1150 1567 1281 1597 nemo
1302 1552 1477 1600 dubitat

89 1622 307 1683 quidquid
329 1622 439 1667 illud
454 1631 541 1678 est,
565 1622 738 1667 nonnisi
755 1637 806 1666 eo
825 1622 984 1681 adepto
1001 1637 1126 1681 posse
1140 1623 1234 1667 fieri
1252 1624 1475 1670 hominem

89 1693 281 1737 beatum.
310 1692 396 1737 Sed
419 1692 627 1752 quoniam
644 1706 800 1749 magna
821 1693 1006 1751 quaestio
1028 1702 1114 1748 est,
1135 1702 1178 1737 et
1194 1693 1376 1752 longum
1391 1710 1476 1739 ser-

87 1777 263 1807 monem
284 1761 396 1806 forte
418 1760 650 1817 desiderat,
666 1771 870 1820 putemus
885 1762 1064 1806 omnino
1087 1771 1152 1806 tot
1172 1778 1342 1808 summa
1357 1765 1473 1810 bona

87 1847 193 1886 esse,
217 1839 327 1890 quot
348 1839 449 1874 sunt
469 1831 572 1889 ipsae
594 1846 661 1875 res
682 1831 880 1886 diversae,
903 1847 1002 1890 quae
1024 1847 1048 1875 a
1069 1831 1246 1877 diversis
1263 1842 1473 1893 tanquam

88 1915 256 1945 summa
278 1902 393 1944 bona
412 1908 680 1958 appetuntur
701 1919 709 1944 :
730 1915 837 1944 num
861 1900 960 1945 ideo
982 1902 1194 1961 sequitur,
1220 1912 1271 1947 ut
1290 1906 1382 1963 ipsa
1403 1919 1471 1948 sa·-

87 1970 249 2031 pientia
272 1969 402 2013 etiam
430 1984 522 2014 non
552 1970 604 2013 sit
632 1985 720 2014 una
752 1972 995 2016 eommunis
1024 1973 1229 2017 omnibus
1247 2007 1260 2028 ‚
1294 1975 1397 2033 quia
1426 1990 1475 2018 ea

87 2041 205 2085 bona
219 2074 230 2094 ,
267 2054 366 2099 quae
396 2039 442 2083 in
468 2038 542 2082 illa
562 2049 748 2084 cernunt
768 2050 812 2084 et
832 2040 1000 2100 eligunt
1020 2043 1218 2087 homines
1233 2078 1244 2098 ,
1269 2043 1408 2089 multa
1430 2054 1474 2090 et

88 2109 255 2155 diversa
276 2111 409 2153 sunt?
432 2110 476 2154 Si
508 2110 624 2153 enim
654 2110 738 2154 hoc
765 2121 918 2170 putas,
950 2121 1072 2172 potes
1099 2122 1142 2158 et
1170 2113 1225 2158 de
1256 2114 1353 2159 luce
1374 2114 1473 2160 solis

89 2180 291 2224 dubitare
312 2178 432 2238 quod
454 2194 541 2223 una
562 2180 640 2236 sit,
673 2181 775 2239 quia
797 2181 935 2227 multa
963 2192 1006 2228 et
1028 2183 1195 2230 diversa
1216 2194 1319 2230 sunt
1335 2220 1346 2241 ,
1372 2202 1472 2246 quae

87 2251 135 2294 in
156 2265 206 2294 ea
226 2251 459 2294 cernimus.
486 2253 548 2294 De
569 2250 729 2310 quibus
750 2252 898 2295 multis
920 2253 1040 2312 eligit
1066 2256 1251 2315 quisque
1283 2272 1362 2316 pro
1389 2272 1470 2303 vo-

87 2319 258 2364 luntate
277 2336 366 2379 quo
388 2319 558 2364 fruatur
579 2335 656 2379 per
678 2321 905 2366 oculorum
927 2338 1100 2368 sensum
1130 2344 1139 2369 :
1174 2334 1216 2370 et
1238 2326 1346 2371 alius
1368 2327 1469 2372 alti-

89 2389 287 2434 tudinem
308 2391 467 2435 montis
493 2390 673 2451 alicujus
694 2391 890 2436 intuetur
915 2392 1102 2438 libenter
1119 2430 1129 2450 ,
1166 2405 1209 2440 et
1237 2412 1288 2441 eo
1309 2396 1469 2456 gaudet

91 2470 296 2520 aspectu,
321 2460 429 2506 alius
463 2463 605 2522 campi
625 2462 872 2521 planitiem,
902 2464 1009 2508 alius
1040 2480 1230 2514 convexa
1261 2467 1461 2522 vallium,
