1729 3143
227 174 284 212 70
655 179 690 209 s.
726 177 958 208 Aueus‘rnu
989 179 1172 209 nacon

226 247 500 306 refrigerium
520 252 733 298 nostrum,
758 242 836 302 qui
857 257 936 288 nos
958 243 1040 290 sub
1076 242 1232 287 umbra
1249 243 1415 288 alarum
1437 257 1615 290 suarum

223 316 412 377 protexit
434 324 478 359 et
495 313 701 374 protegit.
728 312 885 372 Frigus
916 312 1004 358 illic
1025 328 1116 358 non
1134 312 1350 372 patiemur
1375 332 1384 358 ε
1407 323 1474 358 est
1496 313 1613 358 enim

220 388 283 432 ihi
317 386 390 432 Sol
418 385 616 445 justitiae,
642 383 720 443 qui
742 399 819 428 suo
841 399 987 428 amore
1009 383 1266 430 calefaciens
1290 384 1423 428 corda
1439 393 1610 439 nostra,

217 457 351 502 radiis
373 453 611 499 divinitatis
631 469 719 498 suae
741 452 961 499 illuminat
976 454 1130 501 oculos
1152 463 1339 510 nostros,
1364 464 1416 498 ut
1436 453 1614 500 videant

219 527 494 571 divinitatem
530 523 914 584 aequalitatemque
960 526 1095 571 Patris
1128 534 1173 569 et
1212 524 1312 571 Filii
1351 536 1396 569 et
1431 525 1613 583 Spiritus

214 595 367 641 sancti.
399 596 498 640 Non
532 593 595 638 ibi
625 593 908 653 fatigabimur
929 614 938 640 ε
959 597 1190 641 nobiscum
1216 595 1334 639 enim
1366 596 1450 639 erit
1478 595 1614 641 virtus

213 675 383 722 nostra,
413 666 485 710 cui
507 681 626 710 nunc
648 665 834 710 dicimus
855 685 865 711 :
894 685 915 708 ι(
941 665 1130 724 Diligam
1155 676 1223 721 te,
1255 667 1441 711 Domine
1477 666 1614 711 virtus

211 755 235 780 »
260 752 357 781 mea
371 739 401 780 ².
420 755 440 778 »
455 740 553 783 Non
568 737 627 781 ibi
645 735 934 781 dormiemus:
960 752 1051 781 non
1073 738 1189 780 enim
1203 745 1309 781 sunt
1323 737 1385 780 ibi
1399 737 1610 791 tenebrae,

206 824 312 867 quae
335 806 567 852 excludere
589 807 756 866 possint
778 816 1109 867 permanentem
1131 808 1265 850 diem.
1301 806 1431 851 Nulla
1453 807 1512 850 ibi
1531 806 1615 851 erit

206 877 474 936 negotiatio,
516 876 638 921 nulla
671 877 857 922 servitus
878 912 889 932 ,
930 877 1106 922 nullum
1142 892 1270 936 opus.
1312 879 1369 921 Et
1393 875 1502 935 quid
1523 875 1614 921 illic

211 948 350 992 acturi
368 950 546 993 sumus?
564 953 757 992 Fortasse
780 947 894 991 illud
909 946 1030 1007 quod
1047 947 1261 1006 scriptum
1278 956 1342 990 est
1362 966 1371 991 ς
1394 965 1416 989 «
1432 949 1610 1001 Vacate‚

212 1036 232 1058 »
257 1026 301 1062 et
316 1018 478 1073 videte,
493 1019 704 1078 quoniam
726 1034 811 1077 ego
831 1034 930 1061 sum
951 1021 1108 1061 Deus&
1133 1036 1152 1059 »
1178 1018 1384 1063 vacuitas
1405 1018 1488 1061 ista
1502 1033 1613 1062 con-

208 1087 521 1146 templationis,
547 1089 629 1130 erit
644 1101 755 1144 opus
774 1095 934 1129 nostrae
956 1086 1138 1130 actio-nis
1163 1104 1172 1130 :
1191 1094 1244 1129 ut
1264 1087 1614 1145 contemplantes

211 1157 481 1201 delectemur
500 1174 510 1200 z
532 1164 576 1199 et
595 1154 916 1199 delectabiliter
932 1155 1284 1214 contemplemur
1299 1155 1463 1202 videre.
1496 1156 1615 1208 Quid

209 1226 384 1272 videre?
399 1245 420 1268 «
436 1228 555 1271 Bona
565 1225 781 1269 Dominiss.
802 1228 947 1278 »Quae
965 1226 1078 1271 bona
1092 1227 1353 1271 ?Possumus
1373 1226 1614 1285 exprimere

211 1295 324 1341 illud
355 1314 377 1338 «
399 1294 531 1348 Quod
552 1309 634 1339 nec
656 1294 811 1338 oculus
831 1294 970 1348 vidit,
996 1310 1076 1338 nec
1098 1295 1212 1338 auris
1240 1295 1429 1350 audivit,
1455 1311 1536 1340 nec
1567 1297 1614 1342 in

211 1384 236 1409 ω
259 1381 335 1411 cor
359 1367 550 1411 hominis
573 1364 768 1408 aseendit
782 1364 815 1406 ⁴.
836 1381 855 1404 »
889 1367 1124 1409 Possumus
1145 1366 1359 1424 explicare
1387 1366 1613 1426 quomodo

214 1437 298 1479 erit
326 1439 442 1479 Deus
468 1433 618 1476 omnia
647 1432 693 1475 in
722 1431 959 1476 omnibus?
993 1437 1226 1479 Possumus
1258 1435 1472 1494 explicare
1504 1452 1614 1496 quo-

211 1505 344 1550 modo
366 1503 458 1563 ipse
476 1501 612 1546 Filius
637 1521 659 1544 «
679 1504 795 1546 Cum
818 1501 1045 1548 tradiderit
1064 1519 1247 1562 regnum
1270 1509 1360 1550 Deo
1377 1516 1421 1551 et
1434 1509 1568 1562 Patri,
1589 1526 1609 1550 »

210 1576 257 1620 id
298 1583 362 1618 est
387 1608 399 1628 ,
450 1582 645 1617 sanctam
682 1574 1067 1631 congregationem
1112 1576 1307 1621 fidelium
1327 1612 1338 1631 ‚
1381 1578 1441 1621 ita
1487 1577 1611 1623 illum

209 1645 432 1690 hominem
467 1653 718 1703 susceptum
736 1644 1012 1705 ampliusque
1034 1645 1323 1692 clarificatum
1346 1663 1438 1693 non
1460 1649 1614 1694 dimit-

213 1724 299 1769 tat,
325 1723 376 1758 ut
412 1722 562 1758 tamen
596 1714 842 1759 claritatem
864 1730 998 1774 quam
1033 1716 1168 1760 habet
1204 1731 1305 1761 cum
1328 1721 1455 1762 Patre
1490 1728 1611 1763 ante-

211 1800 347 1846 quam
389 1784 580 1829 mundus
626 1785 750 1829 fieret
765 1820 777 1840 ,
813 1785 915 1844 ipsis
952 1786 1043 1845 jam
1072 1785 1276 1832 fidelibus
1310 1788 1611 1834 demonstrare

213 1871 305 1901 non
326 1854 526 1900 differat?
551 1859 784 1900 Possumus
811 1855 1028 1915 explicare
1053 1856 1428 1915 quemadmodum
1454 1873 1612 1917 sponsa

214 1925 422 1980 Ecclesia,
436 1941 535 1985 quae
555 1941 605 1969 ex
627 1925 727 1970 viris
745 1935 789 1970 et
806 1924 996 1970 foeminis
1015 1935 1202 1981 constat,
1223 1927 1364 1972 omnis
1377 1938 1610 1973 converta—

211 2006 284 2042 tur
303 1997 349 2041 in
369 1997 513 2041 viru-m
534 1995 795 2056 perfectum,
820 2006 952 2056 atque
975 1997 1034 2040 ita
1052 1996 1317 2055 dignitatem
1338 1997 1511 2042 virilem
1535 2014 1610 2043 ac-

214 2067 369 2126 cipiat,
405 2076 454 2112 ut
475 2076 625 2112 tamen
666 2082 835 2126 sponsae
873 2081 1035 2110 nomen
1058 2082 1147 2111 non
1168 2067 1350 2126 perdat?
1376 2071 1610 2115 Possumus

217 2137 428 2196 explicare
450 2146 701 2182 sanctorum
722 2152 906 2196 corpora
927 2139 1194 2193 resuscitata,
1219 2153 1270 2182 ex
1291 2154 1379 2197 qua
1403 2139 1541 2197 gloria
1564 2140 1611 2183 in

216 2222 347 2267 quam
374 2206 555 2266 gloriam
575 2209 822 2252 transeant?
843 2211 1076 2252 Possumus
1098 2208 1314 2268 explicare
1335 2223 1426 2267 quo
1457 2209 1610 2254 Chris-

217 2286 313 2320 tum
331 2286 568 2337 sequantur
582 2277 783 2335 virgines,
803 2293 1016 2337 quocum
1030 2279 1151 2338 sequi
1170 2287 1390 2337 nequeant
1413 2294 1502 2322 non
1519 2279 1609 2323 vir-

221 2344 359 2400 gines,
395 2357 524 2407 atque
556 2347 650 2396 illas
681 2349 825 2392 nescio
854 2364 943 2407 quo
966 2348 1131 2407 ubique
1146 2363 1328 2395 manens
1350 2364 1496 2393 secum
1521 2350 1608 2393 du-

220 2423 313 2467 cat,
340 2430 418 2458 nec
451 2426 592 2460 tamen
617 2432 685 2460 eas
713 2433 812 2477 quae
833 2433 921 2460 non
945 2429 1044 2461 sunt
1067 2418 1252 2475 virgines
1286 2417 1480 2461 deserat?
1501 2419 1607 2471 Quis

273 2504 280 2518 ¹
306 2498 386 2529 Psal.
407 2509 482 2537 xvn,
505 2510 522 2530 2
556 2517 596 2522 —-
615 2508 626 2522 ²
648 2502 691 2531 Id.
714 2512 788 2541 xiv,
822 2513 870 2532 11.
892 2518 925 2523 —
946 2499 958 2523 3
976 2502 1014 2532 Jd
1050 2512 1136 2541 xxvi,
1161 2501 1211 2535 13.
1229 2517 1270 2523 —
1288 2500 1303 2530 4
1329 2514 1338 2533 ι
1362 2504 1434 2534 Cor,
1454 2513 1490 2542 11,
1505 2513 1538 2545 9.
