1729 3143
238 238 320 276 252
657 245 689 274 s.
726 245 954 274 AUGUSTINI
986 245 1166 275 EPISCOPI

237 328 337 357 men
360 312 540 357 modum
562 320 650 355 tuae
671 309 973 370 postulationis
993 311 1285 371 implevimus.
1310 313 1377 355 Ex
1393 327 1481 371 quo
1500 311 1617 355 euim

235 383 466 428 christiana
497 380 672 439 religio,
704 391 754 427 ut
778 382 919 427 verbis
943 383 1027 427 tuis
1058 391 1182 438 utar,
1219 381 1485 426 haereditatis
1513 397 1618 441 pro-

234 455 374 498 missae
396 466 557 497 nomen
579 453 746 513 accepit
761 488 772 508 ‚
798 469 898 514 quae
927 454 1112 498 haereses
1134 461 1240 498 ortae
1264 453 1371 507 sint,
1397 452 1621 512 quomodo

233 537 571 567 commemorare
592 539 741 568 omnes
762 525 913 584 potui,
945 525 1020 584 qui
1043 539 1192 569 omnes
1220 538 1345 568 nosse
1361 538 1451 568 non
1464 523 1623 582 potui?

234 592 362 646 Quod
388 593 488 638 ideo
516 593 734 649 existimo,
770 595 873 653 quia
901 594 1049 639 nullus
1079 609 1231 640 eorum
1255 609 1445 655 quorum
1467 592 1521 637 de
1542 593 1623 636 hac

234 665 438 723 rescripta
460 664 562 724 legi,
587 681 737 710 omnes
757 666 902 724 posuit
924 685 932 710 :
952 665 1313 726 quandoquidem
1335 664 1484 709 inveni
1508 662 1626 722 apud

234 734 384 790 alium,
402 751 508 795 quas
521 735 638 794 apud
658 736 793 780 alium
812 751 902 780 non
914 737 1061 781 inveni
1079 758 1089 793 3
1114 746 1157 780 et
1179 751 1326 779 rursus
1345 734 1463 794 apud
1476 734 1623 787 istum,

233 821 341 864 quas
362 805 435 849 ille
456 822 545 850 non
567 808 728 865 posuit.
759 810 851 864 Ego
881 817 1028 851 autem
1063 817 1294 866 propterea
1326 806 1472 865 plures
1496 818 1626 863 quam

234 877 314 935 ipsi
345 877 493 935 posui,
529 879 630 937 quia
657 878 812 936 collegi
848 894 898 921 ex
931 878 1158 932 omnibus,
1195 893 1301 937 quas
1336 890 1485 920 omnes
1511 873 1629 933 apud

234 947 424 1005 singulos
446 964 535 992 non
552 949 720 1002 inveni,
739 949 896 992 additis
915 948 1044 991 etiam
1063 963 1169 1007 quas
1189 949 1278 1005 ipse
1295 946 1490 990 recolens
1511 943 1630 1004 apud

233 1016 375 1061 ullum
397 1017 574 1061 illorum
596 1018 790 1061 invenire
813 1033 902 1061 non
919 1019 1058 1076 potui.
1080 1016 1206 1061 Unde
1225 1017 1382 1060 merito
1403 1015 1534 1059 credo
1549 1029 1631 1057 nec

235 1102 302 1129 me
324 1088 516 1144 posuisse
538 1102 713 1143 omnes3
737 1087 839 1146 quia
867 1102 946 1131 nec
971 1102 1122 1132 omnes
1143 1087 1220 1146 qui
1243 1087 1298 1130 de
1322 1087 1404 1129 hac
1427 1100 1473 1129 re
1497 1084 1631 1143 scrip—

235 1165 413 1210 serunt,
439 1156 583 1211 legere
604 1153 754 1210 potui,
780 1170 923 1214 neque
943 1158 1026 1201 hoc
1049 1171 1316 1217 quemquam
1334 1170 1486 1199 eorum
1504 1153 1632 1197 video

236 1225 384 1268 fecisse
407 1239 516 1282 quos
537 1222 636 1280 legi.
668 1226 889 1267 Postremo
908 1227 1073 1270 etiamsi
1097 1243 1246 1271 omnes
1271 1226 1453 1270 forsitan
1476 1225 1602 1283 posui
1618 1258 1630 1277 ‚

234 1294 353 1353 quod
377 1308 465 1336 non
490 1301 597 1351 puto
612 1327 622 1346 ‚
648 1302 798 1336 utrum
821 1308 971 1337 omnes
988 1296 1073 1338 sint
1093 1297 1247 1352 utique
1269 1295 1432 1337 nescio.
1455 1296 1512 1336 Et
1531 1293 1634 1337 ideo
1698 1286 1701 1293 λ

234 1363 356 1423 quod
376 1363 438 1406 vis
466 1377 534 1405 me
556 1365 762 1421 loquente
783 1363 898 1406 finiri
915 1378 1005 1406 non
1023 1362 1172 1406 saltem
1189 1371 1333 1421 potest
1350 1377 1420 1406 me
1443 1377 1630 1420 cognos-

234 1442 359 1477 cente
380 1431 708 1489 comprehendi.
734 1431 893 1474 Audivi
910 1432 1126 1490 scripsisse
1150 1431 1204 1474 de
1228 1432 1467 1475 haeresibus
1497 1447 1630 1476 sanc-

236 1513 327 1547 tum
352 1502 684 1559 Hieronymum,
710 1501 785 1545 sed
805 1502 948 1561 ipsum
966 1503 1057 1561 ejus
1074 1501 1348 1560 Opusculum
1365 1517 1447 1546 nec
1464 1502 1511 1545 in
1529 1517 1630 1546 nos-

236 1584 301 1618 tra
321 1572 588 1617 bibliotheca
609 1573 804 1616 invenire
826 1572 1067 1632 potuimus,
1092 1587 1172 1616 nec
1190 1571 1308 1616 unde
1323 1572 1461 1631 possit
1475 1572 1629 1630 accipi,

235 1645 407 1689 scimus.
430 1643 559 1696 Quod
576 1645 609 1687 si
633 1653 683 1687 tu
705 1644 869 1698 scieris,
896 1645 1074 1702 perveni
1096 1642 1152 1687 ad
1174 1643 1287 1687 illud
1301 1678 1312 1698 ‚
1345 1652 1388 1687 et
1414 1643 1530 1687 forte
1551 1644 1629 1686 ha-

240 1715 360 1758 bebis
392 1714 548 1758 melius
582 1713 749 1774 aliquid
780 1730 912 1774 quam
935 1715 1019 1759 hoc
1041 1724 1241 1759 nostrum
1277 1734 1287 1758 ε
1318 1714 1518 1773 quamvis
1549 1729 1630 1758 nec

236 1786 400 1844 ipsum,
425 1784 527 1829 licet
544 1785 767 1829 hominem
791 1784 1087 1828 doctissimum
1106 1820 1115 1835 ‚
1141 1800 1291 1828 omnes
1312 1786 1500 1828 haereses
1517 1784 1632 1827 arbi-

240 1864 325 1898 trer
346 1853 553 1913 indagare
581 1855 786 1913 potuisse.
809 1857 866 1898 Et
881 1863 997 1898 certe
1020 1854 1246 1898 Abelo'l'tas
1264 1863 1424 1897 nostrae
1447 1854 1633 1910 regionis

237 1926 461 1969 haereticos
477 1960 488 1980 ,
524 1934 740 1985 quantum
763 1924 961 1968 existimo
978 1959 989 1979 ‚
1021 1922 1094 1967 ille
1117 1924 1298 1967 nescivit
1329 1938 1338 1963 t
1366 1923 1425 1967 sic
1455 1922 1569 1966 forte
1590 1932 1634 1967 et

239 1994 342 2038 alibi
365 1994 470 2037 alios
491 1995 536 2038 in
558 1994 868 2039 obscurissimis
885 1993 991 2038 locis
1013 1993 1262 2038 reconditos
1279 2028 1289 2047 ,
1316 1993 1409 2052 ejus
1432 1993 1632 2036 notitiam

240 2065 330 2123 ipsa
353 2064 550 2109 locorum
574 2080 753 2109 suorum
779 2065 1043 2109 obscuritate
1069 2064 1302 2121 fugientes.

299 2137 501 2179 Jamvero
524 2134 634 2178 illud
657 2134 777 2195 quod
800 2134 965 2179 habent
990 2143 1078 2177 tuae
1110 2134 1280 2188 litterae,
1302 2142 1351 2177 ut
1374 2134 1521 2177 omnia
1535 2147 1630 2176 om·
1696 2124 1697 2151 ³

241 2205 347 2249 nino
379 2203 600 2259 dicamus,
643 2205 803 2265 quibus
841 2205 1034 2248 haeretici
1067 2220 1091 2248 a
1123 2205 1302 2247 veritate
1335 2203 1597 2246 dissentiunt
1617 2237 1628 2256 ‚

243 2276 373 2319 etiam
387 2275 420 2318 si
439 2276 582 2319 omnia
604 2275 756 2319 scirem
773 2310 783 2329 ‚
808 2273 950 2318 facere
972 2290 1061 2318 non
1076 2288 1242 2332 possem
1261 2292 1272 2328 ς
1298 2284 1465 2331 quanto
1486 2272 1630 2316 minus
1695 2266 1697 2290 ³

244 2360 441 2403 possum,
466 2347 543 2406 qui
568 2346 713 2390 omnia
736 2346 843 2389 scire
865 2361 955 2389 non
976 2359 1150 2404 possum
1174 2346 1191 2387 Ρ
1215 2345 1326 2387 Sunt
1352 2343 1468 2386 enim
1490 2343 1631 2385 haere·

246 2415 345 2469 tici,
370 2415 490 2475 quod
507 2415 737 2460 fatendum
757 2425 837 2471 est,
863 2416 938 2475 qui
955 2413 1132 2474 singulis
1149 2449 1160 2467 ‚
1186 2412 1255 2457 vel
1273 2427 1361 2457 non
1384 2412 1524 2457 multo
1539 2427 1630 2456 am-

247 2483 359 2542 plius
377 2520 387 2539 ‚
427 2486 705 2543 dogmatibus
742 2495 999 2544 oppugnant
1036 2483 1230 2542 regulam
1269 2483 1458 2527 veritatis
1486 2502 1494 2526 :
1520 2483 1630 2525 sicut

247 2554 546 2599 Macedoniani
570 2555 635 2600 vel
661 2556 931 2609 Phofiniani,
957 2565 1087 2614 atque
1111 2554 1180 2599 alii
1202 2554 1470 2613 quicumque
1497 2554 1555 2596 ita
1585 2567 1628 2596 se
