1729 3143
268 181 349 218 528
698 189 732 219 s.
768 190 998 220 Aucusnm
1032 193 1214 220 Enscorl
1692 95 1696 249 Ι

264 259 387 302 Novo
412 275 421 302 :
446 272 545 316 quae
567 256 628 300 ibi
649 257 855 312 servitus,
880 258 950 302 hic
979 257 1154 302 libertas
1179 258 1233 301 ab
1254 258 1469 316 Apostolis
1492 258 1645 318 praedi·
1693 266 1696 316 ᾗ

263 330 399 371 catur.
439 330 500 370 De
533 342 721 387 quorum
758 330 1133 373 Testamentorum
1166 327 1413 372 admirabili
1454 328 1646 388 quodam
1694 321 1696 382 ¹

262 396 414 441 ordine
447 396 682 458 divinoque
706 407 948 454 concentu,
984 398 1283 457 longissimum
1311 408 1374 443 est
1403 398 1548 443 dicere
1568 433 1578 453 ,
1605 407 1649 442 et
1694 394 1697 432 ἱ
1723 421 1725 428 ·

261 465 388 510 multi
412 465 598 526 religiosi
626 468 832 529 doctique
861 467 1082 513 dixerunt.
1115 468 1278 514 Multos
1306 468 1440 513 libros
1467 484 1534 514 res
1568 468 1649 513 ista
1694 494 1724 521 Ι,

261 537 449 596 flagitat,
475 547 524 583 ut
551 554 630 598 pro
649 540 805 585 merito
821 575 831 595 ,
857 549 1073 600 quantum
1098 539 1153 584 ab
1175 539 1355 583 homine
1374 548 1546 599 potest,
1573 554 1648 583 ex-

260 607 413 667 plicari
442 618 485 653 et
512 609 739 670 praedicari
769 621 915 672 queat.
947 610 1034 664 Qui
1060 625 1162 669 ergo
1198 609 1338 667 diligit
1370 611 1616 668 proximum
1635 644 1646 665 ,
1695 615 1698 671 ξ

260 681 348 738 agit
378 690 594 740 quantum
617 691 759 742 potest
790 692 840 727 ut
863 682 1005 726 salvus
1034 696 1215 741 corpore
1244 679 1474 739 salvusque
1506 681 1650 724 animo
1695 676 1698 723 ἑ

259 751 314 791 sit
339 766 347 791 ε
373 751 448 791 sed
469 764 573 790 cura
594 754 786 813 corporis
809 753 863 797 ad
890 753 1117 798 sanitatem
1147 751 1282 796 animi
1314 750 1543 794 referenda
1567 758 1647 795 est.

261 818 363 877 Agit
391 831 492 875 ergo
523 817 589 860 his
619 823 854 876 gradibus,
891 823 1012 877 quod
1043 823 1097 864 ad
1128 823 1322 868 animum
1350 821 1566 881 pertinet,
1602 829 1652 864 ut
1695 805 1717 874 Ι

260 888 400 947 primo
422 888 599 942 timeat,
635 887 795 931 deinde
822 887 975 946 diligat
1004 891 1158 931 Deum.
1196 888 1252 932 Hi
1280 903 1420 934 mores
1443 901 1546 933 sunt
1572 907 1652 948 op·
1696 875 1698 942 Ι
1722 923 1723 926 ¹

261 959 381 1013 timi,
406 974 484 1018 per
505 974 614 1019 quos
636 959 761 1003 nobis
783 959 913 1004 etiam
934 958 1026 1018 ipsa
1048 959 1269 1018 provenit,
1296 958 1349 1005 ad
1373 974 1505 1019 quam
1528 960 1648 1005 omni
1696 973 1725 1011 ιί

258 1028 403 1073 studio
422 1031 636 1089 rapimur,
663 1029 827 1088 agnitio
850 1029 1057 1073 veritatis.
1696 1014 1699 1070 Ι

319 1104 454 1145 LVII.
479 1104 623 1161 Atque
651 1101 697 1145 in
721 1101 787 1145 his
814 1100 987 1146 duobus
1012 1101 1218 1146 convenit
1245 1101 1352 1144 mihi
1380 1115 1480 1145 cum
1503 1101 1649 1146 Mani·
1696 1078 1725 1138 ¹·

259 1171 388 1217 chaeis
403 1207 413 1226 ,
439 1171 485 1216 id
507 1181 596 1227 est,
618 1180 667 1215 ut
688 1174 826 1215 Deum
849 1181 892 1216 et
913 1172 1160 1231 proximum
1180 1171 1411 1230 diligamus
1435 1190 1443 1215 :
1469 1171 1545 1215 sed
1566 1172 1648 1215 hoc
1721 1188 1725 1214 ι

259 1243 405 1287 Veteri
425 1245 699 1286 Testamento
718 1251 879 1301 negant
899 1242 1114 1286 contineri
1136 1261 1144 1286 z
1170 1242 1215 1285 in
1235 1257 1324 1301 qno
1347 1249 1561 1301 quantum
1581 1257 1649 1285 er-

258 1323 383 1369 rent,
409 1314 536 1371 satis,
568 1323 617 1357 ut
639 1314 794 1373 opinor
811 1349 821 1369 ,
847 1322 1026 1372 apparet
1044 1329 1094 1358 ex
1112 1314 1161 1358 iis
1177 1349 1187 1369 ,
1210 1329 1316 1374 quas
1334 1313 1529 1373 superius
1546 1328 1648 1372 pro·
1716 1340 1723 1347 ·

257 1384 438 1429 tulimus
475 1383 530 1428 de
566 1393 754 1444 utroque
791 1384 1029 1428 sententiis.
1071 1387 1384 1429 Verumtamen
1429 1393 1478 1427 ut
1516 1384 1647 1427 breve

258 1454 420 1515 aliquid
444 1453 584 1498 dicam
604 1489 614 1509 ,
640 1454 716 1498 sed
743 1453 828 1498 tale
850 1454 921 1498 cui
943 1455 1136 1498 resistere
1159 1455 1212 1498 sit
1233 1469 1364 1498 merae
1386 1452 1618 1498 dementiae
1633 1488 1643 1508 ,

255 1540 401 1570 nonne
423 1523 776 1569 animadvertunt
797 1525 890 1569 haec
912 1525 1003 1584 ipsa
1022 1524 1111 1569 duo
1129 1559 1139 1580 ,
1165 1540 1265 1585 quae
1282 1524 1460 1568 laudare
1478 1539 1646 1583 cogun-

255 1605 353 1651 tur,
379 1611 510 1656 quam
534 1595 899 1655 importunissime
917 1610 941 1639 a
959 1595 1144 1640 Domino
1164 1595 1210 1638 in
1232 1593 1468 1653 Evangelio
1486 1594 1540 1638 de
1565 1597 1644 1638 Ve-

256 1676 353 1711 tere
376 1670 650 1712 Testamento
681 1682 770 1711 esse
800 1665 967 1725 prolata
999 1674 1186 1723 negent,
1212 1665 1289 1709 ubi
1310 1666 1520 1724 scriptum
1548 1673 1640 1709 est:
1718 1675 1724 1718 ξ

260 1756 279 1778 «
304 1736 464 1796 Diliges
489 1737 724 1781 Dominum
749 1739 887 1780 Deum
910 1745 1037 1780 tuum
1059 1751 1109 1779 ex
1131 1744 1224 1779 toto
1246 1735 1378 1779 corde
1401 1744 1478 1778 tuo
1495 1769 1504 1783 ,
1530 1743 1572 1777 et
1593 1749 1644 1777 ex
1716 1749 1724 1779 ι

262 1828 278 1847 »
304 1815 394 1850 tota
418 1807 562 1850 anima
588 1815 688 1858 tua,
714 1815 757 1849 et
778 1821 828 1849 ex
852 1815 940 1849 tota
961 1814 1107 1849 mente
1130 1814 1230 1848 tua:
1258 1822 1277 1845 »
1302 1803 1373 1847 vel
1394 1802 1505 1847 illud
1537 1803 1645 1847 alte-

256 1892 375 1921 rum:
401 1895 420 1918 «
441 1876 599 1935 Diliges
615 1876 859 1935 proximum
879 1885 1004 1920 tuum
1021 1884 1229 1934 tanquam
1246 1884 1288 1918 te
1306 1875 1527 1934 ipsum¹Pn
1555 1877 1646 1918 Aut
1715 1881 1724 1918 1

255 1947 291 1990 si
311 1948 405 1991 haec
426 1961 584 2006 negare
605 1961 695 1991 non
716 1945 905 2001 audent,
930 1948 1215 2004 (premuntur
1236 1944 1352 1988 enim
1370 1943 1468 1988 luce
1485 1944 1644 1988 verita-

256 2017 325 2074 tis)
346 2016 458 2062 illud
479 2033 636 2077 negare
660 2016 872 2072 audeant,
898 2014 1087 2059 salubria
1110 2030 1199 2060 esse
1221 2015 1300 2059 ista
1316 2023 1556 2074 praecepta,
1576 2013 1642 2058 his
1717 2007 1725 2058 i

254 2103 394 2134 mores
416 2090 603 2148 optimos
625 2088 838 2133 contineri
861 2096 1020 2146 negent
1037 2087 1071 2131 si
1093 2095 1299 2146 possunt,
1326 2094 1369 2130 et
1389 2084 1536 2130 dicant
1552 2100 1642 2130 non
1718 2099 1725 2129 ι

254 2168 454 2218 oportere
490 2163 629 2204 Deum
661 2159 781 2218 diligi
799 2194 809 2212 ,
846 2173 935 2202 non
973 2166 1172 2217 oportere
1203 2157 1454 2217 proximum
1486 2155 1608 2215 diligi
1628 2176 1638 2214 3

255 2246 396 2289 neque
429 2231 710 2289 diligentibus
748 2233 886 2274 Deum
922 2230 1066 2274 omnia
1099 2229 1333 2288 procedere
1365 2229 1411 2271 in
1439 2228 1606 2272 bonum
1627 2261 1637 2281 ,
1719 2260 1725 2279 ,

254 2316 396 2359 neque
417 2301 695 2345 dilectionem
717 2301 902 2359 proximi
925 2299 1088 2343 malum
1112 2315 1202 2344 non
1224 2299 1419 2359 operar?
1441 2319 1451 2355 3
1481 2297 1640 2357 quibus
1719 2312 1723 2318 ’

254 2370 428 2414 duobus
446 2372 726 2416 saluberrime
743 2381 873 2430 atque
891 2371 1054 2430 optime
1071 2371 1260 2414 humana
1273 2370 1361 2414 vita
1377 2368 1635 2428 disponitur.
1695 2347 1701 2711 Ι
1719 2401 1722 2406 ,

301 2473 311 2493 ¹
331 2474 424 2504 Deut-
445 2482 490 2512 vl,
511 2471 542 2503 5·
567 2471 683 2507 Mat-th,
705 2474 782 2516 xxii,
811 2474 864 2515 37.
891 2474 996 2508 Levit.
1017 2484 1083 2515 xix,
1118 2473 1168 2506 18.
1188 2490 1228 2496 -
1254 2479 1266 2496 2
1299 2475 1389 2505 Rom.
1425 2481 1490 2511 vin,
1522 2472 1562 2502 28
1579 2494 1588 2510 ‚
1608 2473 1641 2500 et

257 2536 322 2567 xm,
350 2537 399 2559 ιο.
