1729 3143
215 186 264 223 57
273 185 298 222 6
637 196 669 222 s.
706 193 790 221 Aue
799 196 935 221 osum
968 196 1148 222 El’lscom

213 270 263 305 ut
297 260 498 318 decerpta
530 258 694 302 fuerint
721 258 1036 312 absumuntur,
1077 267 1120 303 et
1151 273 1330 318 corpore
1361 260 1589 318 capiuntur

213 331 423 376 salubrius
439 364 449 384 ,
475 339 518 373 et
540 329 713 388 sapiunt
727 330 770 373 in
789 345 862 374 ore
879 330 1094 374 conditius
1116 349 1124 375 :
1145 346 1244 390 quae
1260 338 1380 374 tanta
1397 344 1592 375 commo—

213 402 322 446 ditas
343 409 386 444 et
406 400 592 444 suavitas
621 400 757 445 inesse
776 400 843 445 his
876 402 1005 445 rebus
1037 401 1216 445 minime
1245 400 1450 455 deberet,
1474 400 1509 443 si
1531 414 1596 442 se-

213 470 409 515 cundum
423 479 609 515 vestram
621 471 896 527 sententiam,
913 480 1034 516 tanto
1047 471 1281 516 desertiora
1294 471 1410 514 bono
1423 470 1593 524 fierent,

213 551 379 601 quanto
401 540 649 586 diuturnius
670 551 965 601 reponuntur,
989 551 1221 602 postquam
1239 558 1262 585 a
1284 550 1397 585 terra
1425 539 1548 600 quasi
1573 554 1596 582 a

213 621 349 656 matre
363 621 558 671 separata
570 621 685 656 sunt.
703 614 814 657 Caro
829 612 919 671 ipsa
937 612 1076 672 pridie
1091 612 1331 657 occisorum
1344 609 1596 654 animalium

213 682 410 742 profecto
432 693 496 728 est
513 683 749 743 jucundior
780 693 911 743 atque
933 682 1202 728 commodior
1223 702 1232 727 :
1257 698 1346 727 non
1368 690 1512 725 autem
1537 680 1597 725 ita

213 769 301 798 esse
322 755 573 814 oportebat,
598 755 659 810 si,
686 764 736 799 ut
756 755 960 810 asseritis,
987 755 1085 814 plus
1104 754 1286 799 haberet
1303 754 1429 808 boni,
1455 768 1506 796 eo
1529 750 1599 796 die

213 840 361 870 recens
382 826 601 870 animante
630 827 908 884 interempto,
936 841 1067 883 quam
1085 824 1292 884 postridie
1314 839 1416 869 cum
1439 822 1601 868 divinae

213 896 471 940 substantiae
487 896 623 955 major
640 893 741 953 fuga
758 894 871 939 facta
887 904 1011 940 esset.

271 970 429 1012 XLIV.
467 969 629 1012 Vinum
665 981 769 1011 vero
801 975 1014 1011 vetustate
1044 966 1193 1025 purius
1232 965 1476 1025 meliusque
1508 964 1601 1008 fieri

212 1040 308 1098 quis
330 1040 535 1098 ignoret?
557 1054 637 1083 nec
660 1038 715 1082 ad
737 1038 1048 1097 pervertendos
1070 1052 1218 1081 sensus
1240 1035 1532 1093 redolentiu83
1553 1044 1603 1079 ut

213 1110 389 1168 putatis,
415 1109 490 1153 sed
513 1111 568 1154 ad
594 1105 884 1168 vegetandum
912 1123 1068 1167 corpus
1092 1108 1239 1152 utilius
1263 1127 1270 1152 :
1295 1116 1467 1152 tantum
1491 1105 1602 1151 adsit

211 1180 393 1235 modus,
419 1195 551 1239 quem
586 1180 631 1223 in
662 1180 782 1223 omni
815 1195 860 1223 re
893 1178 1109 1223 dominari
1141 1178 1280 1222 decet.
1312 1180 1419 1223 Nam
1456 1185 1602 1222 musto
1665 1234 1667 1237 Α

214 1251 452 1295 recentiore
479 1251 735 1309 perversitas
763 1265 968 1294 sensuum
999 1249 1124 1293 citius
1154 1247 1262 1292 solet
1296 1247 1491 1291 accidere
1514 1247 1602 1292 :ita

212 1330 262 1365 ut
283 1322 316 1365 si
337 1320 570 1380 aliquando
585 1321 631 1364 in
648 1319 745 1364 lacu
759 1321 1028 1374 remanserit,
1047 1316 1408 1378 aliquantumque
1423 1316 1602 1361 ferbue—

213 1392 294 1445 rit,
319 1392 539 1435 intuentes
562 1390 747 1450 desuper
768 1406 971 1450 percusso
1008 1389 1185 1433 cerebro
1204 1386 1447 1447 praecipites
1468 1396 1567 1446 agat
1587 1423 1597 1442 ,

212 1470 256 1505 et
278 1462 358 1504 nisi
376 1461 524 1522 aliquo
546 1461 679 1505 modo
701 1461 1011 1512 subveniatur,
1036 1460 1275 1517 extinguat.
1297 1460 1392 1501 Jam
1411 1458 1531 1517 quod
1546 1459 1601 1502 ad

211 1532 507 1576 valetudinem
531 1533 706 1586 attinet,
732 1531 875 1575 inflari
893 1547 944 1575 eo
966 1545 1147 1589 corpora
1170 1529 1499 1589 pernicioseque
1515 1528 1596 1573 dis-

214 1602 355 1657 tendi,
385 1603 481 1662 quis
502 1603 694 1647 abnuat?
715 1603 827 1647 Num
858 1602 956 1645 ideo
980 1609 1099 1645 tanta
1120 1600 1396 1644 incommoda
1418 1600 1593 1654 insunt,

212 1674 315 1734 quia
338 1673 436 1732 plus
459 1674 592 1718 habet
608 1672 711 1716 boni
733 1691 741 1716 ε
768 1681 996 1731 propterea
1013 1671 1091 1715 ista
1107 1671 1153 1715 in
1169 1671 1258 1715 vini
1275 1679 1492 1715 vetustate
1511 1685 1600 1714 non

214 1753 315 1788 sunt
333 1778 343 1798 ,
374 1743 476 1802 quia
498 1742 656 1787 divinae
678 1743 931 1786 substantiae
954 1757 1050 1801 pars
1077 1757 1232 1799 magna
1253 1741 1446 1785 discessit
1466 1743 1483 1783 ‘2
1505 1741 1599 1784 Ab·-

213 1813 395 1857 surdum
418 1822 482 1856 est
503 1812 661 1866 dicere,
679 1813 800 1855 vobis
816 1812 1053 1870 praesertim
1077 1812 1153 1870 qui
1172 1812 1443 1870 praesentiam
1466 1811 1598 1869 partis

215 1886 313 1939 Dei,
340 1884 491 1939 oculis,
519 1883 706 1937 naribus,
732 1882 894 1941 palato,
919 1897 1020 1926 cum
1039 1883 1084 1925 hi
1106 1898 1254 1926 sensus
1271 1882 1382 1926 bene
1399 1882 1599 1926 afliciun-

216 1964 307 2009 tur,
340 1954 557 2014 judicatis.
590 1956 791 1997 Jamvero
814 1967 914 2011 quae
944 1961 1063 1996 tanta
1085 1953 1302 2011 perversio
1326 1961 1416 2007 est,
1450 1952 1602 1996 vinum

216 2034 366 2084 putare
398 2024 458 2068 fel
490 2023 738 2084 principum
779 2023 1056 2066 tenebrarum
1076 2057 1086 2076 ,
1119 2032 1162 2066 et
1196 2023 1289 2066 uvis
1321 2021 1601 2067 comedendis

215 2112 304 2141 non
326 2097 532 2155 parcere?
553 2094 769 2152 Magis-ne
786 2093 915 2137 inerit
932 2092 1042 2137 illud
1055 2091 1114 2136 fel
1136 2108 1236 2137 cum
1259 2093 1304 2136 in
1321 2109 1448 2153 cupa,
1469 2108 1601 2152 quam

214 2183 316 2212 cum
337 2168 381 2211 in
406 2167 538 2211 acinis
560 2166 724 2210 suerit?
748 2165 878 2218 Quod
902 2164 936 2208 si
959 2165 1076 2208 bono
1099 2164 1348 2208 discedente
1369 2164 1491 2223 quasi
1508 2179 1599 2207 me-

217 2239 354 2283 racius
378 2245 571 2282 remanet
594 2235 780 2291 malum,
813 2245 856 2279 et
889 2234 932 2278 id
961 2235 1167 2294 temporis
1199 2250 1320 2279 mora
1353 2234 1596 2292 contingit,

215 2325 304 2354 non
327 2308 558 2368 oportebat
580 2307 751 2351 easdem
774 2322 877 2351 uvas
899 2321 1123 2365 suspensas
1147 2315 1276 2365 atque
1305 2314 1491 2349 servatas
1508 2304 1599 2348 fieri

217 2382 409 2426 mitiores
425 2417 435 2435 ,
472 2380 710 2433 dulciores,
753 2379 1009 2422 salubriores
1049 2398 1056 2421 :
1096 2393 1239 2436 neque
1272 2378 1412 2435 ipsum
1449 2377 1596 2420 vinum

217 2453 337 2511 quod
358 2467 485 2511 supra
515 2452 679 2495 dictum
712 2459 773 2493 est
792 2485 802 2503 ,
838 2458 880 2492 et
915 2450 1065 2493 amissa
1096 2448 1192 2492 luce
1220 2448 1426 2507 liquidius
1470 2457 1599 2505 atquc

219 2521 481 2566 luculentius
502 2557 512 2577 ,
536 2531 577 2565 ct
600 2520 818 2565 salutifera
839 2520 1076 2564 substantia
1096 2518 1348 2563 discedente
1365 2518 1590 2562 salubrius.
