<?xml version="1.0" encoding="UTF-8"?>
<!DOCTYPE html PUBLIC "-//W3C//DTD XHTML 1.0 Transitional//EN"
    "http://www.w3.org/TR/xhtml1/DTD/xhtml1-transitional.dtd">
<html xmlns="http://www.w3.org/1999/xhtml" xml:lang="en" lang="en">
 <head>
  <title>
</title>
<meta http-equiv="Content-Type" content="text/html;charset=utf-8" />
  <meta name='ocr-system' content='tesseract 3.04.00' />
  <meta name='ocr-capabilities' content='ocr_page ocr_carea ocr_par ocr_line ocrx_word'/>
</head>
<body>
  <div class='ocr_page' id='page_1' title='image "./operaomniaaccura27auguuoft/operaomniaaccura27auguuoft_0391.png"; bbox 0 0 1729 3143; ppageno 0'>
   <div class='ocr_carea' id='block_1_1' title="bbox 0 0 47 2390">
    <p class='ocr_par' dir='ltr' id='par_1_1' title="bbox 0 0 47 2390">
     <span class='ocr_line' id='line_1_1' title="bbox 0 0 47 2390; baseline 0 0"><span class='ocrx_word' id='word_1_1' title='bbox 0 0 47 2390; x_wconf 95' lang='lat' dir='ltr'> </span> 
     </span>
    </p>
   </div>
   <div class='ocr_carea' id='block_1_2' title="bbox 417 221 1463 269">
    <p class='ocr_par' dir='ltr' id='par_1_2' title="bbox 417 221 1463 269">
     <span class='ocr_line' id='line_1_2' title="bbox 417 221 1463 269; baseline -0.005 -6"><span class='ocrx_word' id='word_1_2' title='bbox 417 235 471 263; x_wconf 71' lang='lat' dir='ltr'>m:</span> <span class='ocrx_word' id='word_1_3' title='bbox 503 233 656 263; x_wconf 69' lang='lat' dir='ltr'>manao</span> <span class='ocrx_word' id='word_1_4' title='bbox 686 229 905 269; x_wconf 70' lang='lat' dir='ltr'>Arm-rme,</span> <span class='ocrx_word' id='word_1_5' title='bbox 940 232 1023 260; x_wconf 76' lang='lat' dir='ltr'>mn.</span> <span class='ocrx_word' id='word_1_6' title='bbox 1058 231 1125 258; x_wconf 89' lang='lat'>111.</span> <span class='ocrx_word' id='word_1_7' title='bbox 1378 221 1463 259; x_wconf 79' lang='lat'>379</span> 
     </span>
    </p>
   </div>
   <div class='ocr_carea' id='block_1_3' title="bbox 0 294 1469 2627">
    <p class='ocr_par' dir='ltr' id='par_1_3' title="bbox 37 294 1467 1062">
     <span class='ocr_line' id='line_1_3' title="bbox 81 294 1464 364; baseline -0.002 -20"><span class='ocrx_word' id='word_1_8' title='bbox 81 314 180 345; x_wconf 89' lang='lat' dir='ltr'>rum</span> <span class='ocrx_word' id='word_1_9' title='bbox 211 308 342 360; x_wconf 89' lang='lat' dir='ltr'>atque</span> <span class='ocrx_word' id='word_1_10' title='bbox 378 299 589 344; x_wconf 84' lang='lat' dir='ltr'>connexio</span> <span class='ocrx_word' id='word_1_11' title='bbox 621 297 885 364; x_wconf 84' lang='lat' dir='ltr'><strong>turbaretur.</strong></span> <span class='ocrx_word' id='word_1_12' title='bbox 921 294 1042 340; x_wconf 89' lang='lat' dir='ltr'>Tales</span> <span class='ocrx_word' id='word_1_13' title='bbox 1070 304 1172 340; x_wconf 86' lang='lat' dir='ltr'>sunt</span> <span class='ocrx_word' id='word_1_14' title='bbox 1193 295 1396 355; x_wconf 86' lang='lat' dir='ltr'>optimae,</span> <span class='ocrx_word' id='word_1_15' title='bbox 1421 306 1464 341; x_wconf 87' lang='lat' dir='ltr'>et</span> 
     </span>
     <span class='ocr_line' id='line_1_4' title="bbox 81 359 1465 426; baseline -0.002 -11"><span class='ocrx_word' id='word_1_16' title='bbox 81 379 267 426; x_wconf 62' lang='lat' dir='ltr'>sancta»,</span> <span class='ocrx_word' id='word_1_17' title='bbox 304 380 348 415; x_wconf 93' lang='lat' dir='ltr'>et</span> <span class='ocrx_word' id='word_1_18' title='bbox 369 370 576 414; x_wconf 91' lang='lat' dir='ltr'>sublimes</span> <span class='ocrx_word' id='word_1_19' title='bbox 598 359 808 414; x_wconf 71' lang='lat' dir='ltr'>creaturae</span> <span class='ocrx_word' id='word_1_20' title='bbox 829 365 1068 411; x_wconf 84' lang='lat' dir='ltr'>coelestium</span> <span class='ocrx_word' id='word_1_21' title='bbox 1090 365 1160 411; x_wconf 92' lang='lat' dir='ltr'>vel</span> <span class='ocrx_word' id='word_1_22' title='bbox 1180 365 1465 426; x_wconf 88' lang='lat' dir='ltr'>supercoeles-</span> 
     </span>
     <span class='ocr_line' id='line_1_5' title="bbox 81 437 1465 500; baseline -0.003 -14"><span class='ocrx_word' id='word_1_23' title='bbox 81 442 190 487; x_wconf 90' lang='lat' dir='ltr'>tium</span> <span class='ocrx_word' id='word_1_24' title='bbox 216 445 506 494; x_wconf 86' lang='lat' dir='ltr'>Potestatum,</span> <span class='ocrx_word' id='word_1_25' title='bbox 532 440 692 500; x_wconf 90' lang='lat' dir='ltr'>quibus</span> <span class='ocrx_word' id='word_1_26' title='bbox 718 437 833 482; x_wconf 89' lang='lat' dir='ltr'>solus</span> <span class='ocrx_word' id='word_1_27' title='bbox 857 440 969 481; x_wconf 89' lang='lat' dir='ltr'>Deus</span> <span class='ocrx_word' id='word_1_28' title='bbox 997 439 1209 497; x_wconf 88' lang='lat' dir='ltr'>imperat·</span> <span class='ocrx_word' id='word_1_29' title='bbox 1240 437 1465 482; x_wconf 83' lang='lat' dir='ltr'>universus</span> 
     </span>
     <span class='ocr_line' id='line_1_6' title="bbox 81 508 1465 570; baseline -0.002 -14"><span class='ocrx_word' id='word_1_30' title='bbox 81 521 228 556; x_wconf 89' lang='lat' dir='ltr'>autem</span> <span class='ocrx_word' id='word_1_31' title='bbox 252 511 443 556; x_wconf 89' lang='lat' dir='ltr'>mundus</span> <span class='ocrx_word' id='word_1_32' title='bbox 465 510 682 570; x_wconf 87' lang='lat' dir='ltr'>subjectus</span> <span class='ocrx_word' id='word_1_33' title='bbox 716 516 794 552; x_wconf 89' lang='lat' dir='ltr'>est.</span> <span class='ocrx_word' id='word_1_34' title='bbox 839 508 938 552; x_wconf 88' lang='lat' dir='ltr'>Sine</span> <span class='ocrx_word' id='word_1_35' title='bbox 968 508 1144 551; x_wconf 88' lang='lat' dir='ltr'>istarum</span> <span class='ocrx_word' id='word_1_36' title='bbox 1172 508 1324 552; x_wconf 88' lang='lat' dir='ltr'>officiis</span> <span class='ocrx_word' id='word_1_37' title='bbox 1339 508 1465 569; x_wconf 87' lang='lat' dir='ltr'>justis</span> 
     </span>
     <span class='ocr_line' id='line_1_7' title="bbox 80 577 1466 648; baseline -0.003 -21"><span class='ocrx_word' id='word_1_38' title='bbox 80 591 214 648; x_wconf 88' lang='lat' dir='ltr'>atque</span> <span class='ocrx_word' id='word_1_39' title='bbox 236 582 438 640; x_wconf 89' lang='lat' dir='ltr'>perfectis</span> <span class='ocrx_word' id='word_1_40' title='bbox 455 596 545 626; x_wconf 91' lang='lat' dir='ltr'>esse</span> <span class='ocrx_word' id='word_1_41' title='bbox 566 578 820 647; x_wconf 82' lang='lat' dir='ltr'>universitas</span> <span class='ocrx_word' id='word_1_42' title='bbox 851 593 940 622; x_wconf 90' lang='lat' dir='ltr'>non</span> <span class='ocrx_word' id='word_1_43' title='bbox 969 585 1126 636; x_wconf 90' lang='lat' dir='ltr'>potest.</span> <span class='ocrx_word' id='word_1_44' title='bbox 1153 580 1263 621; x_wconf 91' lang='lat' dir='ltr'>Item</span> <span class='ocrx_word' id='word_1_45' title='bbox 1286 578 1319 622; x_wconf 90' lang='lat' dir='ltr'>si</span> <span class='ocrx_word' id='word_1_46' title='bbox 1340 577 1466 624; x_wconf 87' lang='lat' dir='ltr'>dees-</span> 
     </span>
     <span class='ocr_line' id='line_1_8' title="bbox 79 648 1467 726; baseline -0.003 -29"><span class='ocrx_word' id='word_1_47' title='bbox 79 662 206 707; x_wconf 86' lang='lat' dir='ltr'>sent,</span> <span class='ocrx_word' id='word_1_48' title='bbox 233 668 333 712; x_wconf 84' lang='lat' dir='ltr'>quae</span> <span class='ocrx_word' id='word_1_49' title='bbox 355 654 442 696; x_wconf 90' lang='lat' dir='ltr'>sive</span> <span class='ocrx_word' id='word_1_50' title='bbox 459 658 718 711; x_wconf 80' lang='lat' dir='ltr'>peccarent,</span> <span class='ocrx_word' id='word_1_51' title='bbox 748 649 835 693; x_wconf 89' lang='lat' dir='ltr'>sive</span> <span class='ocrx_word' id='word_1_52' title='bbox 856 663 945 692; x_wconf 91' lang='lat' dir='ltr'>non</span> <span class='ocrx_word' id='word_1_53' title='bbox 963 656 1216 726; x_wconf 85' lang='lat' dir='ltr'>peccarent,</span> <span class='ocrx_word' id='word_1_54' title='bbox 1241 648 1349 692; x_wconf 83' lang='lat' dir='ltr'>nihil</span> <span class='ocrx_word' id='word_1_55' title='bbox 1371 649 1467 693; x_wconf 92' lang='lat' dir='ltr'>uni-</span> 
     </span>
     <span class='ocr_line' id='line_1_9' title="bbox 37 718 1462 778; baseline -0.001 -11"><span class='ocrx_word' id='word_1_56' title='bbox 37 743 39 745; x_wconf 95' lang='lat'>·</span> <span class='ocrx_word' id='word_1_57' title='bbox 79 723 292 768; x_wconf 85' lang='lat' dir='ltr'>versitatis</span> <span class='ocrx_word' id='word_1_58' title='bbox 309 721 451 767; x_wconf 87' lang='lat' dir='ltr'>ordini</span> <span class='ocrx_word' id='word_1_59' title='bbox 473 722 769 776; x_wconf 87' lang='lat' dir='ltr'>minueretur,</span> <span class='ocrx_word' id='word_1_60' title='bbox 794 720 922 765; x_wconf 87' lang='lat' dir='ltr'>etiam</span> <span class='ocrx_word' id='word_1_61' title='bbox 945 718 1004 763; x_wconf 90' lang='lat' dir='ltr'>sic</span> <span class='ocrx_word' id='word_1_62' title='bbox 1025 718 1264 778; x_wconf 90' lang='lat' dir='ltr'>plurimum</span> <span class='ocrx_word' id='word_1_63' title='bbox 1282 718 1462 765; x_wconf 87' lang='lat' dir='ltr'>deesset.</span> 
     </span>
     <span class='ocr_line' id='line_1_10' title="bbox 47 790 1465 850; baseline -0.001 -12"><span class='ocrx_word' id='word_1_64' title='bbox 47 833 56 838; x_wconf 79' lang='grc'><em>.</em></span> <span class='ocrx_word' id='word_1_65' title='bbox 77 795 246 840; x_wconf 81' lang='lat' dir='ltr'>Animae</span> <span class='ocrx_word' id='word_1_66' title='bbox 270 802 372 838; x_wconf 93' lang='lat' dir='ltr'>sunt</span> <span class='ocrx_word' id='word_1_67' title='bbox 399 793 515 837; x_wconf 91' lang='lat' dir='ltr'>enim</span> <span class='ocrx_word' id='word_1_68' title='bbox 537 792 793 847; x_wconf 82' lang='lat' dir='ltr'>rationales,</span> <span class='ocrx_word' id='word_1_69' title='bbox 830 799 873 835; x_wconf 91' lang='lat' dir='ltr'>et</span> <span class='ocrx_word' id='word_1_70' title='bbox 899 790 981 835; x_wconf 90' lang='lat' dir='ltr'>illis</span> <span class='ocrx_word' id='word_1_71' title='bbox 1003 790 1297 850; x_wconf 87' lang='lat' dir='ltr'>superioribus</span> <span class='ocrx_word' id='word_1_72' title='bbox 1320 792 1465 836; x_wconf 85' lang='lat' dir='ltr'>officio</span> 
     </span>
     <span class='ocr_line' id='line_1_11' title="bbox 76 860 1467 925; baseline -0.001 -17"><span class='ocrx_word' id='word_1_73' title='bbox 76 863 255 925; x_wconf 88' lang='lat' dir='ltr'>quidem</span> <span class='ocrx_word' id='word_1_74' title='bbox 273 864 459 923; x_wconf 85' lang='lat' dir='ltr'>impares</span> <span class='ocrx_word' id='word_1_75' title='bbox 473 899 484 919; x_wconf 81' lang='lat'>‚</span> <span class='ocrx_word' id='word_1_76' title='bbox 511 863 585 907; x_wconf 89' lang='lat' dir='ltr'>sed</span> <span class='ocrx_word' id='word_1_77' title='bbox 603 872 756 907; x_wconf 89' lang='lat' dir='ltr'>natura</span> <span class='ocrx_word' id='word_1_78' title='bbox 774 877 895 922; x_wconf 87' lang='lat' dir='ltr'>pares</span> <span class='ocrx_word' id='word_1_79' title='bbox 918 881 927 907; x_wconf 74' lang='grc' dir='ltr'>ε</span> <span class='ocrx_word' id='word_1_80' title='bbox 949 862 1109 921; x_wconf 88' lang='lat' dir='ltr'>quibus</span> <span class='ocrx_word' id='word_1_81' title='bbox 1127 861 1271 905; x_wconf 86' lang='lat' dir='ltr'>adhuc</span> <span class='ocrx_word' id='word_1_82' title='bbox 1288 860 1467 907; x_wconf 89' lang='lat' dir='ltr'>inferio-</span> 
     </span>
     <span class='ocr_line' id='line_1_12' title="bbox 75 932 1467 989; baseline -0.001 -9"><span class='ocrx_word' id='word_1_83' title='bbox 75 950 141 980; x_wconf 90' lang='lat' dir='ltr'>res</span> <span class='ocrx_word' id='word_1_84' title='bbox 161 945 262 980; x_wconf 87' lang='lat' dir='ltr'>sunt</span> <span class='ocrx_word' id='word_1_85' title='bbox 284 934 437 989; x_wconf 85' lang='lat' dir='ltr'>multi,</span> <span class='ocrx_word' id='word_1_86' title='bbox 463 944 505 978; x_wconf 91' lang='lat' dir='ltr'>et</span> <span class='ocrx_word' id='word_1_87' title='bbox 528 943 674 978; x_wconf 88' lang='lat' dir='ltr'>tamen</span> <span class='ocrx_word' id='word_1_88' title='bbox 693 932 932 978; x_wconf 84' lang='lat' dir='ltr'>laudabiles</span> <span class='ocrx_word' id='word_1_89' title='bbox 954 948 978 976; x_wconf 87' lang='lat' dir='ltr'>a</span> <span class='ocrx_word' id='word_1_90' title='bbox 998 947 1170 978; x_wconf 87' lang='lat' dir='ltr'>summo</span> <span class='ocrx_word' id='word_1_91' title='bbox 1187 936 1277 978; x_wconf 92' lang='lat' dir='ltr'>Deo</span> <span class='ocrx_word' id='word_1_92' title='bbox 1304 934 1467 979; x_wconf 85' lang='lat' dir='ltr'>consti-</span> 
     </span>
     <span class='ocr_line' id='line_1_13' title="bbox 75 1003 632 1062; baseline -0.004 -12"><span class='ocrx_word' id='word_1_93' title='bbox 75 1014 269 1050; x_wconf 86' lang='lat' dir='ltr'>tutarum</span> <span class='ocrx_word' id='word_1_94' title='bbox 293 1020 435 1048; x_wconf 89' lang='lat' dir='ltr'>rerum</span> <span class='ocrx_word' id='word_1_95' title='bbox 461 1003 632 1062; x_wconf 78' lang='lat' dir='ltr'>gradUS.</span> 
     </span>
    </p>

    <p class='ocr_par' dir='ltr' id='par_1_4' title="bbox 0 1064 1469 2627">
     <span class='ocr_line' id='line_1_14' title="bbox 10 1064 1466 1136; baseline -0.001 -15"><span class='ocrx_word' id='word_1_96' title='bbox 10 1119 11 1122; x_wconf 75' lang='grc'>,</span> <span class='ocrx_word' id='word_1_97' title='bbox 134 1078 343 1120; x_wconf 78' lang='lat' dir='ltr'>XXXIII.</span> <span class='ocrx_word' id='word_1_98' title='bbox 379 1075 458 1120; x_wconf 89' lang='lat' dir='ltr'>Illa</span> <span class='ocrx_word' id='word_1_99' title='bbox 484 1064 587 1134; x_wconf 82' lang='lat' dir='ltr'>ergo</span> <span class='ocrx_word' id='word_1_100' title='bbox 616 1083 772 1119; x_wconf 87' lang='lat' dir='ltr'>natura</span> <span class='ocrx_word' id='word_1_101' title='bbox 801 1073 1064 1119; x_wconf 87' lang='lat' dir='ltr'>sublimioris</span> <span class='ocrx_word' id='word_1_102' title='bbox 1093 1073 1225 1119; x_wconf 87' lang='lat' dir='ltr'>officii</span> <span class='ocrx_word' id='word_1_103' title='bbox 1254 1083 1340 1130; x_wconf 89' lang='lat' dir='ltr'>est,</span> <span class='ocrx_word' id='word_1_104' title='bbox 1366 1091 1466 1136; x_wconf 86' lang='lat' dir='ltr'>quae</span> 
     </span>
     <span class='ocr_line' id='line_1_15' title="bbox 0 1138 1467 1207; baseline 0 -15"><span class='ocrx_word' id='word_1_105' title='bbox 0 1138 11 1207; x_wconf 25' lang='lat' dir='ltr'>J*</span> <span class='ocrx_word' id='word_1_106' title='bbox 76 1163 166 1192; x_wconf 91' lang='lat' dir='ltr'>non</span> <span class='ocrx_word' id='word_1_107' title='bbox 187 1146 328 1192; x_wconf 90' lang='lat' dir='ltr'>solum</span> <span class='ocrx_word' id='word_1_108' title='bbox 353 1146 387 1190; x_wconf 88' lang='lat' dir='ltr'>si</span> <span class='ocrx_word' id='word_1_109' title='bbox 411 1162 500 1190; x_wconf 90' lang='lat' dir='ltr'>non</span> <span class='ocrx_word' id='word_1_110' title='bbox 523 1155 633 1190; x_wconf 91' lang='lat' dir='ltr'>esset</span> <span class='ocrx_word' id='word_1_111' title='bbox 650 1181 661 1201; x_wconf 92' lang='lat'>‚</span> <span class='ocrx_word' id='word_1_112' title='bbox 688 1145 760 1190; x_wconf 89' lang='lat' dir='ltr'>sed</span> <span class='ocrx_word' id='word_1_113' title='bbox 787 1146 916 1190; x_wconf 90' lang='lat' dir='ltr'>etiam</span> <span class='ocrx_word' id='word_1_114' title='bbox 941 1146 974 1190; x_wconf 92' lang='lat' dir='ltr'>si</span> <span class='ocrx_word' id='word_1_115' title='bbox 1000 1154 1198 1206; x_wconf 84' lang='lat' dir='ltr'>peccaret</span> <span class='ocrx_word' id='word_1_116' title='bbox 1214 1181 1225 1202; x_wconf 86' lang='lat'><strong><em>‚</em></strong></span> <span class='ocrx_word' id='word_1_117' title='bbox 1249 1146 1467 1192; x_wconf 89' lang='lat' dir='ltr'>minueret</span> 
     </span>
     <span class='ocr_line' id='line_1_16' title="bbox 5 1203 1466 1278; baseline 0 -16"><span class='ocrx_word' id='word_1_118' title='bbox 5 1203 10 1214; x_wconf 27' lang='lat' dir='ltr'>i</span> <span class='ocrx_word' id='word_1_119' title='bbox 77 1216 276 1263; x_wconf 88' lang='lat' dir='ltr'>ordinem</span> <span class='ocrx_word' id='word_1_120' title='bbox 298 1216 603 1261; x_wconf 86' lang='lat' dir='ltr'>universitatis.</span> <span class='ocrx_word' id='word_1_121' title='bbox 632 1214 853 1260; x_wconf 89' lang='lat' dir='ltr'>Inferioris</span> <span class='ocrx_word' id='word_1_122' title='bbox 872 1217 1005 1261; x_wconf 84' lang='lat' dir='ltr'>officii</span> <span class='ocrx_word' id='word_1_123' title='bbox 1023 1226 1086 1260; x_wconf 89' lang='lat' dir='ltr'>est</span> <span class='ocrx_word' id='word_1_124' title='bbox 1109 1217 1188 1262; x_wconf 88' lang='lat' dir='ltr'>ista</span> <span class='ocrx_word' id='word_1_125' title='bbox 1205 1251 1216 1273; x_wconf 91' lang='lat'>‚</span> <span class='ocrx_word' id='word_1_126' title='bbox 1242 1232 1342 1278; x_wconf 75' lang='lat' dir='ltr'>quae</span> <span class='ocrx_word' id='word_1_127' title='bbox 1365 1227 1466 1262; x_wconf 88' lang='lat' dir='ltr'>tan-</span> 
     </span>
     <span class='ocr_line' id='line_1_17' title="bbox 77 1286 1466 1347; baseline -0.001 -14"><span class='ocrx_word' id='word_1_128' title='bbox 77 1286 307 1333; x_wconf 89' lang='lat' dir='ltr'>tummodo</span> <span class='ocrx_word' id='word_1_129' title='bbox 339 1287 374 1332; x_wconf 90' lang='lat' dir='ltr'>si</span> <span class='ocrx_word' id='word_1_130' title='bbox 401 1302 490 1331; x_wconf 91' lang='lat' dir='ltr'>non</span> <span class='ocrx_word' id='word_1_131' title='bbox 523 1295 659 1342; x_wconf 90' lang='lat' dir='ltr'>esset,</span> <span class='ocrx_word' id='word_1_132' title='bbox 693 1302 782 1331; x_wconf 91' lang='lat' dir='ltr'>non</span> <span class='ocrx_word' id='word_1_133' title='bbox 805 1296 952 1331; x_wconf 88' lang='lat' dir='ltr'>autem</span> <span class='ocrx_word' id='word_1_134' title='bbox 974 1287 1008 1330; x_wconf 89' lang='lat' dir='ltr'>si</span> <span class='ocrx_word' id='word_1_135' title='bbox 1037 1296 1262 1346; x_wconf 84' lang='lat' dir='ltr'>peccaret,</span> <span class='ocrx_word' id='word_1_136' title='bbox 1301 1287 1466 1347; x_wconf 85' lang='lat' dir='ltr'>aliquid</span> 
     </span>
     <span class='ocr_line' id='line_1_18' title="bbox 77 1356 1467 1416; baseline 0 -13"><span class='ocrx_word' id='word_1_137' title='bbox 77 1358 221 1403; x_wconf 88' lang='lat' dir='ltr'>minus</span> <span class='ocrx_word' id='word_1_138' title='bbox 236 1358 417 1402; x_wconf 86' lang='lat' dir='ltr'>haberet</span> <span class='ocrx_word' id='word_1_139' title='bbox 431 1356 700 1401; x_wconf 86' lang='lat' dir='ltr'>universitas.</span> <span class='ocrx_word' id='word_1_140' title='bbox 718 1356 786 1400; x_wconf 92' lang='lat' dir='ltr'>Illi</span> <span class='ocrx_word' id='word_1_141' title='bbox 801 1356 901 1401; x_wconf 89' lang='lat' dir='ltr'>data</span> <span class='ocrx_word' id='word_1_142' title='bbox 917 1366 979 1401; x_wconf 87' lang='lat' dir='ltr'>est</span> <span class='ocrx_word' id='word_1_143' title='bbox 992 1357 1186 1416; x_wconf 88' lang='lat' dir='ltr'>potentia</span> <span class='ocrx_word' id='word_1_144' title='bbox 1201 1357 1346 1402; x_wconf 88' lang='lat' dir='ltr'>omnia</span> <span class='ocrx_word' id='word_1_145' title='bbox 1360 1373 1467 1403; x_wconf 90' lang='lat' dir='ltr'>con—</span> 
     </span>
     <span class='ocr_line' id='line_1_19' title="bbox 79 1426 1465 1489; baseline 0.001 -16"><span class='ocrx_word' id='word_1_146' title='bbox 79 1427 247 1474; x_wconf 90' lang='lat' dir='ltr'>tinendi</span> <span class='ocrx_word' id='word_1_147' title='bbox 267 1428 412 1472; x_wconf 87' lang='lat' dir='ltr'>officio</span> <span class='ocrx_word' id='word_1_148' title='bbox 430 1428 622 1487; x_wconf 89' lang='lat' dir='ltr'>proprio,</span> <span class='ocrx_word' id='word_1_149' title='bbox 638 1427 759 1487; x_wconf 86' lang='lat' dir='ltr'>quod</span> <span class='ocrx_word' id='word_1_150' title='bbox 771 1442 917 1471; x_wconf 91' lang='lat' dir='ltr'>rerum</span> <span class='ocrx_word' id='word_1_151' title='bbox 940 1426 1082 1471; x_wconf 88' lang='lat' dir='ltr'>ordini</span> <span class='ocrx_word' id='word_1_152' title='bbox 1099 1427 1244 1472; x_wconf 89' lang='lat' dir='ltr'>deesse</span> <span class='ocrx_word' id='word_1_153' title='bbox 1261 1444 1350 1473; x_wconf 88' lang='lat' dir='ltr'>non</span> <span class='ocrx_word' id='word_1_154' title='bbox 1366 1444 1465 1489; x_wconf 88' lang='lat' dir='ltr'>pos-</span> 
     </span>
     <span class='ocr_line' id='line_1_20' title="bbox 79 1497 1464 1558; baseline 0.001 -15"><span class='ocrx_word' id='word_1_155' title='bbox 79 1499 133 1543; x_wconf 89' lang='lat' dir='ltr'>sit</span> <span class='ocrx_word' id='word_1_156' title='bbox 154 1517 163 1543; x_wconf 87' lang='lat'>:</span> <span class='ocrx_word' id='word_1_157' title='bbox 189 1513 268 1543; x_wconf 89' lang='lat' dir='ltr'>nec</span> <span class='ocrx_word' id='word_1_158' title='bbox 289 1498 389 1543; x_wconf 92' lang='lat' dir='ltr'>ideo</span> <span class='ocrx_word' id='word_1_159' title='bbox 410 1499 456 1543; x_wconf 90' lang='lat' dir='ltr'>in</span> <span class='ocrx_word' id='word_1_160' title='bbox 475 1498 590 1542; x_wconf 89' lang='lat' dir='ltr'>bona</span> <span class='ocrx_word' id='word_1_161' title='bbox 608 1497 831 1542; x_wconf 88' lang='lat' dir='ltr'>voluntate</span> <span class='ocrx_word' id='word_1_162' title='bbox 854 1506 1101 1557; x_wconf 90' lang='lat' dir='ltr'>permanet,</span> <span class='ocrx_word' id='word_1_163' title='bbox 1122 1498 1225 1558; x_wconf 87' lang='lat' dir='ltr'>quia</span> <span class='ocrx_word' id='word_1_164' title='bbox 1239 1499 1323 1543; x_wconf 91' lang='lat' dir='ltr'>hoc</span> <span class='ocrx_word' id='word_1_165' title='bbox 1340 1513 1464 1544; x_wconf 89' lang='lat' dir='ltr'>acce-</span> 
     </span>
     <span class='ocr_line' id='line_1_21' title="bbox 78 1568 1465 1630; baseline 0.002 -18"><span class='ocrx_word' id='word_1_166' title='bbox 78 1569 144 1629; x_wconf 87' lang='lat' dir='ltr'>pit</span> <span class='ocrx_word' id='word_1_167' title='bbox 160 1570 354 1614; x_wconf 86' lang='lat' dir='ltr'>officium</span> <span class='ocrx_word' id='word_1_168' title='bbox 373 1591 384 1628; x_wconf 81' lang='lat'>3</span> <span class='ocrx_word' id='word_1_169' title='bbox 405 1569 480 1614; x_wconf 90' lang='lat' dir='ltr'>sed</span> <span class='ocrx_word' id='word_1_170' title='bbox 502 1570 600 1614; x_wconf 92' lang='lat' dir='ltr'>ideo</span> <span class='ocrx_word' id='word_1_171' title='bbox 619 1569 784 1629; x_wconf 87' lang='lat' dir='ltr'>accepit</span> <span class='ocrx_word' id='word_1_172' title='bbox 798 1604 810 1624; x_wconf 88' lang='lat'>,</span> <span class='ocrx_word' id='word_1_173' title='bbox 835 1569 1040 1629; x_wconf 90' lang='lat' dir='ltr'>quoniam</span> <span class='ocrx_word' id='word_1_174' title='bbox 1058 1569 1112 1613; x_wconf 89' lang='lat' dir='ltr'>ab</span> <span class='ocrx_word' id='word_1_175' title='bbox 1136 1568 1213 1614; x_wconf 92' lang='lat' dir='ltr'>illo</span> <span class='ocrx_word' id='word_1_176' title='bbox 1234 1570 1311 1630; x_wconf 90' lang='lat' dir='ltr'>qui</span> <span class='ocrx_word' id='word_1_177' title='bbox 1343 1569 1465 1616; x_wconf 89' lang='lat' dir='ltr'>dedit</span> 
     </span>
     <span class='ocr_line' id='line_1_22' title="bbox 78 1640 1465 1700; baseline 0.001 -16"><span class='ocrx_word' id='word_1_178' title='bbox 78 1655 359 1700; x_wconf 87' lang='lat' dir='ltr'>permansura</span> <span class='ocrx_word' id='word_1_179' title='bbox 377 1640 557 1699; x_wconf 70' lang='lat' dir='ltr'>praevisa</span> <span class='ocrx_word' id='word_1_180' title='bbox 579 1649 656 1684; x_wconf 86' lang='lat' dir='ltr'>est.</span> <span class='ocrx_word' id='word_1_181' title='bbox 676 1642 925 1685; x_wconf 84' lang='lat' dir='ltr'>Nectamen</span> <span class='ocrx_word' id='word_1_182' title='bbox 942 1655 1018 1684; x_wconf 88' lang='lat' dir='ltr'>sua</span> <span class='ocrx_word' id='word_1_183' title='bbox 1035 1641 1256 1700; x_wconf 85' lang='lat' dir='ltr'>majestate</span> <span class='ocrx_word' id='word_1_184' title='bbox 1270 1642 1465 1686; x_wconf 88' lang='lat' dir='ltr'>continet</span> 
     </span>
     <span class='ocr_line' id='line_1_23' title="bbox 79 1710 1464 1772; baseline 0.001 -17"><span class='ocrx_word' id='word_1_185' title='bbox 79 1711 240 1766; x_wconf 87' lang='lat' dir='ltr'>omnia,</span> <span class='ocrx_word' id='word_1_186' title='bbox 278 1711 354 1755; x_wconf 92' lang='lat' dir='ltr'>sed</span> <span class='ocrx_word' id='word_1_187' title='bbox 387 1711 642 1755; x_wconf 82' lang='lat' dir='ltr'>inhaerendo</span> <span class='ocrx_word' id='word_1_188' title='bbox 673 1710 789 1755; x_wconf 88' lang='lat' dir='ltr'>illius</span> <span class='ocrx_word' id='word_1_189' title='bbox 822 1711 1056 1771; x_wconf 84' lang='lat' dir='ltr'>majestati,</span> <span class='ocrx_word' id='word_1_190' title='bbox 1081 1720 1125 1755; x_wconf 90' lang='lat' dir='ltr'>et</span> <span class='ocrx_word' id='word_1_191' title='bbox 1154 1713 1246 1772; x_wconf 87' lang='lat' dir='ltr'>ejus</span> <span class='ocrx_word' id='word_1_192' title='bbox 1276 1712 1464 1772; x_wconf 88' lang='lat' dir='ltr'>imperiis</span> 
     </span>
     <span class='ocr_line' id='line_1_24' title="bbox 79 1781 1464 1844; baseline 0.002 -18"><span class='ocrx_word' id='word_1_193' title='bbox 79 1781 354 1826; x_wconf 88' lang='lat' dir='ltr'>devotissime</span> <span class='ocrx_word' id='word_1_194' title='bbox 375 1781 738 1841; x_wconf 84' lang='lat' dir='ltr'>obtemperando,</span> <span class='ocrx_word' id='word_1_195' title='bbox 762 1797 786 1826; x_wconf 90' lang='lat' dir='ltr'>a</span> <span class='ocrx_word' id='word_1_196' title='bbox 808 1797 896 1842; x_wconf 90' lang='lat' dir='ltr'>quo</span> <span class='ocrx_word' id='word_1_197' title='bbox 919 1791 962 1826; x_wconf 93' lang='lat' dir='ltr'>et</span> <span class='ocrx_word' id='word_1_198' title='bbox 989 1797 1066 1842; x_wconf 91' lang='lat' dir='ltr'>per</span> <span class='ocrx_word' id='word_1_199' title='bbox 1087 1798 1220 1843; x_wconf 89' lang='lat' dir='ltr'>quem</span> <span class='ocrx_word' id='word_1_200' title='bbox 1244 1792 1287 1828; x_wconf 86' lang='lat' dir='ltr'>et</span> <span class='ocrx_word' id='word_1_201' title='bbox 1307 1784 1353 1828; x_wconf 93' lang='lat' dir='ltr'>in</span> <span class='ocrx_word' id='word_1_202' title='bbox 1375 1799 1464 1844; x_wconf 91' lang='lat' dir='ltr'>quo</span> 
     </span>
     <span class='ocr_line' id='line_1_25' title="bbox 78 1852 1464 1916; baseline 0.002 -18"><span class='ocrx_word' id='word_1_203' title='bbox 78 1852 192 1898; x_wconf 88' lang='lat' dir='ltr'>facta</span> <span class='ocrx_word' id='word_1_204' title='bbox 214 1862 315 1898; x_wconf 85' lang='lat' dir='ltr'>sunt</span> <span class='ocrx_word' id='word_1_205' title='bbox 336 1854 496 1898; x_wconf 77' lang='lat' dir='ltr'>omnia.</span> <span class='ocrx_word' id='word_1_206' title='bbox 516 1853 629 1898; x_wconf 91' lang='lat' dir='ltr'>Huic</span> <span class='ocrx_word' id='word_1_207' title='bbox 651 1863 797 1898; x_wconf 86' lang='lat' dir='ltr'>autem</span> <span class='ocrx_word' id='word_1_208' title='bbox 814 1853 965 1898; x_wconf 90' lang='lat' dir='ltr'>datum</span> <span class='ocrx_word' id='word_1_209' title='bbox 978 1863 1041 1898; x_wconf 91' lang='lat' dir='ltr'>est</span> <span class='ocrx_word' id='word_1_210' title='bbox 1062 1854 1240 1916; x_wconf 91' lang='lat' dir='ltr'>quidem</span> <span class='ocrx_word' id='word_1_211' title='bbox 1258 1871 1347 1901; x_wconf 89' lang='lat' dir='ltr'>non</span> <span class='ocrx_word' id='word_1_212' title='bbox 1367 1872 1464 1916; x_wconf 89' lang='lat' dir='ltr'>pec-</span> 
     </span>
     <span class='ocr_line' id='line_1_26' title="bbox 80 1924 1462 1984; baseline 0.003 -15"><span class='ocrx_word' id='word_1_213' title='bbox 80 1925 197 1970; x_wconf 87' lang='lat' dir='ltr'>canti</span> <span class='ocrx_word' id='word_1_214' title='bbox 219 1924 566 1983; x_wconf 87' lang='lat' dir='ltr'>potentissimum</span> <span class='ocrx_word' id='word_1_215' title='bbox 589 1925 783 1969; x_wconf 87' lang='lat' dir='ltr'>officium</span> <span class='ocrx_word' id='word_1_216' title='bbox 805 1925 1061 1970; x_wconf 90' lang='lat' dir='ltr'>continendi</span> <span class='ocrx_word' id='word_1_217' title='bbox 1079 1927 1248 1984; x_wconf 67' lang='lat' dir='ltr'>omnia,</span> <span class='ocrx_word' id='word_1_218' title='bbox 1277 1943 1368 1972; x_wconf 92' lang='lat' dir='ltr'>non</span> <span class='ocrx_word' id='word_1_219' title='bbox 1394 1937 1462 1973; x_wconf 89' lang='lat' dir='ltr'>ta-</span> 
     </span>
     <span class='ocr_line' id='line_1_27' title="bbox 79 1995 1464 2058; baseline 0.002 -17"><span class='ocrx_word' id='word_1_220' title='bbox 79 2012 181 2041; x_wconf 91' lang='lat' dir='ltr'>men</span> <span class='ocrx_word' id='word_1_221' title='bbox 207 1996 429 2056; x_wconf 87' lang='lat' dir='ltr'>proprium</span> <span class='ocrx_word' id='word_1_222' title='bbox 447 2031 458 2051; x_wconf 89' lang='lat'>,</span> <span class='ocrx_word' id='word_1_223' title='bbox 484 1995 560 2040; x_wconf 90' lang='lat' dir='ltr'>sed</span> <span class='ocrx_word' id='word_1_224' title='bbox 576 2011 676 2040; x_wconf 93' lang='lat' dir='ltr'>cum</span> <span class='ocrx_word' id='word_1_225' title='bbox 692 1996 787 2050; x_wconf 85' lang='lat' dir='ltr'>illa,</span> <span class='ocrx_word' id='word_1_226' title='bbox 816 2006 1026 2057; x_wconf 87' lang='lat' dir='ltr'>tanquam</span> <span class='ocrx_word' id='word_1_227' title='bbox 1050 1998 1088 2041; x_wconf 91' lang='lat' dir='ltr'>ei</span> <span class='ocrx_word' id='word_1_228' title='bbox 1110 2013 1209 2058; x_wconf 86' lang='lat' dir='ltr'>quae</span> <span class='ocrx_word' id='word_1_229' title='bbox 1234 2007 1464 2058; x_wconf 88' lang='lat' dir='ltr'>peccatura</span> 
     </span>
     <span class='ocr_line' id='line_1_28' title="bbox 79 2067 1468 2130; baseline 0.002 -19"><span class='ocrx_word' id='word_1_230' title='bbox 79 2067 345 2128; x_wconf 81' lang='lat' dir='ltr'>praecognita</span> <span class='ocrx_word' id='word_1_231' title='bbox 368 2076 446 2111; x_wconf 86' lang='lat' dir='ltr'>est.</span> <span class='ocrx_word' id='word_1_232' title='bbox 474 2067 647 2111; x_wconf 84' lang='lat' dir='ltr'>Habent</span> <span class='ocrx_word' id='word_1_233' title='bbox 667 2083 769 2112; x_wconf 89' lang='lat' dir='ltr'>sane</span> <span class='ocrx_word' id='word_1_234' title='bbox 790 2068 995 2128; x_wconf 83' lang='lat' dir='ltr'>spiritalia</span> <span class='ocrx_word' id='word_1_235' title='bbox 1017 2085 1204 2130; x_wconf 82' lang='lat' dir='ltr'>quaeque</span> <span class='ocrx_word' id='word_1_236' title='bbox 1226 2070 1338 2114; x_wconf 87' lang='lat' dir='ltr'>inter</span> <span class='ocrx_word' id='word_1_237' title='bbox 1359 2085 1403 2114; x_wconf 94' lang='lat' dir='ltr'>se</span> <span class='ocrx_word' id='word_1_238' title='bbox 1424 2079 1468 2114; x_wconf 89' lang='lat' dir='ltr'>et</span> 
     </span>
     <span class='ocr_line' id='line_1_29' title="bbox 81 2138 1469 2199; baseline 0.001 -16"><span class='ocrx_word' id='word_1_239' title='bbox 81 2138 438 2198; x_wconf 87' lang='lat' dir='ltr'>conjunctionem</span> <span class='ocrx_word' id='word_1_240' title='bbox 471 2138 561 2181; x_wconf 89' lang='lat' dir='ltr'>sine</span> <span class='ocrx_word' id='word_1_241' title='bbox 588 2138 767 2184; x_wconf 92' lang='lat' dir='ltr'>cumulo</span> <span class='ocrx_word' id='word_1_242' title='bbox 783 2174 794 2194; x_wconf 86' lang='lat'>,</span> <span class='ocrx_word' id='word_1_243' title='bbox 821 2148 864 2184; x_wconf 93' lang='lat' dir='ltr'>et</span> <span class='ocrx_word' id='word_1_244' title='bbox 887 2140 1202 2199; x_wconf 86' lang='lat' dir='ltr'>sejunctionem</span> <span class='ocrx_word' id='word_1_245' title='bbox 1226 2141 1316 2185; x_wconf 89' lang='lat' dir='ltr'>sine</span> <span class='ocrx_word' id='word_1_246' title='bbox 1339 2138 1469 2184; x_wconf 87' lang='lat' dir='ltr'>dimi-</span> 
     </span>
     <span class='ocr_line' id='line_1_30' title="bbox 82 2208 1468 2268; baseline 0.001 -15"><span class='ocrx_word' id='word_1_247' title='bbox 82 2209 264 2253; x_wconf 91' lang='lat' dir='ltr'>nutione</span> <span class='ocrx_word' id='word_1_248' title='bbox 286 2227 294 2253; x_wconf 77' lang='grc' dir='ltr'>ε</span> <span class='ocrx_word' id='word_1_249' title='bbox 317 2217 366 2252; x_wconf 89' lang='lat' dir='ltr'>ut</span> <span class='ocrx_word' id='word_1_250' title='bbox 383 2223 526 2268; x_wconf 87' lang='lat' dir='ltr'>neque</span> <span class='ocrx_word' id='word_1_251' title='bbox 550 2208 830 2268; x_wconf 84' lang='lat' dir='ltr'>adjuvaretur</span> <span class='ocrx_word' id='word_1_252' title='bbox 852 2209 926 2254; x_wconf 84' lang='lat' dir='ltr'>illa</span> <span class='ocrx_word' id='word_1_253' title='bbox 944 2210 989 2254; x_wconf 90' lang='lat' dir='ltr'>in</span> <span class='ocrx_word' id='word_1_254' title='bbox 1012 2211 1190 2256; x_wconf 90' lang='lat' dir='ltr'>actionis</span> <span class='ocrx_word' id='word_1_255' title='bbox 1214 2226 1304 2255; x_wconf 85' lang='lat' dir='ltr'>suae</span> <span class='ocrx_word' id='word_1_256' title='bbox 1326 2210 1468 2256; x_wconf 88' lang='lat' dir='ltr'>facili-</span> 
     </span>
     <span class='ocr_line' id='line_1_31' title="bbox 82 2280 1468 2342; baseline 0.001 -18"><span class='ocrx_word' id='word_1_257' title='bbox 82 2288 200 2335; x_wconf 85' lang='lat' dir='ltr'>tate,</span> <span class='ocrx_word' id='word_1_258' title='bbox 233 2295 333 2324; x_wconf 90' lang='lat' dir='ltr'>cum</span> <span class='ocrx_word' id='word_1_259' title='bbox 363 2280 457 2325; x_wconf 88' lang='lat' dir='ltr'>haec</span> <span class='ocrx_word' id='word_1_260' title='bbox 486 2280 566 2324; x_wconf 88' lang='lat' dir='ltr'>sibi</span> <span class='ocrx_word' id='word_1_261' title='bbox 597 2281 935 2340; x_wconf 85' lang='lat' dir='ltr'>conjungeretur</span> <span class='ocrx_word' id='word_1_262' title='bbox 954 2317 966 2337; x_wconf 86' lang='lat'>,</span> <span class='ocrx_word' id='word_1_263' title='bbox 1000 2297 1143 2342; x_wconf 88' lang='lat' dir='ltr'>neque</span> <span class='ocrx_word' id='word_1_264' title='bbox 1165 2282 1383 2327; x_wconf 85' lang='lat' dir='ltr'>difficilior</span> <span class='ocrx_word' id='word_1_265' title='bbox 1404 2281 1468 2326; x_wconf 90' lang='lat' dir='ltr'>illi</span> 
     </span>
     <span class='ocr_line' id='line_1_32' title="bbox 83 2351 1462 2412; baseline 0.003 -18"><span class='ocrx_word' id='word_1_266' title='bbox 83 2351 194 2395; x_wconf 92' lang='lat' dir='ltr'>actio</span> <span class='ocrx_word' id='word_1_267' title='bbox 220 2351 370 2405; x_wconf 85' lang='lat' dir='ltr'>fieret,</span> <span class='ocrx_word' id='word_1_268' title='bbox 401 2352 430 2395; x_wconf 88' lang='lat' dir='ltr'>si</span> <span class='ocrx_word' id='word_1_269' title='bbox 460 2351 553 2395; x_wconf 88' lang='lat' dir='ltr'>haee</span> <span class='ocrx_word' id='word_1_270' title='bbox 587 2351 779 2396; x_wconf 87' lang='lat' dir='ltr'>officium</span> <span class='ocrx_word' id='word_1_271' title='bbox 809 2367 936 2396; x_wconf 90' lang='lat' dir='ltr'>suum</span> <span class='ocrx_word' id='word_1_272' title='bbox 974 2352 1195 2412; x_wconf 90' lang='lat' dir='ltr'>peccando</span> <span class='ocrx_word' id='word_1_273' title='bbox 1232 2353 1462 2398; x_wconf 85' lang='lat' dir='ltr'>desereret.</span> 
     </span>
     <span class='ocr_line' id='line_1_33' title="bbox 82 2421 1466 2484; baseline 0.002 -17"><span class='ocrx_word' id='word_1_274' title='bbox 82 2423 178 2467; x_wconf 92' lang='lat' dir='ltr'>Non</span> <span class='ocrx_word' id='word_1_275' title='bbox 202 2421 317 2466; x_wconf 88' lang='lat' dir='ltr'>enim</span> <span class='ocrx_word' id='word_1_276' title='bbox 337 2421 441 2466; x_wconf 89' lang='lat' dir='ltr'>locis</span> <span class='ocrx_word' id='word_1_277' title='bbox 457 2433 498 2468; x_wconf 90' lang='lat' dir='ltr'>et</span> <span class='ocrx_word' id='word_1_278' title='bbox 514 2422 628 2468; x_wconf 89' lang='lat' dir='ltr'>mole</span> <span class='ocrx_word' id='word_1_279' title='bbox 643 2439 890 2483; x_wconf 89' lang='lat' dir='ltr'>corporum,</span> <span class='ocrx_word' id='word_1_280' title='bbox 909 2423 982 2468; x_wconf 91' lang='lat' dir='ltr'>sed</span> <span class='ocrx_word' id='word_1_281' title='bbox 1001 2425 1214 2484; x_wconf 89' lang='lat' dir='ltr'>parilitate</span> <span class='ocrx_word' id='word_1_282' title='bbox 1227 2425 1466 2472; x_wconf 88' lang='lat' dir='ltr'>affectuum</span> 
     </span>
     <span class='ocr_line' id='line_1_34' title="bbox 79 2492 1462 2555; baseline 0.004 -19"><span class='ocrx_word' id='word_1_283' title='bbox 79 2493 230 2552; x_wconf 85' lang='lat' dir='ltr'>jungi,</span> <span class='ocrx_word' id='word_1_284' title='bbox 254 2502 297 2537; x_wconf 90' lang='lat' dir='ltr'>et</span> <span class='ocrx_word' id='word_1_285' title='bbox 322 2492 571 2553; x_wconf 85' lang='lat' dir='ltr'>disparitate</span> <span class='ocrx_word' id='word_1_286' title='bbox 593 2494 763 2554; x_wconf 89' lang='lat' dir='ltr'>sejungi</span> <span class='ocrx_word' id='word_1_287' title='bbox 789 2504 969 2554; x_wconf 88' lang='lat' dir='ltr'>possunt</span> <span class='ocrx_word' id='word_1_288' title='bbox 990 2496 1199 2555; x_wconf 86' lang='lat' dir='ltr'>spiritales</span> <span class='ocrx_word' id='word_1_289' title='bbox 1226 2505 1436 2543; x_wconf 82' lang='lat' dir='ltr'>creaturae</span> <span class='ocrx_word' id='word_1_290' title='bbox 1451 2531 1462 2553; x_wconf 93' lang='lat'>,</span> 
     </span>
     <span class='ocr_line' id='line_1_35' title="bbox 85 2564 1060 2627; baseline 0.005 -20"><span class='ocrx_word' id='word_1_291' title='bbox 85 2564 281 2622; x_wconf 89' lang='lat' dir='ltr'>quamvis</span> <span class='ocrx_word' id='word_1_292' title='bbox 297 2579 477 2625; x_wconf 89' lang='lat' dir='ltr'>corpora</span> <span class='ocrx_word' id='word_1_293' title='bbox 499 2580 575 2611; x_wconf 90' lang='lat' dir='ltr'>sua</span> <span class='ocrx_word' id='word_1_294' title='bbox 597 2580 784 2627; x_wconf 83' lang='lat' dir='ltr'>quaeque</span> <span class='ocrx_word' id='word_1_295' title='bbox 799 2565 1060 2626; x_wconf 85' lang='lat' dir='ltr'>possideant.</span> 
     </span>
    </p>
   </div>
  </div>
 </body>
</html>
