1729 3143
438 246 493 272 DE
524 245 675 273 ummo
707 241 922 282 ARBITmo,
957 242 1041 271 Lm.
1077 244 1145 271 111.
1180 246 1189 247 ff
1397 231 1482 272 409

99 320 247 370 peccat
271 320 504 371 antequam
526 311 601 355 fiat
622 310 789 370 sapiens
809 330 820 367 3
845 310 879 354 si
903 318 978 354 aut
998 324 1042 354 se
1065 325 1154 354 non
1183 310 1481 355 accommodet

36 404 37 410 =
99 381 153 425 ad
170 381 471 441 accipiendum
494 390 762 441 praeceptum
779 415 790 434 ,
816 389 891 424 aut
917 396 1018 424 cum
1050 381 1263 439 acceperit
1290 396 1379 425 non
1407 381 1480 425 ob-

97 461 251 496 servet.
281 454 457 512 Sapiens
480 461 626 497 autem
648 459 799 510 peccat
816 485 826 505 ,
857 451 890 494 si
913 466 956 494 se
985 452 1188 495 averterit
1211 466 1235 495 a
1252 452 1476 511 sapientia.

99 524 219 568 Sicut
238 524 352 568 enim
375 533 641 583 praeceptum
659 538 747 567 non
770 530 833 565 est
854 522 909 565 ab
927 521 1002 566 illo
1021 522 1091 565 cui
1107 523 1380 582 praecipitur,
1407 523 1481 568 se'd

95 595 151 638 ab
172 594 247 639 illo
272 596 348 654 qui
372 595 568 654 praecipit
590 614 599 640 ε
631 594 689 638 sic
719 602 762 637 et
784 593 989 652 sapientia
1014 609 1103 637 non
1126 603 1188 638 est
1211 594 1265 638 ab
1300 595 1375 639 illo
1406 595 1483 655 qui

94 664 367 708 illuminatur
382 699 392 719 ‚
418 664 493 708 sed
515 665 569 709 ab
592 663 667 708 illo
686 663 763 723 qui
780 663 1010 707 illuminat.
1032 663 1149 716 Quid
1166 679 1267 723 ergo
1284 674 1346 709 est
1363 664 1482 709 unde

96 750 185 779 non
210 734 458 779 laudandus
479 735 532 779 sit
551 735 737 779 hominis
760 736 973 779 Creator?
1002 736 1173 778 Bonum
1191 743 1254 779 est
1271 735 1385 779 enim
1404 735 1482 779 ali-

97 804 220 866 quod
236 806 393 860 homo,
414 815 457 850 et
483 805 638 850 melius
663 820 793 866 quam
813 821 945 865 pecus
952 840 968 862 ,
992 820 1042 849 ex
1064 821 1115 850 eo
1137 806 1255 866 quod
1274 806 1480 866 praecepti

93 891 240 935 capax.
266 879 324 920 Et
345 876 428 921 hoc
450 875 627 932 melius,
649 892 748 920 cum
771 885 1039 936 praeceptum
1054 875 1144 932 jam
1159 876 1290 933 cepit.
1316 878 1480 920 Rursus

91 946 175 990 hoc
197 945 368 999 melius,
393 960 493 988 cum
510 953 729 1003 praecepto
746 943 906 1003 paruit.
926 945 984 987 Et
1000 942 1066 986 his
1084 943 1287 988 omnibus
1305 944 1475 1001 melius,

90 1032 190 1061 cum
214 1025 378 1060 aeterno
395 1016 562 1060 lumine
580 1016 801 1075 sapientiae
818 1016 971 1059 beatus
987 1023 1065 1059 est.
1088 1018 1320 1060 Peccatum
1334 1025 1478 1062 autem

90 1087 254 1132 malum
276 1097 339 1132 est
361 1088 404 1131 in
436 1087 698 1146 negligentia
720 1087 788 1132 vel
811 1086 863 1132 ad
887 1087 1148 1147 capiendum
1177 1097 1445 1148 praeceptum
1466 1124 1477 1145 ,

90 1159 160 1205 vel
175 1159 229 1203 ad
257 1157 579 1203 observandum
598 1194 609 1214 ,
633 1158 703 1202 vel
722 1159 776 1203 ad
799 1159 1126 1203 custodiendam
1144 1159 1479 1219 contemplatio-

90 1245 190 1274 nem
209 1229 445 1289 sapientiae.
467 1231 531 1273 Ex
547 1245 635 1289 quo
652 1229 929 1288 intelligitur,
946 1230 1111 1274 etiamsi
1128 1231 1297 1289 sapiens
1314 1231 1479 1290 primus

26 1332 29 1351 f
89 1301 222 1344 homo
244 1297 382 1344 factus
404 1309 492 1354 est,
515 1299 707 1358 potuisse
734 1308 881 1343 tamen
909 1298 1072 1344 seduci.
1098 1299 1228 1353 Quod
1250 1311 1478 1360 peccatum

25 1401 27 1408 ·
90 1385 189 1415 cum
222 1378 332 1414 esset
360 1370 405 1413 in
438 1369 577 1414 libero
607 1369 809 1425 arbitrio,
840 1371 954 1430 justa
975 1405 986 1425 ,
1020 1370 1167 1415 divina
1197 1371 1293 1430 lege
1311 1407 1321 1427 ,
1346 1387 1479 1431 poena

90 1449 321 1486 consecuta
352 1448 430 1485 est.
468 1443 534 1485 Ita
557 1439 661 1484 dicit
695 1440 825 1484 etiam
861 1440 1082 1500 apostolus
1116 1440 1276 1486 Paulus
1309 1462 1317 1487 ε
1353 1461 1373 1485 «
1403 1442 1480 1487 Di-

22 1516 26 1572 }
94 1531 112 1553 »
138 1520 283 1556 centes
308 1527 353 1555 se
376 1526 464 1555 esse
495 1511 735 1570 sapientes,
767 1510 888 1555 stulti
916 1509 1021 1556 facti
1041 1514 1184 1556 sunt1.
1215 1529 1236 1554 »
1268 1513 1479 1572 Superbia

89 1583 204 1627 enim
224 1583 378 1628 avertit
400 1598 423 1627 a
445 1583 652 1643 sapientia
671 1602 679 1628 :
709 1584 975 1628 aversionem
994 1593 1140 1628 autem
1165 1583 1348 1629 stultitia
1369 1600 1479 1630 con-

19 1680 23 1712 g
89 1653 304 1713 sequitur.
351 1652 544 1699 Stultitia
582 1654 745 1714 quippe
781 1655 950 1700 caecitas
992 1655 1196 1716 quaedam
1236 1665 1329 1715 est,
1369 1657 1480 1702 sicut

19 1745 21 1781 i
88 1722 205 1767 idem
226 1723 331 1767 dicit
364 1743 372 1768 :
402 1743 422 1766 «
445 1727 502 1768 Et
527 1724 808 1769 obscuratum
832 1735 895 1770 est
924 1726 1132 1786 insipiens
1156 1742 1231 1772 cor
1257 1743 1425 1772 eorum.
1453 1746 1474 1769 »

91 1793 216 1838 Unde
243 1802 389 1838 autem
408 1795 503 1839 haec
525 1794 793 1851 obscuratio,
823 1796 905 1840 nisi
935 1811 987 1841 ex
1018 1797 1239 1842 aversione
1267 1814 1290 1843 a
1313 1798 1479 1843 lumine

88 1864 338 1923 sapientiae?
366 1864 492 1909 Unde
523 1875 668 1910 autem
700 1866 796 1910 haec
826 1867 1017 1922 aversio,
1051 1867 1133 1911 nisi
1164 1867 1270 1912 dum
1303 1868 1376 1912 ille
1407 1869 1478 1914 cui

88 1934 256 1979 bonum
290 1944 354 1978 est
382 1938 495 1979 Deus
514 1970 525 1990 ,
563 1936 644 1980 sibi
675 1937 766 1996 ipse
793 1935 889 1981 vult
911 1952 1000 1981 esse
1030 1937 1197 1982 bonum
1229 1953 1384 1994 suum,
1417 1939 1477 1983 si-

89 2005 180 2050 cuti
204 2005 286 2048 sibi
308 2014 370 2049 est
391 2007 541 2050 Deus?
567 2025 587 2048 α
608 2010 762 2067 Itaque
793 2007 847 2051 ad
884 2023 954 2051 me
980 2009 1121 2067 ipsum
1136 2043 1147 2064 ,
1172 2009 1315 2069 inquit
1334 2044 1344 2064 ,
1371 2024 1478 2054 con-

93 2095 113 2119 »
135 2076 307 2121 turbata
330 2085 392 2121 est
410 2077 553 2122 anima
575 2093 671 2122 mea
683 2081 715 2122 ².
736 2097 756 2120 »
780 2081 857 2134 Et,
890 2097 909 2120 «
934 2079 1114 2124 Gustate
1129 2114 1141 2136 ,
1166 2088 1210 2124 et
1231 2080 1348 2125 eritis
1367 2081 1477 2125 sicut

93 2165 113 2189 »
134 2146 235 2191 diiss.
261 2165 282 2188 »

148 2219 354 2261 LXXIII.
392 2217 554 2261 Tui-bat
572 2226 717 2262 autem
742 2217 1091 2276 considerantes,
1113 2219 1234 2280 quod
1266 2221 1325 2265 ita
1354 2236 1477 2281 quae-

69 2297 191 2333 ·runt
211 2307 220 2332 :
249 2287 523 2333 Stultitia-ne
545 2289 709 2348 primus
730 2289 865 2334 homo
895 2291 1066 2335 recessit
1083 2307 1107 2336 a
1130 2294 1248 2347 Deo,
1271 2306 1326 2338 an
1356 2307 1476 2337 rece-

90 2358 235 2404 dendo
252 2358 410 2403 stultus
427 2358 568 2403 factus
587 2361 681 2403 est?
703 2360 813 2412 Quia
831 2360 864 2404 si
882 2361 1152 2421 responderis
1169 2377 1268 2406 eum
1293 2361 1474 2408 stultitia

91 2431 286 2475 recessise
321 2446 343 2474 a
381 2431 616 2490 sapientia,
642 2431 862 2475 videbitur
891 2432 1049 2477 stultus
1081 2432 1210 2478 fuisse
1237 2442 1471 2494 antequam

90 2500 309 2547 recederet
342 2517 365 2545 a
397 2502 605 2561 sapientia
628 2537 639 2557 ,
676 2511 726 2547 ut
756 2502 936 2549 stultitia
969 2503 1032 2548 illi
1057 2519 1183 2550 causa
1211 2513 1321 2550 esset
1352 2519 1472 2551 rece·-

134 2589 147 2609 ¹
165 2589 254 2620 Rom.
276 2595 354 2620 122.
372 2604 413 2611 —
432 2595 445 2612 ²
464 2587 543 2621 Psal.
563 2599 626 2631 xm,
648 2598 679 2630 7.
697 2605 736 2616 ι-
757 2587 770 2613 3
789 2591 868 2623 Gen.
888 2600 934 2631 in,
954 2589 985 2623 5.
