1729 3143
474 161 527 187 DE
560 160 757 194 TEMPORE
789 158 1032 194 BARRAmco.
1362 151 1442 193 175

64 226 245 277 foemina
261 227 292 280 ¹,
313 225 389 268 sed
410 239 559 275 omnes
571 225 657 274 sint
667 239 805 273 unum
818 232 1094 275 occurrentes
1109 223 1156 271 in
1177 223 1319 269 virum
1342 239 1444 283 per-

63 294 255 352 fectum3
283 293 506 339 descendit
535 303 682 338 tamen
705 293 789 336 hoc
815 292 982 338 donum
1004 309 1058 337 ex
1084 306 1239 350 magna
1261 294 1396 351 gratia
1409 297 1443 337 ².

64 368 279 424 Perpetua
295 365 409 411 enim
427 373 470 408 et
491 362 689 408 Felicitas
705 362 883 410 nomina
900 363 1079 408 istarum
1094 372 1342 408 sanctarum
1358 362 1448 411 foe-

63 434 280 479 minarum
297 470 308 489 ,
335 448 496 478 merces
519 441 582 476 est
600 440 849 482 sanctorum
871 432 1070 476 omnium
1091 435 1351 491 Martyrum.

122 507 223 549 VII.
261 504 375 549 Vicit
395 502 609 548 mundum
628 502 758 546 etiam
775 504 799 546 J
803 502 860 546 ob
873 500 948 545 ille
966 503 1168 547 omnibus
1185 503 1449 556 notissimus,

63 575 190 619 toties
212 583 426 628 tentatus,
459 572 535 618 sed
551 572 732 616 minime
759 581 1002 632 superatus.
1036 572 1240 631 Implevit
1262 574 1453 619 domini-

63 658 164 687 cum
181 651 449 701 praeceptum
472 661 480 686 :
505 642 766 701 contempsit
782 641 893 686 filios
911 677 922 698 ,
947 657 1003 686 ne
1022 641 1361 701 blasphemaret,
1378 643 1454 703 qui

63 712 244 758 dederat
263 713 388 757 filios.
414 712 593 772 Repulit
621 729 643 758 a
663 728 707 757 se
728 729 932 769 uxorem,
956 729 1056 773 quae
1079 714 1119 757 ei
1136 713 1455 773 blasphemiam

62 781 375 842 persuadebat,
401 798 536 843 quam
561 782 763 828 diabolus
785 795 1016 843 propterea
1038 783 1174 828 solam
1201 783 1454 839 dimiserat,

0 902 1 907 ¹
63 853 165 913 quia
182 852 264 898 sibi
278 868 374 897 eam
396 853 681 904 neeessariam
701 869 791 898 esse
812 863 1008 900 noverat.
1029 856 1128 899 Non
1144 855 1260 898 enim
1280 853 1458 898 dimise—

64 931 131 966 rat
151 921 308 967 marito
329 922 671 978 consolatricem,
697 923 773 968 sed
793 939 884 968 suae
899 924 1151 969 tentationis
1169 923 1430 984 adjutricem
1448 943 1458 968 ι

64 990 229 1035 fecerat
253 1007 348 1034 eam
375 995 508 1035 Evam
534 1008 715 1046 novam,
739 993 816 1037 sed
836 994 910 1037 ille
932 1010 1022 1038 non
1039 1003 1131 1038 erat
1153 1003 1278 1038 vetus
1300 995 1458 1038 Adam.

64 1059 337 1104 Existimavit
364 1057 494 1102 etiam
523 1055 655 1103 istum
687 1056 800 1099 sicut
827 1055 954 1100 illum
976 1072 1054 1116 per
1085 1063 1315 1104 mulierem
1337 1077 1463 1121 posse

66 1129 295 1188 decipere:
321 1126 398 1171 sed
418 1128 498 1170 iste
520 1127 768 1185 spernendo
797 1141 979 1170 uxorem
1010 1129 1193 1186 pessima
1222 1145 1463 1189 suggeren-

67 1209 156 1245 tem
173 1235 184 1255 ,
209 1199 416 1245 divinitus
438 1198 612 1255 adjutus
626 1232 638 1252 ,
666 1198 795 1241 etiam
810 1197 953 1257 ipsum
970 1197 1196 1244 diabolum
1217 1201 1263 1244 in
1285 1202 1361 1246 illa
1383 1219 1462 1248 va-

68 1271 150 1315 luit
181 1284 397 1329 superare.
436 1269 609 1312 Fortior
640 1267 710 1312 fut
741 1268 827 1312 Job
856 1268 903 1312 in
931 1267 1200 1325 doloribus³‚
1229 1287 1363 1330 quam
1392 1273 1466 1317 ille

69 1340 209 1386 Adam
226 1341 272 1383 in
293 1339 544 1383 nemoribus
566 1358 575 1383 ε
600 1339 680 1382 iste
700 1353 792 1383 non
815 1339 941 1383 cessit
959 1341 1187 1385 tormentis
1203 1375 1216 1396 ,
1240 1340 1313 1385 ille
1335 1358 1467 1402 supe—

71 1419 188 1455 ratus
200 1419 263 1454 est
273 1410 320 1453 in
336 1409 515 1454 deliciis.
531 1408 713 1463 Videtis,
729 1408 1013 1463 dilectissimi,
1027 1410 1135 1469 quid
1152 1420 1251 1468 agat
1264 1414 1464 1471 tentatio,

71 1496 204 1541 quam
226 1479 353 1524 utiles
382 1480 467 1523 sint
495 1479 626 1537 hujus
656 1478 812 1522 mundi
838 1494 1075 1537 pressurae,
1102 1489 1146 1524 et
1177 1482 1466 1540 quemadmo-

73 1550 180 1595 dum
202 1558 484 1609 corrumpant
508 1558 691 1593 terrenae
719 1548 902 1593 deliciae.
938 1550 1213 1609 Contempsit
1241 1553 1326 1596 Job
1358 1570 1469 1599 uxo-

74 1636 166 1665 rem
182 1655 193 1675 ,
239 1619 348 1664 filios
365 1654 376 1675 ,
415 1620 561 1664 omnia
596 1634 696 1675 sua,
723 1629 873 1678 postea
912 1629 955 1664 et
986 1636 1161 1665 carnem
1194 1638 1332 1668 suam.
1367 1625 1470 1671 Plus

74 1690 235 1742 amavit
257 1705 359 1734 eum
380 1690 457 1749 qui
474 1689 669 1744 dederat,
695 1705 830 1749 quam
849 1689 894 1733 id
911 1690 1031 1750 quod
1053 1691 1250 1736 dederat.
1278 1696 1388 1739 Usus
1408 1706 1472 1741 est

75 1760 196 1820 quod
229 1768 453 1819 acceperat
467 1793 479 1814 ,
515 1768 726 1819 tanquam
759 1760 901 1805 bonus
929 1761 1070 1806 viator
1090 1777 1098 1804 :
1128 1762 1320 1821 possedit
1336 1799 1348 1821 ,
1382 1781 1472 1811 non

75 1844 291 1889 possessus
312 1839 391 1874 est.
411 1832 468 1873 At
484 1830 563 1873 ubi
583 1845 632 1874 ea
650 1828 816 1889 placuit
830 1830 1002 1876 auferre
1018 1832 1096 1892 qui
1119 1831 1315 1888 dederat,
1336 1835 1473 1881 bene-

77 1899 210 1955 dixit,
236 1915 326 1944 non
354 1899 671 1960 blasphemavit
694 1920 703 1946 :
732 1902 1002 1957 «Dominus,
1036 1902 1208 1963 inquit,
1244 1905 1394 1962 dedit,
1430 1916 1473 1952 et

81 1987 102 2011 »
128 1970 340 2021 Dominus
357 1970 561 2022 abstulit;
581 1971 692 2015 sicut
711 1971 898 2020 Domino
915 1972 1096 2032 placuit,
1117 1974 1176 2018 ita
1193 1975 1361 2020 iactum
1379 1986 1467 2021 est:

86 2059 106 2082 »
127 2040 181 2084 sit
191 2055 352 2084 nomen
366 2042 541 2086 Domini
555 2041 903 2087 benedictum4.»
917 2044 1155 2089 Imitamini
1168 2045 1299 2090 talem
1310 2047 1469 2103 virum,

80 2110 310 2155 imitamini
333 2109 438 2154 tales
456 2110 533 2154 filii
554 2126 643 2156 esse
660 2113 793 2157 etiam
813 2113 1038 2172 flagellati,
1061 2123 1110 2159 ut
1133 2117 1383 2162 mereamini
1402 2133 1472 2162 re·

81 2180 182 2239 cipi.
214 2198 234 2221 «
251 2183 282 2223 F
288 2178 464 2238 lagellat
481 2181 596 2224 enim
614 2195 791 2225 omnem
807 2182 948 2227 filium
970 2199 1102 2244 quem
1124 2187 1318 2246 recipitss.
1333 2205 1354 2229 »
1376 2188 1472 2232 Dis-

84 2248 288 2307 ciplinam
319 2251 411 2310 ejus
443 2251 652 2296 sustinete
685 2270 694 2296 :
725 2252 838 2296 sicut
860 2253 995 2309 filios,
1020 2256 1080 2301 ita
1112 2272 1188 2302 vos
1220 2258 1470 2316 aggreditur

85 2321 213 2363 Deus.

133 2427 143 2450 ι
163 2420 231 2454 Gal.
252 2432 306 2460 111,
328 2422 383 2454 28.
402 2439 443 2445 —
461 2428 474 2445 ²
495 2422 609 2465 Ephes.
634 2434 683 2465 xv,
707 2424 757 2456 13.
781 2440 821 2448 —
837 2422 851 2448 3
870 2428 914 2458 Ex
929 2425 985 2460 lib.
1006 2427 1047 2460 de
1065 2427 1233 2462 Patientia.
1255 2447 1295 2454 —-
1309 2429 1327 2461 4
1346 2430 1420 2464 Job.
1442 2443 1465 2473 1,

88 2485 142 2509 21.
158 2492 199 2500 —·
213 2475 228 2500 5
247 2476 345 2509 Hebr.
366 2481 471 2519 x11,6.
