1729 3143
0 1545 28 1590 ha

309 230 392 257 Lm.
429 230 459 255 1.
495 229 549 256 niz
581 229 766 257 moranus
798 228 999 257 ECCLESIAE
1028 225 1286 257 CATHOLICAE.
1412 216 1496 257 543

115 307 245 337 nemo
267 293 347 337 nisi
372 292 523 337 fideles
541 327 552 347 ‚
579 301 623 337 et
640 308 711 338 eos
727 293 802 353 qui
823 293 926 337 huic
948 292 1112 338 mundo
1135 293 1497 349 renuntiaverint,

115 362 357 420 intelligere
381 361 578 406 audebit.
607 362 692 407 Sed
713 362 920 422 quoniam
941 363 1129 408 ostendit
1145 364 1304 424 quibus
1319 363 1502 422 scripse-

120 432 204 486 rit,
230 431 453 476 videamus
474 440 623 476 utrum
644 432 711 476 his
729 431 802 475 issa
816 432 1051 491 permittat.
1072 436 1137 477 Ita
1152 433 1267 478 enim
1280 433 1500 493 sequitur:

122 519 144 543 «
171 501 328 546 Omnia
345 501 452 545 mihi
472 501 589 546 licita
610 510 726 556 sunt,
746 499 822 545 sed
841 517 930 546 non
949 503 1092 547 omnia
1110 503 1346 562 expediunt
1367 522 1376 548 ε
1396 504 1505 547 Om-

121 590 141 613 »
168 572 239 615 nia
262 571 369 615 mihi
388 571 507 616 licita
527 581 654 627 sunt,
679 569 756 615 sed
781 586 861 630 ego
883 571 964 615 sub
989 572 1136 617 nullus
1159 571 1329 632 redigar
1355 581 1503 632 potes-

123 662 140 683 »
166 650 269 687 tate.
291 644 398 687 Esca
418 643 583 698 ventri,
604 651 648 687 et
669 650 821 687 venter
843 643 970 697 escis,
997 644 1111 687 Deus
1134 653 1281 688 autem
1300 653 1343 688 et
1360 644 1438 688 has
1460 653 1504 688 et

121 730 141 753 »
166 712 286 757 hunc
303 712 513 757 destruet.
537 714 705 772 Corpus
724 721 870 756 autem
891 727 981 757 non
997 711 1302 769 fornicationi,
1325 714 1401 759 sed
1418 717 1506 759 Do-

121 799 142 823 »
167 782 286 826 mino
303 816 314 837 ,
335 792 378 827 et
400 783 610 826 Dominus
632 781 818 841 corpori.
849 785 958 826 Deus
981 798 1083 827 vero
1104 784 1327 829 suscitavit
1349 784 1502 829 Domi-

122 869 142 892 »
167 866 291 906 num,
317 860 360 895 et
381 866 459 896 nos
483 867 661 912 quoque
691 851 916 896 suscitabit
944 867 1022 911 per
1042 853 1251 898 virtutem
1273 869 1411 899 suam.
1436 856 1507 899 An

123 939 143 962 »
172 921 342 966 nescitis
364 922 572 981 quoniam
602 935 783 979 corpora
810 930 952 966 vestra
973 923 1169 967 membra
1197 924 1358 968 Christi
1379 925 1508 969 sunt?

122 1009 142 1032 »
170 991 343 1035 Tollens
368 1005 470 1048 ergo
497 990 692 1034 membra
713 991 901 1046 Christi,
935 992 1123 1037 efficiam
1152 994 1347 1038 membra
1369 1009 1510 1039 mere-

125 1080 145 1102 »
171 1061 318 1106 tricis?
341 1061 467 1105 absit.
497 1063 567 1105 An
589 1061 786 1117 nescitis,
812 1063 1020 1122 quoniam
1049 1064 1126 1123 qui
1152 1063 1346 1109 adhaeret
1367 1079 1511 1109 mere-

126 1152 144 1173 »
170 1132 266 1177 trici
283 1166 294 1187 ‚
321 1147 460 1176 unum
483 1147 641 1191 corpus
664 1132 855 1177 efficitur
870 1134 888 1177 P
906 1136 1048 1178 Erunt
1064 1135 1179 1178 enim
1197 1169 1208 1189 ,
1233 1135 1398 1195 inquit,
1424 1135 1513 1180 duo

124 1221 144 1244 »
170 1203 216 1246 in
233 1217 362 1246 carne
379 1218 482 1247 una.
505 1202 591 1256 Qui
611 1211 757 1246 autem
779 1202 974 1247 adhaeret
989 1204 1192 1260 Domino,
1209 1220 1323 1250 unus
1339 1206 1513 1265 spiritus

124 1290 145 1314 »
170 1281 247 1316 est.
265 1273 422 1330 Fugite
438 1272 791 1318 fornicationem.
805 1274 946 1318 Omne
959 1284 1187 1333 peccatum
1198 1276 1513 1336 quodcumque

127 1361 147 1383 »
173 1342 322 1386 fecerit
341 1343 498 1397 homo,
521 1353 640 1388 extra
657 1359 813 1403 corpus
836 1354 899 1389 est
920 1361 929 1386 ι
955 1346 1032 1405 qui
1060 1354 1205 1391 autem
1235 1345 1479 1391 fornicatur
1495 1380 1507 1402 ‚

128 1431 150 1454 »
175 1414 219 1456 in
246 1428 401 1472 corpus
428 1428 556 1456 suum
584 1423 748 1472 peccat.
779 1417 848 1459 An
878 1416 1050 1460 nescitis
1077 1417 1285 1476 quoniam
1313 1418 1514 1461 membra

131 1501 151 1528 υ
176 1493 316 1527 vestra
341 1483 554 1541 templum
581 1491 643 1526 est
673 1483 854 1541 Spiritus
884 1486 1046 1538 sancti,
1079 1486 1156 1543 qui
1183 1487 1230 1528 in
1263 1487 1385 1530 vobis
1419 1495 1511 1541 est,

131 1573 150 1593 »
175 1567 307 1612 quem
324 1552 491 1596 habetis
511 1567 534 1596 a
558 1554 662 1606 Deo,
679 1560 722 1595 et
740 1567 830 1596 non
848 1553 945 1597 estis
967 1553 1127 1597 vestri?
1147 1555 1295 1613 Empti
1312 1555 1430 1599 enim
1448 1570 1510 1600 es-

130 1640 151 1664 »
178 1622 230 1666 tis
255 1622 391 1681 pretio
411 1636 595 1680 magno,
621 1620 857 1680 glorificate
875 1631 917 1666 et
932 1631 1099 1681 portate
1114 1626 1253 1668 Deum
1269 1625 1315 1668 in
1333 1640 1515 1684 corpore

132 1711 152 1734 »
176 1695 364 1737 vestro¹.
390 1695 449 1736 De
478 1691 638 1752 quibus
668 1701 815 1736 autem
842 1693 1065 1752 scripsistis
1093 1694 1201 1738 mihi
1223 1713 1231 1739 ε
1258 1698 1429 1740 Bonum
1452 1704 1519 1740 est

137 1781 157 1804 »
184 1763 352 1807 homini
375 1762 602 1806 mulierem
624 1777 711 1806 non
735 1771 911 1821 tangere
934 1781 943 1807 ι
965 1772 1141 1821 propter
1160 1764 1519 1809 incontinentiam

137 1852 157 1875 »
184 1838 330 1878 autern
342 1833 643 1891 unusquisque
662 1846 843 1876 uxorem
855 1846 978 1876 suam
995 1831 1168 1887 habeat,
1186 1841 1228 1876 et
1244 1849 1520 1895 unaquaeque

140 1922 160 1946 »
184 1904 327 1948 virum
349 1917 477 1947 suum
492 1901 667 1945 habeat.
693 1903 822 1945 Uxori
837 1903 901 1945 vir
919 1901 1120 1947 debitum
1137 1902 1307 1959 reddat,
1331 1905 1525 1950 similiter

142 1994 162 2017 »
188 1983 334 2019 autem
357 1982 400 2018 et
420 1988 528 2017 uxor
549 1972 658 2017 viro.
683 1971 841 2017 Mulier
858 1973 925 2016 sui
941 1974 1133 2032 corporis
1156 1983 1412 2033 potestatem
1435 1991 1526 2021 non

146 2066 165 2087 »
185 2045 343 2099 habet,
365 2043 441 2089 sed
467 2043 534 2088 vir
559 2060 570 2087 .·
601 2042 796 2087 similiter
825 2052 973 2087 autem
998 2052 1041 2088 et
1065 2043 1129 2088 vir
1150 2044 1216 2088 sui
1237 2045 1427 2105 corporis
1449 2061 1526 2106 po·

145 2137 163 2158 »
188 2124 387 2161 testatem
409 2130 499 2160 non
520 2114 676 2167 habet,
711 2112 787 2158 sed
809 2113 982 2157 mulier.
1007 2112 1150 2160 Nolite
1179 2113 1384 2160 fraudare
1411 2116 1526 2162 invi-

145 2204 167 2228 »
191 2201 302 2241 cem,
327 2186 408 2230 nisi
428 2186 543 2230 forte
565 2200 614 2229 ex
636 2199 848 2228 consensu
870 2183 924 2228 ad
946 2193 1115 2243 tempus
1131 2218 1142 2239 ‚
1168 2193 1218 2228 ut
1238 2186 1397 2230 vacetis
1425 2201 1526 2231 ora-

150 2279 167 2299 »
194 2257 302 2302 tioni
323 2276 332 2302 z
358 2265 400 2301 et
420 2257 579 2301 iterum
608 2255 872 2300 revertimini
896 2256 940 2299 in
965 2254 1154 2314 idipsum
1169 2290 1180 2310 ,
1211 2271 1267 2300 ne
1289 2271 1365 2301 vos
1386 2265 1528 2302 tentet

149 2346 170 2370 »
198 2331 373 2373 Satanas
401 2337 575 2387 propter
615 2326 976 2371 incontinentiam
1014 2335 1214 2371 vestram.
1259 2329 1352 2372 Hoc
1381 2337 1530 2372 autem

149 2419 170 2442 »
195 2399 294 2444 dico
306 2397 548 2444 secundum
562 2397 893 2457 indulgentiam,
914 2412 1002 2441 non
1017 2396 1260 2442 secundum
1274 2398 1523 2458 imperium.

155 2476 172 2512 ί)
198 2469 310 2514 Volo
341 2478 487 2514 autem
514 2484 662 2514 omnes
695 2468 890 2512 homines
912 2482 1001 2512 esse
1027 2467 1139 2512 sicut
1161 2482 1230 2512 me
1251 2467 1393 2527 ipsum
1416 2486 1425 2514 ε
1453 2467 1529 2514 sed

203 2559 212 2577 ¹
238 2564 250 2586 1
272 2555 345 2586 Cor.
364 2563 423 2594 ιιι,
441 2559 494 2586 20.
