1729 3143
476 221 530 248 m:
561 223 770 261 εῩΜΒοιο,
806 222 944 250 sssaMo
975 223 1035 250 1v.
1361 212 1443 252 107

69 284 258 329 filiorum
280 303 289 329 ε
316 299 396 330 nec
419 285 601 330 habebit
622 289 760 329 Deum
784 289 954 330 Patrem
970 320 981 341 ,
1006 285 1082 346 qui
1108 284 1346 330 Ecclesiam
1363 301 1445 330 no-

67 355 197 400 luerit
218 355 380 399 habere
406 364 588 399 matrem
616 374 624 399 :
650 354 846 414 nihilque
868 357 906 399 ei
932 356 1094 400 valebit
1121 354 1241 415 quod
1263 354 1446 399 credidit

66 425 138 470 vel
158 424 260 469 fecit
277 435 395 469 tanta
413 425 527 469 bona
548 426 638 469 sine
654 425 741 468 fine
758 426 915 468 summi
928 426 1048 469 boni.
1072 425 1263 470 Ecclesia
1279 460 1289 480 ‚
1310 433 1447 469 mater

67 505 130 540 est
152 496 355 555 spiritalis
374 515 383 541 :
402 496 615 550 Ecclesia,
641 510 795 553 sponsa
814 496 973 541 Christi
995 505 1057 539 est
1074 497 1208 555 gratia
1230 497 1319 556 ejus
1335 495 1448 540 deal-

66 567 167 610 bata
182 596 192 611 ‚
218 566 405 624 pretioso
437 566 647 623 sanguine
681 565 844 610 dotata.
889 568 1047 609 Totum
1070 566 1258 624 possidet
1280 565 1401 626 quod
1424 582 1448 610 a

65 636 157 680 viro
177 650 255 679 suo
278 636 444 694 accepit
461 636 506 679 in
523 636 640 679 dote.
667 638 782 694 Lego
800 634 967 679 tabulas
984 635 1321 679 matrimoniales
1337 638 1446 696 ejus,

65 706 271 750 recitabo.
293 706 476 761 Audite,
496 706 703 761 haeretici⁷
725 706 832 766 quid
849 706 1058 765 scriptum
1070 705 1124 750 sit
1144 725 1152 750 :
1170 725 1188 747 «
1209 707 1450 765 Oportebat

67 793 87 817 »
112 776 333 820 Christum
356 776 446 834 pati
475 785 518 819 et
545 790 768 835 resurgere
797 792 820 820 a
849 776 1056 832 mortuis,
1092 784 1134 820 et
1155 775 1381 836 praedicari
1405 776 1449 820 in

66 863 87 887 »
113 845 290 889 nomine
312 846 402 904 ejus
433 846 735 905 poenitentiam
768 855 811 890 et
843 846 1137 890 remissionem
1170 856 1450 905 peccatorum

65 933 86 956 »
113 930 189 974 per
216 930 364 960 omnes
388 926 536 974 gentes
557 918 588 959 ¹.
618 934 637 957 »
664 917 826 960 Omnes
848 925 995 974 gentes
1017 924 1134 960 totus
1154 916 1344 959 mundus
1368 924 1446 959 est.

62 985 256 1030 Ecclesia
275 994 415 1029 totum
433 986 624 1044 possidet
642 1021 653 1041 ,
678 987 801 1046 quod
815 1002 836 1030 a
859 987 952 1030 viro
974 1002 1052 1031 suo
1075 987 1241 1045 accepit
1261 986 1307 1030 in
1329 986 1445 1030 dote.

62 1058 364 1110 Quaecumque
386 1056 663 1115 congregatio
681 1056 915 1117 cujuslibet
935 1056 1109 1100 haeresis
1129 1056 1176 1101 in
1197 1056 1368 1113 angulis
1391 1071 1450 1100 se-

61 1122 136 1165 det
155 1155 166 1175 ‚
198 1121 444 1164 concubina
472 1132 534 1162 est
559 1154 570 1172 ‚
610 1134 700 1162 non
731 1128 953 1163 matrona·
986 1121 1022 1163 Ο
1055 1120 1229 1164 haeresis
1263 1123 1447 1177 Ariana,

61 1189 169 1251 quid
186 1190 393 1233 insultas?
411 1189 517 1248 quid
540 1189 763 1232 exsufflas?
778 1188 886 1248 quid
903 1190 1031 1234 etiam
1051 1189 1105 1233 ad
1125 1199 1298 1249 tempus
1312 1192 1450 1237 multa

61 1260 274 1318 usurpas?
297 1259 507 1318 Injuriam
525 1274 549 1302 a
569 1267 612 1302 te
629 1258 792 1317 patitur
812 1258 988 1302 domina
1010 1259 1063 1303 ab
1081 1259 1237 1303 ancilla
1255 1281 1265 1317 3
1290 1260 1449 1305 multas

62 1329 101 1373 ei
131 1328 289 1388 ingeris
322 1327 606 1372 contumelias
630 1347 638 1372 2
665 1327 766 1372 licet
793 1328 888 1371 haec
916 1327 1088 1383 doleat,
1115 1345 1203 1374 non
1226 1339 1268 1373 te
1290 1345 1448 1388 magno

61 1399 217 1443 metuit
248 1413 403 1458 sponsa
439 1398 596 1443 Christi
633 1406 779 1442 sancta
805 1397 1043 1443 Catholica.
1076 1401 1188 1444 Cum
1211 1399 1327 1442 enim
1355 1416 1447 1445 res-

61 1469 224 1529 pexerit
243 1468 316 1512 ille
337 1484 518 1528 sponsus
533 1503 544 1523 ‚
570 1468 747 1527 ejicieris
765 1477 814 1511 tu
830 1478 880 1512 ut
898 1468 1053 1512 ancilla
1071 1484 1171 1513 cum
1189 1468 1285 1513 filiis
1305 1471 1390 1514 tuis
1403 1473 1443 1515 ²:

62 1541 269 1600 quoniam
308 1555 397 1583 non
433 1547 562 1582 erunt
593 1537 786 1582 haeredes
819 1538 898 1582 filii
928 1537 1096 1582 ancillae
1130 1555 1230 1583 cum
1264 1539 1360 1584 filiis
1392 1541 1445 1584 li-·

61 1610 191 1654 berae.
218 1611 514 1668 Cognoscatur
540 1624 625 1652 una
657 1616 804 1652 sancta
828 1617 872 1651 et
893 1624 994 1653 vera
1018 1608 1165 1667 regina
1191 1610 1414 1655 Catholica
1432 1647 1442 1666 ,

62 1680 131 1724 cui
173 1695 356 1738 regnum
391 1679 586 1724 Christus
624 1677 709 1722 tale
746 1678 866 1722 dedit
892 1698 900 1723 :
927 1678 1048 1739 quod
1077 1694 1171 1723 eam
1200 1695 1276 1739 per
1305 1690 1445 1726 totum

63 1751 277 1794 mundum
301 1750 552 1794 diffundens
566 1785 577 1805 ,
603 1749 658 1794 ab
680 1750 800 1793 omni
820 1749 989 1794 macula
1010 1759 1053 1795 et
1069 1766 1176 1810 ruga
1199 1751 1414 1796 mundans
1430 1788 1441 1807 ,

62 1829 196 1866 totam
217 1820 445 1881 pulchram
466 1836 543 1866 suo
565 1819 756 1866 adventu
776 1821 1050 1882 praeparavite

113 1925 122 1942 ¹
136 1921 214 1952 Luc.
233 1930 326 1962 xx1v,
344 1919 398 1961 47.
416 1936 457 1942 ·-
473 1925 486 1942 ²
505 1921 584 1953 Gen.
605 1930 671 1961 xxi,
694 1930 743 1952 10.
