<?xml version="1.0" encoding="UTF-8"?>
<!DOCTYPE html PUBLIC "-//W3C//DTD XHTML 1.0 Transitional//EN"
    "http://www.w3.org/TR/xhtml1/DTD/xhtml1-transitional.dtd">
<html xmlns="http://www.w3.org/1999/xhtml" xml:lang="en" lang="en">
 <head>
  <title>
</title>
<meta http-equiv="Content-Type" content="text/html;charset=utf-8" />
  <meta name='ocr-system' content='tesseract 3.04.00' />
  <meta name='ocr-capabilities' content='ocr_page ocr_carea ocr_par ocr_line ocrx_word'/>
</head>
<body>
  <div class='ocr_page' id='page_1' title='image "./operaomniaaccura27auguuoft/operaomniaaccura27auguuoft_0035.png"; bbox 0 0 1729 3143; ppageno 0'>
   <div class='ocr_carea' id='block_1_1' title="bbox 99 310 1472 422">
    <p class='ocr_par' dir='ltr' id='par_1_1' title="bbox 99 310 1472 422">
     <span class='ocr_line' id='line_1_1' title="bbox 99 310 1472 422; baseline -0.009 -1"><span class='ocrx_word' id='word_1_1' title='bbox 99 321 202 422; x_wconf 88' lang='lat' dir='ltr'>S.</span> <span class='ocrx_word' id='word_1_2' title='bbox 268 318 598 419; x_wconf 76' lang='lat' dir='ltr'><strong>AUR.</strong></span> <span class='ocrx_word' id='word_1_3' title='bbox 664 310 1472 415; x_wconf 83' lang='lat' dir='ltr'>AUGUSTINI</span> 
     </span>
    </p>
   </div>
   <div class='ocr_carea' id='block_1_2' title="bbox 483 522 1087 561">
    <p class='ocr_par' dir='ltr' id='par_1_2' title="bbox 483 522 1087 561">
     <span class='ocr_line' id='line_1_2' title="bbox 483 522 1087 561; baseline -0.008 0"><span class='ocrx_word' id='word_1_4' title='bbox 483 523 825 561; x_wconf 79' lang='lat' dir='ltr'>HIPPONENSIS</span> <span class='ocrx_word' id='word_1_5' title='bbox 860 522 1087 557; x_wconf 77' lang='lat' dir='ltr'>EPISCOPI</span> 
     </span>
    </p>
   </div>
   <div class='ocr_carea' id='block_1_3' title="bbox 393 1033 1180 1090">
    <p class='ocr_par' dir='ltr' id='par_1_3' title="bbox 393 1033 1180 1090">
     <span class='ocr_line' id='line_1_3' title="bbox 393 1033 1180 1090; baseline -0.001 -1"><span class='ocrx_word' id='word_1_6' title='bbox 393 1036 432 1089; x_wconf 81' lang='lat' dir='ltr'><strong>A</strong></span> <span class='ocrx_word' id='word_1_7' title='bbox 448 1036 491 1089; x_wconf 91' lang='lat' dir='ltr'>D</span> <span class='ocrx_word' id='word_1_8' title='bbox 535 1033 1180 1090; x_wconf 77' lang='lat' dir='ltr'><strong>CATECHUMENOS</strong></span> 
     </span>
    </p>
   </div>
   <div class='ocr_carea' id='block_1_4' title="bbox 639 1190 940 1239">
    <p class='ocr_par' dir='ltr' id='par_1_4' title="bbox 639 1190 940 1239">
     <span class='ocr_line' id='line_1_4' title="bbox 639 1190 940 1239; baseline -0.003 0"><span class='ocrx_word' id='word_1_9' title='bbox 639 1190 869 1239; x_wconf 80' lang='lat' dir='ltr'>SERMO</span> <span class='ocrx_word' id='word_1_10' title='bbox 901 1192 940 1238; x_wconf 94' lang='lat' dir='ltr'>I.</span> 
     </span>
    </p>
   </div>
   <div class='ocr_carea' id='block_1_5' title="bbox 97 1353 1488 2520">
    <p class='ocr_par' dir='ltr' id='par_1_5' title="bbox 97 1353 1488 2520">
     <span class='ocr_line' id='line_1_5' title="bbox 156 1353 1483 1413; baseline 0 -14"><span class='ocrx_word' id='word_1_11' title='bbox 156 1359 192 1398; x_wconf 87' lang='lat' dir='ltr'>I.</span> <span class='ocrx_word' id='word_1_12' title='bbox 215 1359 434 1409; x_wconf 67' lang='lat' dir='ltr'>Aconum,</span> <span class='ocrx_word' id='word_1_13' title='bbox 448 1355 541 1409; x_wconf 83' lang='lat' dir='ltr'>filii,</span> <span class='ocrx_word' id='word_1_14' title='bbox 554 1355 747 1412; x_wconf 87' lang='lat' dir='ltr'>regulam</span> <span class='ocrx_word' id='word_1_15' title='bbox 762 1353 881 1408; x_wconf 85' lang='lat' dir='ltr'>fidei,</span> <span class='ocrx_word' id='word_1_16' title='bbox 906 1353 1027 1413; x_wconf 89' lang='lat' dir='ltr'>quod</span> <span class='ocrx_word' id='word_1_17' title='bbox 1037 1353 1296 1411; x_wconf 89' lang='lat' dir='ltr'>Symbolum</span> <span class='ocrx_word' id='word_1_18' title='bbox 1309 1354 1483 1399; x_wconf 84' lang='lat' dir='ltr'>dicitur.</span> 
     </span>
     <span class='ocr_line' id='line_1_6' title="bbox 97 1424 1486 1484; baseline -0.001 -14"><span class='ocrx_word' id='word_1_19' title='bbox 97 1429 154 1470; x_wconf 87' lang='lat' dir='ltr'>Et</span> <span class='ocrx_word' id='word_1_20' title='bbox 175 1441 277 1470; x_wconf 92' lang='lat' dir='ltr'>cum</span> <span class='ocrx_word' id='word_1_21' title='bbox 310 1426 580 1484; x_wconf 80' lang='lat' dir='ltr'>acceperitis,</span> <span class='ocrx_word' id='word_1_22' title='bbox 606 1427 653 1469; x_wconf 92' lang='lat' dir='ltr'>in</span> <span class='ocrx_word' id='word_1_23' title='bbox 681 1424 811 1469; x_wconf 91' lang='lat' dir='ltr'>corde</span> <span class='ocrx_word' id='word_1_24' title='bbox 829 1425 1025 1478; x_wconf 83' lang='lat' dir='ltr'>scribite,</span> <span class='ocrx_word' id='word_1_25' title='bbox 1061 1433 1104 1468; x_wconf 89' lang='lat' dir='ltr'>et</span> <span class='ocrx_word' id='word_1_26' title='bbox 1125 1424 1321 1483; x_wconf 86' lang='lat' dir='ltr'>quotidie</span> <span class='ocrx_word' id='word_1_27' title='bbox 1355 1425 1486 1470; x_wconf 88' lang='lat' dir='ltr'>dicite</span> 
     </span>
     <span class='ocr_line' id='line_1_7' title="bbox 99 1496 1482 1554; baseline -0.001 -14"><span class='ocrx_word' id='word_1_28' title='bbox 99 1496 216 1554; x_wconf 80' lang='lat' dir='ltr'>apud</span> <span class='ocrx_word' id='word_1_29' title='bbox 243 1511 318 1540; x_wconf 89' lang='lat' dir='ltr'>vos</span> <span class='ocrx_word' id='word_1_30' title='bbox 345 1515 354 1539; x_wconf 93' lang='lat'>:</span> <span class='ocrx_word' id='word_1_31' title='bbox 379 1506 614 1554; x_wconf 83' lang='lat' dir='ltr'>antequam</span> <span class='ocrx_word' id='word_1_32' title='bbox 650 1496 896 1547; x_wconf 86' lang='lat' dir='ltr'>dormiatis,</span> <span class='ocrx_word' id='word_1_33' title='bbox 930 1503 1165 1553; x_wconf 83' lang='lat' dir='ltr'>antequam</span> <span class='ocrx_word' id='word_1_34' title='bbox 1207 1496 1482 1553; x_wconf 85' lang='lat' dir='ltr'>procedatis,</span> 
     </span>
     <span class='ocr_line' id='line_1_8' title="bbox 102 1562 1486 1624; baseline 0.001 -16"><span class='ocrx_word' id='word_1_35' title='bbox 102 1575 243 1609; x_wconf 85' lang='lat' dir='ltr'>vestro</span> <span class='ocrx_word' id='word_1_36' title='bbox 256 1564 547 1622; x_wconf 82' lang='lat' dir='ltr'>Symbolovos</span> <span class='ocrx_word' id='word_1_37' title='bbox 559 1564 740 1607; x_wconf 88' lang='lat' dir='ltr'>munite.</span> <span class='ocrx_word' id='word_1_38' title='bbox 757 1562 1017 1620; x_wconf 87' lang='lat' dir='ltr'>Symbolum</span> <span class='ocrx_word' id='word_1_39' title='bbox 1026 1579 1156 1607; x_wconf 90' lang='lat' dir='ltr'>nemo</span> <span class='ocrx_word' id='word_1_40' title='bbox 1167 1564 1317 1608; x_wconf 86' lang='lat' dir='ltr'>scribit</span> <span class='ocrx_word' id='word_1_41' title='bbox 1334 1574 1383 1608; x_wconf 91' lang='lat' dir='ltr'>ut</span> <span class='ocrx_word' id='word_1_42' title='bbox 1400 1565 1486 1624; x_wconf 83' lang='lat' dir='ltr'>legi</span> 
     </span>
     <span class='ocr_line' id='line_1_9' title="bbox 99 1633 1487 1695; baseline 0.001 -16"><span class='ocrx_word' id='word_1_43' title='bbox 99 1637 233 1694; x_wconf 85' lang='lat' dir='ltr'>possit</span> <span class='ocrx_word' id='word_1_44' title='bbox 255 1655 263 1679; x_wconf 90' lang='lat'><strong>:</strong></span> <span class='ocrx_word' id='word_1_45' title='bbox 289 1635 365 1679; x_wconf 88' lang='lat' dir='ltr'>sed</span> <span class='ocrx_word' id='word_1_46' title='bbox 383 1635 439 1678; x_wconf 90' lang='lat' dir='ltr'>ad</span> <span class='ocrx_word' id='word_1_47' title='bbox 462 1634 778 1677; x_wconf 86' lang='lat' dir='ltr'>recensendum</span> <span class='ocrx_word' id='word_1_48' title='bbox 793 1668 803 1687; x_wconf 84' lang='lat'>,</span> <span class='ocrx_word' id='word_1_49' title='bbox 817 1649 871 1676; x_wconf 90' lang='lat' dir='ltr'>ne</span> <span class='ocrx_word' id='word_1_50' title='bbox 892 1634 1004 1677; x_wconf 84' lang='lat' dir='ltr'>forte</span> <span class='ocrx_word' id='word_1_51' title='bbox 1022 1633 1166 1677; x_wconf 87' lang='lat' dir='ltr'>deleat</span> <span class='ocrx_word' id='word_1_52' title='bbox 1187 1634 1353 1679; x_wconf 91' lang='lat' dir='ltr'>oblivio</span> <span class='ocrx_word' id='word_1_53' title='bbox 1367 1636 1487 1695; x_wconf 89' lang='lat' dir='ltr'>quod</span> 
     </span>
     <span class='ocr_line' id='line_1_10' title="bbox 99 1703 1488 1761; baseline 0.001 -13"><span class='ocrx_word' id='word_1_54' title='bbox 99 1706 278 1748; x_wconf 88' lang='lat' dir='ltr'>tradidit</span> <span class='ocrx_word' id='word_1_55' title='bbox 300 1704 540 1761; x_wconf 86' lang='lat' dir='ltr'>diligentia,</span> <span class='ocrx_word' id='word_1_56' title='bbox 561 1704 614 1748; x_wconf 87' lang='lat' dir='ltr'>sit</span> <span class='ocrx_word' id='word_1_57' title='bbox 642 1703 766 1747; x_wconf 84' lang='lat' dir='ltr'>vobis</span> <span class='ocrx_word' id='word_1_58' title='bbox 789 1704 925 1747; x_wconf 83' lang='lat' dir='ltr'>codex</span> <span class='ocrx_word' id='word_1_59' title='bbox 944 1712 1087 1747; x_wconf 76' lang='lat' dir='ltr'>vestra</span> <span class='ocrx_word' id='word_1_60' title='bbox 1114 1705 1337 1748; x_wconf 87' lang='lat' dir='ltr'>memoria.</span> <span class='ocrx_word' id='word_1_61' title='bbox 1359 1706 1488 1758; x_wconf 85' lang='lat' dir='ltr'>Quod</span> 
     </span>
     <span class='ocr_line' id='line_1_11' title="bbox 101 1774 1488 1832; baseline 0 -13"><span class='ocrx_word' id='word_1_62' title='bbox 101 1775 294 1819; x_wconf 85' lang='lat' dir='ltr'>audituri</span> <span class='ocrx_word' id='word_1_63' title='bbox 326 1774 451 1828; x_wconf 89' lang='lat' dir='ltr'>estis,</span> <span class='ocrx_word' id='word_1_64' title='bbox 476 1775 560 1818; x_wconf 92' lang='lat' dir='ltr'>hoc</span> <span class='ocrx_word' id='word_1_65' title='bbox 583 1774 790 1817; x_wconf 84' lang='lat' dir='ltr'>credituri</span> <span class='ocrx_word' id='word_1_66' title='bbox 811 1793 819 1818; x_wconf 89' lang='lat'>:</span> <span class='ocrx_word' id='word_1_67' title='bbox 845 1783 888 1817; x_wconf 90' lang='lat' dir='ltr'>et</span> <span class='ocrx_word' id='word_1_68' title='bbox 921 1775 1042 1832; x_wconf 92' lang='lat' dir='ltr'>quod</span> <span class='ocrx_word' id='word_1_69' title='bbox 1072 1774 1363 1829; x_wconf 83' lang='lat' dir='ltr'>credideritis,</span> <span class='ocrx_word' id='word_1_70' title='bbox 1403 1776 1488 1820; x_wconf 88' lang='lat' dir='ltr'>hoc</span> 
     </span>
     <span class='ocr_line' id='line_1_12' title="bbox 103 1843 1487 1903; baseline 0.001 -15"><span class='ocrx_word' id='word_1_71' title='bbox 103 1846 233 1888; x_wconf 85' lang='lat' dir='ltr'>etiam</span> <span class='ocrx_word' id='word_1_72' title='bbox 255 1843 403 1903; x_wconf 82' lang='lat' dir='ltr'>lingua</span> <span class='ocrx_word' id='word_1_73' title='bbox 428 1843 656 1886; x_wconf 90' lang='lat' dir='ltr'>reddituri.</span> <span class='ocrx_word' id='word_1_74' title='bbox 683 1843 755 1887; x_wconf 84' lang='lat' dir='ltr'>Ait</span> <span class='ocrx_word' id='word_1_75' title='bbox 778 1844 892 1887; x_wconf 90' lang='lat' dir='ltr'>enim</span> <span class='ocrx_word' id='word_1_76' title='bbox 906 1843 1140 1903; x_wconf 86' lang='lat' dir='ltr'>Apostolus</span> <span class='ocrx_word' id='word_1_77' title='bbox 1161 1863 1170 1888; x_wconf 73' lang='grc' dir='ltr'>ε</span> <span class='ocrx_word' id='word_1_78' title='bbox 1203 1863 1223 1886; x_wconf 91' lang='lat'>«</span> <span class='ocrx_word' id='word_1_79' title='bbox 1237 1844 1379 1889; x_wconf 88' lang='lat' dir='ltr'>Corde</span> <span class='ocrx_word' id='word_1_80' title='bbox 1391 1861 1487 1889; x_wconf 88' lang='lat' dir='ltr'>cre-</span> 
     </span>
     <span class='ocr_line' id='line_1_13' title="bbox 105 1913 1484 1973; baseline 0.001 -17"><span class='ocrx_word' id='word_1_81' title='bbox 105 1934 126 1956; x_wconf 90' lang='lat'>»</span> <span class='ocrx_word' id='word_1_82' title='bbox 152 1915 271 1958; x_wconf 88' lang='lat' dir='ltr'>ditur</span> <span class='ocrx_word' id='word_1_83' title='bbox 290 1914 345 1958; x_wconf 89' lang='lat' dir='ltr'>ad</span> <span class='ocrx_word' id='word_1_84' title='bbox 358 1913 587 1973; x_wconf 86' lang='lat' dir='ltr'>justitiam,</span> <span class='ocrx_word' id='word_1_85' title='bbox 603 1928 676 1957; x_wconf 89' lang='lat' dir='ltr'>ore</span> <span class='ocrx_word' id='word_1_86' title='bbox 698 1923 844 1958; x_wconf 88' lang='lat' dir='ltr'>autem</span> <span class='ocrx_word' id='word_1_87' title='bbox 859 1914 1071 1959; x_wconf 83' lang='lat' dir='ltr'>confessio</span> <span class='ocrx_word' id='word_1_88' title='bbox 1090 1915 1138 1959; x_wconf 80' lang='lat' dir='ltr'>fit</span> <span class='ocrx_word' id='word_1_89' title='bbox 1152 1915 1207 1959; x_wconf 90' lang='lat' dir='ltr'>ad</span> <span class='ocrx_word' id='word_1_90' title='bbox 1222 1915 1405 1960; x_wconf 81' lang='lat' dir='ltr'>salutem</span> <span class='ocrx_word' id='word_1_91' title='bbox 1417 1919 1447 1959; x_wconf 89' lang='lat'>¹.</span> <span class='ocrx_word' id='word_1_92' title='bbox 1464 1934 1484 1957; x_wconf 86' lang='lat'>»</span> 
     </span>
     <span class='ocr_line' id='line_1_14' title="bbox 105 1983 1484 2043; baseline 0 -13"><span class='ocrx_word' id='word_1_93' title='bbox 105 1987 198 2030; x_wconf 90' lang='lat' dir='ltr'>Hoc</span> <span class='ocrx_word' id='word_1_94' title='bbox 221 1993 284 2027; x_wconf 88' lang='lat' dir='ltr'>est</span> <span class='ocrx_word' id='word_1_95' title='bbox 296 1984 412 2027; x_wconf 90' lang='lat' dir='ltr'>enim</span> <span class='ocrx_word' id='word_1_96' title='bbox 428 1983 703 2040; x_wconf 83' lang='lat' dir='ltr'>Symbolum,</span> <span class='ocrx_word' id='word_1_97' title='bbox 715 1983 836 2043; x_wconf 89' lang='lat' dir='ltr'>quod</span> <span class='ocrx_word' id='word_1_98' title='bbox 848 1985 1066 2028; x_wconf 87' lang='lat' dir='ltr'>recensuri</span> <span class='ocrx_word' id='word_1_99' title='bbox 1080 1986 1179 2029; x_wconf 89' lang='lat' dir='ltr'>estis</span> <span class='ocrx_word' id='word_1_100' title='bbox 1192 1994 1235 2028; x_wconf 93' lang='lat' dir='ltr'>et</span> <span class='ocrx_word' id='word_1_101' title='bbox 1255 1984 1484 2030; x_wconf 88' lang='lat' dir='ltr'>reddituri.</span> 
     </span>
     <span class='ocr_line' id='line_1_15' title="bbox 104 2054 1484 2114; baseline 0.001 -16"><span class='ocrx_word' id='word_1_102' title='bbox 104 2058 190 2098; x_wconf 91' lang='lat' dir='ltr'>Ista</span> <span class='ocrx_word' id='word_1_103' title='bbox 201 2054 442 2113; x_wconf 84' lang='lat' dir='ltr'>verbaquae</span> <span class='ocrx_word' id='word_1_104' title='bbox 454 2054 647 2109; x_wconf 84' lang='lat' dir='ltr'>audistis,</span> <span class='ocrx_word' id='word_1_105' title='bbox 669 2069 744 2113; x_wconf 88' lang='lat' dir='ltr'>per</span> <span class='ocrx_word' id='word_1_106' title='bbox 758 2055 925 2099; x_wconf 86' lang='lat' dir='ltr'>divinas</span> <span class='ocrx_word' id='word_1_107' title='bbox 944 2055 1185 2114; x_wconf 87' lang='lat' dir='ltr'>Scripturas</span> <span class='ocrx_word' id='word_1_108' title='bbox 1195 2070 1340 2114; x_wconf 84' lang='lat' dir='ltr'>sparsa</span> <span class='ocrx_word' id='word_1_109' title='bbox 1357 2066 1484 2100; x_wconf 86' lang='lat' dir='ltr'>sunt:</span> 
     </span>
     <span class='ocr_line' id='line_1_16' title="bbox 103 2123 1483 2181; baseline 0.002 -14"><span class='ocrx_word' id='word_1_110' title='bbox 103 2123 178 2167; x_wconf 90' lang='lat' dir='ltr'>sed</span> <span class='ocrx_word' id='word_1_111' title='bbox 201 2124 304 2166; x_wconf 90' lang='lat' dir='ltr'>inde</span> <span class='ocrx_word' id='word_1_112' title='bbox 331 2123 512 2168; x_wconf 88' lang='lat' dir='ltr'>collecta</span> <span class='ocrx_word' id='word_1_113' title='bbox 540 2134 583 2169; x_wconf 86' lang='lat' dir='ltr'>et</span> <span class='ocrx_word' id='word_1_114' title='bbox 605 2124 660 2168; x_wconf 87' lang='lat' dir='ltr'>ad</span> <span class='ocrx_word' id='word_1_115' title='bbox 687 2139 827 2168; x_wconf 87' lang='lat' dir='ltr'>unum</span> <span class='ocrx_word' id='word_1_116' title='bbox 850 2125 1045 2181; x_wconf 86' lang='lat' dir='ltr'>redacta,</span> <span class='ocrx_word' id='word_1_117' title='bbox 1077 2141 1132 2170; x_wconf 92' lang='lat' dir='ltr'>ne</span> <span class='ocrx_word' id='word_1_118' title='bbox 1152 2125 1376 2171; x_wconf 86' lang='lat' dir='ltr'>tardorum</span> <span class='ocrx_word' id='word_1_119' title='bbox 1399 2127 1483 2170; x_wconf 92' lang='lat' dir='ltr'>ho-</span> 
     </span>
     <span class='ocr_line' id='line_1_17' title="bbox 103 2192 1484 2256; baseline 0.003 -20"><span class='ocrx_word' id='word_1_120' title='bbox 103 2194 271 2236; x_wconf 90' lang='lat' dir='ltr'>minum</span> <span class='ocrx_word' id='word_1_121' title='bbox 286 2193 492 2237; x_wconf 89' lang='lat' dir='ltr'>memoria</span> <span class='ocrx_word' id='word_1_122' title='bbox 515 2192 747 2249; x_wconf 86' lang='lat' dir='ltr'>laboraret,</span> <span class='ocrx_word' id='word_1_123' title='bbox 773 2204 823 2239; x_wconf 91' lang='lat' dir='ltr'>ut</span> <span class='ocrx_word' id='word_1_124' title='bbox 843 2196 982 2240; x_wconf 90' lang='lat' dir='ltr'>omnis</span> <span class='ocrx_word' id='word_1_125' title='bbox 1004 2197 1136 2241; x_wconf 89' lang='lat' dir='ltr'>homo</span> <span class='ocrx_word' id='word_1_126' title='bbox 1158 2197 1292 2256; x_wconf 91' lang='lat' dir='ltr'>possit</span> <span class='ocrx_word' id='word_1_127' title='bbox 1309 2195 1453 2240; x_wconf 90' lang='lat' dir='ltr'>dicere</span> <span class='ocrx_word' id='word_1_128' title='bbox 1473 2231 1484 2248; x_wconf 88' lang='lat'>,</span> 
     </span>
     <span class='ocr_line' id='line_1_18' title="bbox 104 2263 1488 2325; baseline 0.001 -18"><span class='ocrx_word' id='word_1_129' title='bbox 104 2265 238 2323; x_wconf 87' lang='lat' dir='ltr'>possit</span> <span class='ocrx_word' id='word_1_130' title='bbox 258 2272 406 2308; x_wconf 87' lang='lat' dir='ltr'>tenere</span> <span class='ocrx_word' id='word_1_131' title='bbox 424 2263 543 2323; x_wconf 92' lang='lat' dir='ltr'>quod</span> <span class='ocrx_word' id='word_1_132' title='bbox 556 2264 708 2309; x_wconf 85' lang='lat' dir='ltr'>credit.</span> <span class='ocrx_word' id='word_1_133' title='bbox 729 2266 954 2325; x_wconf 89' lang='lat' dir='ltr'>Numquid</span> <span class='ocrx_word' id='word_1_134' title='bbox 969 2268 1084 2311; x_wconf 90' lang='lat' dir='ltr'>enim</span> <span class='ocrx_word' id='word_1_135' title='bbox 1102 2268 1235 2312; x_wconf 90' lang='lat' dir='ltr'>modo</span> <span class='ocrx_word' id='word_1_136' title='bbox 1252 2267 1488 2311; x_wconf 89' lang='lat' dir='ltr'>solummo-</span> 
     </span>
     <span class='ocr_line' id='line_1_19' title="bbox 104 2334 1486 2396; baseline 0.001 -18"><span class='ocrx_word' id='word_1_137' title='bbox 104 2334 162 2378; x_wconf 93' lang='lat' dir='ltr'>do</span> <span class='ocrx_word' id='word_1_138' title='bbox 185 2334 378 2389; x_wconf 88' lang='lat' dir='ltr'>audistis,</span> <span class='ocrx_word' id='word_1_139' title='bbox 403 2336 504 2394; x_wconf 87' lang='lat' dir='ltr'>quia</span> <span class='ocrx_word' id='word_1_140' title='bbox 526 2338 639 2379; x_wconf 87' lang='lat' dir='ltr'>Deus</span> <span class='ocrx_word' id='word_1_141' title='bbox 659 2337 932 2395; x_wconf 82' lang='lat' dir='ltr'>omnipotens</span> <span class='ocrx_word' id='word_1_142' title='bbox 959 2340 1048 2382; x_wconf 80' lang='lat' dir='ltr'>est?</span> <span class='ocrx_word' id='word_1_143' title='bbox 1073 2338 1157 2383; x_wconf 91' lang='lat' dir='ltr'>Sed</span> <span class='ocrx_word' id='word_1_144' title='bbox 1173 2338 1361 2396; x_wconf 88' lang='lat' dir='ltr'>incipitis</span> <span class='ocrx_word' id='word_1_145' title='bbox 1384 2352 1486 2381; x_wconf 89' lang='lat' dir='ltr'>eum</span> 
     </span>
     <span class='ocr_line' id='line_1_20' title="bbox 103 2406 1488 2467; baseline 0.003 -19"><span class='ocrx_word' id='word_1_146' title='bbox 103 2406 264 2449; x_wconf 86' lang='lat' dir='ltr'>habere</span> <span class='ocrx_word' id='word_1_147' title='bbox 287 2409 458 2450; x_wconf 85' lang='lat' dir='ltr'>Patrem</span> <span class='ocrx_word' id='word_1_148' title='bbox 476 2441 486 2460; x_wconf 85' lang='lat'>,</span> <span class='ocrx_word' id='word_1_149' title='bbox 512 2406 689 2465; x_wconf 86' lang='lat' dir='ltr'>quando</span> <span class='ocrx_word' id='word_1_150' title='bbox 711 2408 802 2452; x_wconf 81' lang='lat' dir='ltr'>nati</span> <span class='ocrx_word' id='word_1_151' title='bbox 838 2406 1006 2453; x_wconf 85' lang='lat' dir='ltr'>fueritis</span> <span class='ocrx_word' id='word_1_152' title='bbox 1036 2423 1112 2467; x_wconf 89' lang='lat' dir='ltr'>per</span> <span class='ocrx_word' id='word_1_153' title='bbox 1134 2409 1372 2454; x_wconf 86' lang='lat' dir='ltr'>Ecclesiam</span> <span class='ocrx_word' id='word_1_154' title='bbox 1393 2424 1488 2452; x_wconf 86' lang='lat' dir='ltr'>ma-</span> 
     </span>
     <span class='ocr_line' id='line_1_21' title="bbox 107 2486 232 2520; baseline -0.008 0"><span class='ocrx_word' id='word_1_155' title='bbox 107 2486 232 2520; x_wconf 90' lang='lat' dir='ltr'>trem.</span> 
     </span>
    </p>
   </div>
   <div class='ocr_carea' id='block_1_6' title="bbox 155 2563 402 2602">
    <p class='ocr_par' dir='ltr' id='par_1_6' title="bbox 155 2563 402 2602">
     <span class='ocr_line' id='line_1_22' title="bbox 155 2563 402 2602; baseline 0.004 -10"><span class='ocrx_word' id='word_1_156' title='bbox 155 2564 166 2580; x_wconf 93' lang='lat'>¹</span> <span class='ocrx_word' id='word_1_157' title='bbox 187 2563 276 2593; x_wconf 83' lang='lat' dir='ltr'>Rom.</span> <span class='ocrx_word' id='word_1_158' title='bbox 299 2572 331 2602; x_wconf 86' lang='lat' dir='ltr'>x,</span> <span class='ocrx_word' id='word_1_159' title='bbox 356 2573 402 2593; x_wconf 90' lang='lat'>10.</span> 
     </span>
    </p>
   </div>
  </div>
 </body>
</html>
