1729 3143
582 210 794 240 ADVERSUS
825 213 1003 241 Juoaeos.
1403 201 1484 239 263

111 284 414 320 »moveantur
450 276 647 320 umbrae¹
680 294 688 319 :
720 293 740 316 »
778 275 978 332 spiritalis
1008 275 1264 333 significatio
1299 276 1387 334 jam
1419 276 1489 320 lu-

108 353 250 389 cescat
267 379 278 399 ‚
303 343 486 389 carnalis
507 343 742 389 celebratio
767 344 858 402 jam
888 345 1094 402 quiescat.
1134 362 1155 386 «
1175 346 1290 388 Deus
1310 344 1494 389 deorum

109 432 131 456 »
155 415 367 460 Dominus
388 414 562 459 locutus
588 422 679 468 est,
715 421 758 456 et
778 413 950 457 vocavit
966 423 1126 458 terram
1142 429 1166 458 a
1183 413 1283 459 solis
1299 423 1399 460 ortu
1416 431 1492 460 us-

107 502 128 526 »
154 499 241 544 que
272 485 328 528 ad
356 484 586 528 occasum²
610 501 620 527 :
641 499 662 523 »
694 481 848 540 utique
879 497 1056 526 omnem
1083 492 1243 528 terram
1264 482 1322 528 ad
1344 487 1494 531 Testa-

103 564 304 598 mentum
331 568 516 609 novum,
541 553 613 597 cui
642 551 803 596 dicitur
836 551 882 595 in
914 552 999 596 alio
1027 552 1230 599 Psalmo:
1271 573 1292 597 «
1311 557 1494 601 Cantate

105 642 128 665 »
153 625 339 669 Domino
349 624 567 668 canticum
582 637 764 677 novum,
778 630 950 666 cantate
962 622 1149 666 Domino
1161 625 1300 668 omnis
1312 627 1444 670 terra³
1453 643 1490 669 .»

103 696 201 740 Non
223 708 327 752 ergo
348 694 461 738 sicut
482 702 610 738 antea
638 708 689 737 ex
720 703 872 738 monte
891 694 1009 741 Sina
1037 692 1212 738 locutus
1233 703 1297 739 est
1318 696 1395 739 uni
1416 711 1498 755 po-

101 763 208 822 pulo
224 797 236 817 ‚
259 777 391 821 quem
413 763 584 808 vocavit
605 778 658 806 ex
675 764 867 822 AEgypto
889 765 1004 807 Deus
1024 763 1208 807 deorum
1231 783 1241 808 z
1265 764 1341 809 sed
1357 765 1417 809 sic
1434 765 1497 809 lo-

101 841 231 876 cutus
252 840 316 875 est
335 865 347 886 ‚
371 840 422 876 ut
443 840 618 876 vocaret
640 841 801 875 terram
822 848 846 876 a
868 832 968 877 solis
995 841 1097 876 ortu
1123 847 1264 892 usque
1286 833 1341 877 ad
1370 850 1496 880 occa·-

100 915 214 945 sum.
229 903 372 953 Quam
383 901 417 944 si
430 900 611 944 Judaeus
622 900 757 945 vellet
770 900 1012 959 intelligere
1025 901 1310 958 locutionem,
1326 903 1497 948 audiret

99 970 214 1014 hanc
235 970 508 1014 vocationem
525 1003 537 1023 ‚
564 978 607 1013 et
627 970 672 1012 in
695 969 755 1013 eis
777 980 888 1014 esset
908 971 1070 1030 quibus
1087 972 1133 1015 in
1150 971 1306 1017 eodem
1324 972 1495 1018 Psalmo

101 1039 261 1083 dicitur
285 1057 293 1082 :
323 1057 340 1079 «
362 1038 494 1093 Audi,
519 1039 708 1097 populus
730 1054 876 1095 meus,
901 1049 945 1084 et
961 1040 1115 1100 loquar
1137 1042 1240 1097 tibi,
1268 1042 1426 1097 Israel,
1451 1052 1495 1087 et

102 1127 123 1150 »
146 1108 414 1152 testificabor
444 1108 548 1163 tibi,
587 1112 702 1153 Deus
732 1112 846 1153 Deus
869 1119 972 1152 tuus
999 1125 1079 1166 ego
1101 1126 1214 1154 sum.
1241 1114 1340 1156 Non
1364 1128 1494 1172 super

103 1197 124 1221 »
149 1178 357 1224 sacrificia
379 1188 455 1222 tua
476 1193 652 1236 arguam
674 1188 717 1222 te
734 1213 746 1233 ‚
774 1178 1029 1222 holocausta
1050 1188 1197 1223 autem
1217 1189 1290 1225 tua
1307 1182 1352 1225 in
1370 1199 1494 1229 cons-

103 1267 122 1290 »
147 1257 280 1307 pectu
306 1263 406 1292 meo
435 1263 618 1307 semper.
649 1250 748 1293 Non
773 1248 979 1306 accipiam
1001 1247 1057 1291 de
1079 1248 1212 1292 domo
1235 1259 1310 1294 tua
1331 1252 1492 1297 vitulos

100 1335 123 1360 n
148 1333 293 1377 neque
311 1318 365 1361 de
388 1317 592 1375 gregibus
613 1318 699 1361 tuis
720 1317 861 1362 hircos
888 1336 899 1363 2
924 1318 1134 1377 quoniam
1156 1333 1266 1363 meae
1283 1330 1387 1364 sunt
1401 1338 1492 1367 om-

103 1407 122 1429 »
147 1402 222 1432 nes
239 1387 389 1430 hestiae
404 1385 553 1444 sylvae,
574 1401 730 1445 pecora
749 1387 795 1430 in
812 1388 1036 1432 montibus
1054 1397 1097 1431 et
1118 1388 1252 1432 boves
1274 1408 1284 1434 z
1307 1395 1491 1448 cognovi

101 1475 122 1499 »
148 1458 292 1502 omnia
313 1456 505 1502 volatilia
527 1456 629 1500 coeli
644 1491 654 1511 ‚
680 1466 723 1500 et
740 1457 902 1515 species
924 1458 1015 1516 agri
1036 1473 1208 1502 mecum
1226 1468 1304 1504 est.
1327 1462 1370 1504 Si
1392 1477 1490 1508 esu-

101 1545 122 1570 »
147 1529 284 1582 riero‚
319 1543 410 1572 non
441 1526 584 1571 dicam
612 1528 692 1571 tibi
720 1546 728 1571 :
760 1543 884 1573 meus
916 1537 980 1572 est
1007 1529 1124 1573 enim
1152 1530 1268 1574 orbis
1299 1540 1426 1576 terrae
1447 1545 1491 1579 et

99 1614 121 1639 »
147 1596 376 1656 plenitudo
395 1598 500 1656 ejus.
527 1596 752 1656 Numquid
774 1598 1054 1643 manducabo
1071 1614 1222 1644 carnes
1244 1609 1486 1660 taurorum,

99 1684 121 1708 »
147 1676 223 1710 aut
249 1667 504 1724 sanguinem
537 1666 760 1711 hircorum
792 1668 986 1725 potabo?
1008 1668 1192 1713 Immola
1214 1672 1306 1715 Deo
1328 1673 1489 1717 sacrifi-

98 1754 121 1778 »
146 1738 262 1780 cium
285 1736 427 1780 laudis
442 1771 453 1791 ‚
480 1745 522 1780 et
555 1736 689 1781 redde
712 1736 931 1783 Altissimo
953 1754 1097 1795 preces
1118 1749 1229 1785 tuas.
1254 1744 1312 1786 Et
1332 1742 1488 1789 invoca

97 1823 119 1848 »
144 1821 214 1849 me
226 1806 272 1849 in
287 1805 358 1849 die
372 1805 681 1861 tribulationis,
699 1815 742 1851 et
761 1823 909 1852 eruam
923 1817 985 1864 te,
1001 1818 1045 1853 et
1059 1809 1320 1869 glorificabis
1336 1827 1405 1856 me
1416 1814 1448 1857 4.
1463 1832 1484 1855 »

94 1876 223 1920 Certe
245 1884 288 1919 et
311 1875 382 1919 hic
405 1875 712 1920 sacrificiorum
726 1886 925 1922 veterum
938 1889 1086 1938 aperta
1102 1881 1289 1926 mutatio
1305 1891 1384 1927 est.
1407 1882 1488 1927 Illa

96 1959 199 1988 eum
227 1947 342 1988 Deus
372 1955 653 2004 accepturum
679 1962 723 1991 se
757 1963 847 1992 non
875 1948 970 1993 fore
999 1949 1222 2008 praedixit,
1247 1952 1488 1998 cultoribus

95 2016 182 2059 suis
214 2015 475 2059 sacrificium
502 2016 643 2061 laudis
670 2017 854 2064 indixit:
881 2028 924 2064 et
946 2020 1028 2065 hoc
1058 2037 1148 2065 non
1170 2023 1290 2082 quod
1313 2039 1337 2067 a
1359 2024 1485 2068 nobis

97 2093 302 2144 tanquam
322 2084 521 2143 indigens
543 2096 717 2145 expetat
735 2088 928 2143 laudem,
953 2091 1028 2134 sed
1042 2100 1091 2135 ut
1104 2092 1151 2135 in
1165 2107 1215 2136 ea
1232 2093 1358 2136 nobis
1378 2108 1486 2138 con-

96 2154 210 2199 sulat
231 2154 286 2198 ad
308 2154 507 2199 salutem.
540 2159 648 2201 Nam
674 2159 878 2203 eumdem
900 2161 1119 2205 Psalmum
1149 2163 1211 2206 ita
1240 2163 1481 2208 conclusit:

102 2242 120 2264 «
147 2225 412 2269 Sacrificium
441 2226 582 2270 laudis
612 2226 872 2285 glorificabit
899 2245 996 2285 me,
1032 2240 1075 2275 et
1102 2232 1162 2275 ibi
1191 2233 1257 2277 via
1292 2243 1381 2289 est,
1408 2235 1486 2278 ubi

98 2311 122 2336 »
149 2294 374 2339 ostendam
412 2295 476 2339 illi
511 2296 697 2341 salutare
720 2299 840 2342 Dei⁵.
863 2319 881 2340 »
915 2300 1031 2353 Quid
1063 2317 1167 2347 vero
1202 2312 1264 2347 est
1300 2303 1487 2349 salutare

97 2365 205 2419 Dei,
230 2365 311 2409 nisi
329 2364 464 2410 Filius
484 2367 587 2422 Dei,
617 2367 813 2413 Salvator
834 2369 1014 2428 mundi3
1043 2370 1133 2416 dies
1162 2371 1297 2417 Filius
1324 2389 1375 2418 ex
1396 2373 1486 2418 dies

145 2469 157 2484 1
177 2465 270 2495 Cant.
289 2475 324 2504 u,
352 2476 380 2497 1.
403 2481 443 2488 —-
460 2471 474 2487 2
492 2466 574 2498 Psal.
594 2477 683 2507 xmx,
707 2479 735 2500 1.
752 2485 794 2492 -—
814 2467 880 2500 31d
902 2480 975 2509 xcv,
996 2481 1026 2502 ι.
1046 2487 1088 2493 -
1102 2470 1181 2503 41d.
1202 2482 1292 2510 χιιι,
1320 2472 1418 2513 7-15.
1439 2491 1480 2496 —

100 2515 206 2550 51bid.
224 2519 280 2551 23.
