1729 3143
202 228 286 266 592
641 237 676 267 S.
712 238 943 270 Aucusnm
977 243 1157 272 Emscom

199 305 294 349 haec
315 303 613 349 audiebamus.
640 307 850 352 Nonnulli
867 308 1028 354 alienas
1047 309 1247 356 foeminas
1269 309 1487 357 seduxisse
1506 328 1585 372 ap-

197 374 369 433 probati
391 382 508 430 sunt,
534 374 594 420 ita
614 384 663 420 ut
682 377 784 422 hinc
805 378 934 438 plane
956 379 1159 426 dubitare
1181 397 1271 427 non
1292 384 1466 441 possim.
1502 383 1587 428 Sed

197 445 250 489 sit
271 453 314 488 et
336 444 428 490 haec
449 447 584 505 magis
606 445 722 492 fama
745 465 877 510 quam
899 466 1067 497 verum.
1100 451 1201 497 Vidi
1221 453 1311 513 ipse
1332 468 1422 498 non
1450 453 1583 508 solus,

195 515 271 561 sed
292 532 394 561 cum
416 517 464 562 iis
477 518 553 578 qui
570 520 729 578 partim
746 521 836 581 jam
853 522 926 568 illa
945 524 1431 584 superstitioneliberati
1453 533 1583 580 sunt,

194 588 353 647 partim
376 587 520 635 adhuc
553 600 659 650 opto
686 601 736 637 ut
762 592 1029 653 liberentur,
1061 594 1249 641 vidimus
1276 611 1380 655 ergo
1409 595 1454 639 in
1477 611 1588 655 qua-

194 658 334 704 drivio
356 660 645 720 Carthaginis,
670 662 714 707 in
736 663 880 723 platea
902 665 1201 722 celeberrima,
1225 681 1316 711 non
1337 681 1493 721 unum,
1511 665 1586 709 sed

192 729 339 790 plures
355 746 487 791 quam
505 740 591 777 tres
608 732 767 779 electos
781 735 912 780 simul
923 746 1020 796 post
1033 747 1308 783 transeuntes
1322 735 1467 782 riescio
1480 752 1588 797 quas

190 799 395 846 foeminas
412 811 501 847 tam
517 802 734 863 petulanti
752 813 875 863 gestu
893 806 1140 862 adhinnire,
1155 818 1206 852 ut
1221 808 1419 853 omnium
1438 807 1588 853 trivia-

191 872 298 917 lium
320 873 637 934 impudicitiam
658 876 1067 937 impudentiamque
1088 887 1358 937 superarent.
1386 877 1516 931 Quod
1532 877 1588 922 de

191 959 350 1004 magna
369 946 517 991 venire
539 946 874 1003 consuetudine,
900 957 1033 1008 atque
1049 948 1145 994 illos
1162 948 1275 993 inter
1295 964 1338 993 se
1361 949 1423 993 ita
1439 949 1588 993 vvivere

190 1014 292 1060 satis
326 1016 568 1072 eminebat,
612 1016 973 1078 quandoquidem
1003 1017 1152 1063 nullus
1175 1019 1278 1063 socii
1318 1019 1589 1078 praesentiam

190 1085 368 1141 veritus,
393 1102 561 1144 omnes,
587 1097 662 1133 aut
684 1097 801 1134 certe
823 1104 935 1148 pene
957 1104 1108 1134 omnes
1131 1090 1284 1133 eadem
1307 1090 1447 1133 teneri
1468 1097 1589 1149 peste

188 1155 423 1202 indicabat.
458 1160 557 1204 Non
589 1159 704 1204 enim
730 1169 854 1204 erant
875 1160 922 1204 hi
950 1175 1003 1204 ex
1023 1176 1111 1204 una
1138 1158 1296 1215 domo,
1323 1159 1399 1205 sed
1421 1159 1589 1204 diverse

188 1241 363 1287 prorsus
399 1228 663 1286 habitantes,
696 1246 747 1275 ex
778 1246 830 1275 eo
864 1230 963 1275 loco
993 1231 1072 1275 ubi
1106 1239 1350 1276 conventus
1385 1230 1586 1275 omnium

188 1297 330 1343 factus
351 1307 459 1354 erat,
486 1301 645 1360 pariter
665 1299 777 1345 forte
800 1299 1132 1346 descenderant.
1158 1304 1245 1347 Nos
1269 1310 1417 1346 autem
1443 1301 1589 1360 gravi-

187 1375 251 1415 ter
274 1372 503 1427 commoti,
539 1373 725 1431 graviter
751 1372 883 1417 etiam
905 1372 1046 1432 questi
1079 1387 1245 1417 sumus.
1281 1373 1388 1425 Quis
1411 1371 1590 1416 tandem

188 1443 271 1488 hoc
292 1441 625 1498 vindicandum,
649 1459 740 1489 non
756 1443 899 1488 dicam
918 1443 1190 1503 separatione
1207 1442 1262 1487 ab
1282 1441 1492 1497 Ecclesia,
1513 1442 1589 1487 sed

187 1529 267 1572 pro
299 1513 599 1571 magnitudine
634 1514 784 1572 flagitii
812 1514 1062 1558 vehementi
1095 1512 1247 1558 saltem
1281 1512 1589 1572 objurgatione

188 1583 422 1628 arbitratus
444 1585 542 1628 est?

248 1655 404 1699 LXIX.
441 1656 498 1698 Et
528 1654 622 1699 haec
645 1662 736 1698 erat
763 1654 904 1699 omnis
937 1653 1156 1698 excusatio
1186 1653 1458 1713 impunitatis
1488 1652 1589 1698 illo-

189 1739 303 1779 rum,
330 1722 451 1783 quod
472 1739 523 1768 eo
547 1732 742 1784 tempore
771 1739 860 1784 quo
888 1723 1193 1769 conventicula
1213 1739 1366 1769 eorum
1388 1723 1484 1781 lege
1505 1739 1588 1782 pu-

189 1794 303 1839 blica
326 1794 688 1853 prohiberentur,
723 1810 777 1837 ne
804 1793 912 1854 quid
943 1794 1032 1837 laesi
1063 1794 1326 1853 proderent,
1356 1793 1588 1837 metueba-

191 1874 277 1909 tur.
291 1865 375 1910 Ubi
388 1874 451 1909 est
465 1879 567 1922 ergo
580 1864 700 1925 quod
713 1873 971 1924 perpetuam
991 1864 1072 1908 sibi
1084 1863 1431 1923 persecutionem
1446 1864 1492 1907 in
1504 1865 1588 1908 hoc

190 1936 358 1981 mundo
382 1936 573 1980 futuram
595 1933 849 1995 praedicant,
876 1950 1014 1995 eoque
1031 1950 1075 1978 se
1097 1933 1489 1979 commendatiores
1505 1935 1587 1979 ha-

190 2007 283 2051 beri
307 2007 485 2061 volunt,
520 2005 623 2051 hinc
654 2006 990 2066 interpretantes
1025 2005 1146 2066 quod
1182 2005 1254 2050 hic
1289 2005 1480 2050 mundus
1515 2020 1587 2050 eos

191 2078 332 2122 oderit
350 2098 361 2136 3
386 2087 429 2121 et
446 2086 676 2137 propterea
698 2091 831 2136 penes
851 2092 895 2121 se
917 2074 1201 2136 quaerendam
1218 2075 1446 2120 veritatem
1465 2076 1587 2121 affir-

191 2158 373 2205 mantes,
400 2149 502 2209 quia
520 2149 563 2193 in
585 2147 870 2208 promissione
893 2147 1076 2207 Spiritus
1102 2147 1239 2191 sancti
1260 2146 1472 2191 Paracleti
1493 2147 1588 2192 dic-

192 2229 286 2265 tum
310 2222 415 2276 est1,
441 2219 563 2281 quod
584 2235 686 2264 eum
709 2219 901 2263 muudus
925 2219 1003 2263 iste
1028 2218 1221 2277 accipere
1243 2233 1332 2262 non
1355 2218 1503 2277 possit.
1525 2222 1586 2263 De

191 2307 278 2351 qua
296 2307 342 2336 re
365 2307 454 2336 non
470 2291 548 2335 iste
566 2290 687 2335 locus
710 2289 948 2335 disserendi
972 2299 1050 2333 est.
1079 2288 1164 2334 Sed
1185 2298 1301 2333 certe
1317 2289 1351 2333 si
1375 2298 1585 2349 perpetua

195 2363 317 2407 vobis
340 2362 583 2423 persecutio
601 2363 749 2406 futura
772 2371 851 2416 est,
876 2376 1015 2420 usque
1033 2360 1078 2404 in
1093 2358 1240 2404 saeeuli
1259 2360 1407 2415 finem,
1434 2377 1585 2421 perpe-

196 2443 270 2478 tua
292 2435 372 2479 erit
395 2445 438 2480 et
458 2435 551 2479 haec
574 2434 799 2478 dissolutio
824 2442 1044 2492 tantaeque
1067 2431 1347 2491 turpitudinis
1366 2433 1589 2492 impunita

194 2506 414 2563 contagio,
437 2506 543 2550 dum
565 2504 668 2549 tales
686 2503 842 2548 laedere
865 2502 1122 2548 formidatis.

252 2596 261 2612 ยน
282 2591 374 2622 Joan.
394 2600 448 2631 xv,
471 2592 522 2630 18,
543 2594 574 2621 et
591 2599 686 2630 xvm,
710 2599 761 2630 17.
