1729 3143
386 191 441 218 DE
472 190 625 218 nanno
655 187 871 228 Anerrmo,
905 191 988 218 Lm.
1023 193 1071 217 11.
1334 181 1414 219 307

38 256 168 300 etiam
188 263 339 299 utrum
361 269 457 299 eam
473 258 588 300 Deus
609 254 792 308 dederit,
816 255 1032 299 incertum
1053 254 1154 312 erit,
1178 255 1281 313 quia
1297 255 1333 298 si
1349 256 1418 300 in-

39 334 207 370 certum
234 335 297 371 est
318 325 413 370 dari
432 324 649 381 debuisse,
672 325 886 369 incertum
910 334 974 369 est
1000 325 1056 369 ab
1073 340 1125 369 eo
1146 324 1293 369 datam
1313 340 1421 380 esse,

39 410 172 455 quem
187 394 306 441 nefas
327 405 391 441 est
414 395 589 441 credere
609 394 776 439 dedisse
797 394 979 455 aliquid,
999 394 1122 455 quod
1139 394 1234 440 dari
1246 410 1338 441 non
1353 394 1428 440 de·-

39 465 154 510 buit.
179 468 233 510 A.
259 466 378 510 Illud
393 466 546 510 saltem
560 465 641 509 tibi
654 474 822 509 certum
835 474 914 520 est,
928 468 1068 509 Deum
1083 481 1186 510 esse.
1209 468 1261 510 E.
1281 467 1425 511 Etiam

39 535 125 580 hoc
143 551 234 581 non
254 535 610 596 contemplando,
625 535 701 580 sed
720 535 938 580 credendo
956 536 1263 581 inconcussum
1279 546 1425 582 teneo.

40 607 94 651 A.
122 606 167 650 Si
189 607 286 666 quis
302 621 406 665 ergo
427 606 603 651 illorum
624 605 938 665 insipientium,
963 605 1018 650 de
1039 607 1200 666 quibus
1221 609 1432 667 scriptum

41 685 131 721 est:
151 678 302 722 «Dixit
327 677 532 737 insipiens
560 678 608 722 in
635 678 767 723 corde
793 693 900 723 suo:
924 680 1021 724 Non
1039 670 1102 723 est
1126 681 1284 735 Deus¹,
1309 699 1327 721 »
1348 680 1435 723 hoc

40 746 122 789 tibi
154 746 337 803 diceret,
367 762 449 792 nec
477 746 609 793 vellet
637 757 783 793 tecum
813 747 991 793 credere
1018 748 1156 809 quod,
1172 749 1334 805 credis,
1359 748 1438 793 sed

41 830 302 876 cognoscere
331 827 479 863 utrum
502 812 605 863 vera
639 819 887 873 credideris,
921 820 1263 879 relinqueres-ne
1288 818 1438 862 homi-

42 900 161 938 nem,
197 902 254 927 an
281 887 429 942 aliquo
456 887 606 938 modo,
632 887 752 942 quod
782 888 1092 927 inconcussum
1115 897 1235 929 tenes
1255 901 1438 944 persua-

43 953 239 998 dendum
269 968 359 997 esse
383 953 650 997 arbitrareris
667 973 678 1010 3
702 954 942 1011 praesertim
960 954 995 997 si
1016 954 1090 998 ille
1111 970 1204 1000 non
1222 955 1440 1001 obluctari

0 1085 1 1090 1
43 1025 340 1084 pervicaciter,
352 1023 428 1068 sed
441 1023 633 1069 studiose
644 1024 690 1068 id
703 1023 834 1068 vellet
847 1028 1108 1084 agnoscere?
1129 1030 1182 1071 E.
1209 1030 1303 1072 Hoc
1317 1026 1440 1088 quod

0 1113 1 1160 ᾗ
43 1094 250 1140 ultimum
279 1095 484 1155 posuisti,
515 1096 615 1140 satis
641 1110 711 1139 me
741 1094 948 1141 admonet
975 1096 1081 1157 quid
1114 1099 1153 1142 ei
1180 1099 1442 1158 respondere

0 1164 1 1177 ¹
45 1164 265 1209 deberem.
286 1167 414 1210 Certe
436 1166 554 1208 enim
571 1166 768 1224 quamvis
786 1176 895 1210 esset
913 1167 1260 1224 absurdissimus,
1282 1184 1436 1214 conce-

45 1237 168 1282 deret
202 1237 326 1292 mihi,
363 1251 465 1282 cum
491 1236 643 1281 doloso
675 1245 718 1281 et
744 1237 957 1296 pervicaci
976 1238 1032 1282 de
1049 1240 1171 1284 nulla
1194 1241 1374 1286 omnino
1396 1249 1441 1284 et

45 1307 230 1351 maxime
251 1307 307 1350 de
326 1322 372 1351 re
393 1315 514 1351 tanta
537 1322 627 1351 non
650 1321 739 1350 esse
761 1306 1077 1353 disserendum.
1097 1313 1195 1363 Quo
1213 1326 1435 1367 concesso,

26 1378 164 1437 *prior
193 1393 367 1423 mecum
399 1386 545 1436 ageret
560 1412 571 1433 ,
603 1386 654 1421 ut
676 1376 758 1420 sibi
782 1377 1006 1421 crederem
1031 1379 1151 1424 bono
1174 1384 1320 1427 animo
1341 1398 1445 1427 eum

48 1450 190 1496 isthuc
221 1465 434 1511 quaerere,
468 1463 612 1508 neque
645 1447 814 1507 aliquid
835 1449 880 1492 in
901 1464 961 1502 se,
987 1450 1108 1508 quod
1132 1450 1188 1495 ad
1216 1468 1306 1496 rem
1329 1453 1443 1498 hanc

49 1513 218 1578 attinet,
239 1522 331 1566 doli
351 1537 400 1565 ac
421 1519 675 1579 pervicaciae
697 1519 846 1563 latere.
869 1523 980 1564 Tum
999 1536 1081 1579 ego
1099 1521 1445 1568 demonstrarem

48 1594 171 1656 quod
197 1594 332 1640 cuivis
361 1592 618 1637 facillimum
639 1600 774 1651 puto,
799 1601 969 1652 quanto
998 1603 1109 1638 esset
1134 1596 1319 1654 aequius,
1344 1610 1447 1640 cum

51 1665 132 1711 sibi
153 1665 208 1709 de
222 1663 401 1710 occultis
424 1663 558 1708 animi
587 1663 653 1706 sui
674 1678 774 1722 quae
794 1663 886 1722 ipse
913 1674 1080 1720 nosset,
1105 1664 1238 1710 vellet
1260 1665 1448 1711 alterum

52 1738 227 1783 credere
242 1737 321 1797 qui
336 1749 427 1780 non
438 1742 599 1789 nosset,
618 1743 669 1778 ut
687 1735 818 1778 etiam
831 1735 924 1795 ipse
940 1744 1163 1781 tantorum
1181 1738 1376 1782 virorum
1388 1737 1447 1782 li-

52 1813 158 1869 bris,
177 1813 255 1873 qui
272 1826 316 1856 se
332 1825 434 1856 cum
455 1808 567 1854 Filio
583 1809 662 1853 Dei
681 1809 833 1854 vixisse
849 1818 1056 1855 testatum
1078 1811 1233 1855 litteris
1253 1811 1447 1872 relique-

53 1892 173 1938 runt,
189 1897 279 1928 esse
294 1885 435 1928 Deum
448 1881 666 1937 crederet,
684 1880 787 1940 quia
807 1889 851 1925 et
870 1896 919 1925 ea
934 1896 979 1925 se
992 1882 1149 1926 vidisse
1165 1883 1447 1942 scripserunt,

56 1970 156 2015 quae
167 1952 291 1997 nullo
302 1951 435 1997 modo
446 1951 540 1995 fieri
552 1959 744 2010 possent,
764 1950 801 1994 si
813 1966 902 1995 non
915 1960 1025 1995 esset
1044 1954 1159 1996 Deus
1175 1973 1186 2009 3
1207 1961 1250 1996 et
1266 1952 1453 1997 nimium

57 2023 217 2069 stultus
246 2030 379 2077 esset,
412 2021 446 2065 si
466 2036 536 2064 me
556 2020 896 2079 reprehenderet
917 2021 1039 2081 quod
1060 2021 1143 2065 illis
1165 2021 1449 2077 crediderim,

59 2094 136 2154 qui
150 2093 230 2138 sibi
244 2091 374 2136 vellet
389 2099 440 2135 ut
453 2089 692 2135 crederem.
710 2092 913 2135 Jamvero
936 2091 1058 2151 quod
1079 2100 1196 2136 recte
1212 2093 1454 2152 reprehen-

60 2161 163 2207 dere
179 2177 270 2208 non
282 2160 462 2214 valeret,
480 2159 604 2203 nullo
614 2159 747 2203 modo
761 2160 969 2219 reperiret
983 2176 1061 2205 cur
1072 2162 1201 2206 etiam
1213 2162 1350 2207 nollet
1364 2162 1455 2206 imi-

61 2234 159 2278 tari.
194 2235 247 2279 A.
285 2232 328 2277 Si
344 2247 447 2289 ergo
463 2239 614 2274 utrum
635 2229 689 2273 sit
705 2232 837 2283 Deus,
855 2231 954 2274 satis
975 2246 1064 2275 esse
1082 2233 1312 2288 existimas,
1334 2233 1456 2293 quod

64 2318 156 2348 non
175 2311 338 2347 temere
359 2302 490 2346 tantis
512 2301 611 2345 viris
634 2299 904 2344 credendum
922 2316 1010 2345 esse
1027 2302 1346 2362 judicavimus,
1379 2319 1458 2347 cur

65 2388 171 2428 non,
187 2387 336 2433 quaeso
349 2381 409 2426 te,
426 2371 483 2415 de
496 2371 545 2414 iis
562 2385 741 2430 quoque
758 2371 904 2424 rebus,
924 2387 1031 2430 quas
1047 2381 1256 2432 tanquam
1271 2374 1457 2417 incertas

43 2489 49 2494 ,
68 2453 111 2490 et
141 2443 270 2503 plane
301 2443 542 2501 incognitas
568 2455 763 2501 quaerere
791 2440 1070 2496 instituimus,
1103 2442 1298 2487 similiter
1331 2451 1457 2503 putas

123 2531 132 2549 ¹
152 2524 232 2558 Psal.
251 2536 305 2567 Lu,
329 2536 357 2557 1.

1183 2577 1248 2616 20,
