1729 3143
589 229 642 256 οε
673 227 913 258 ΡΑΤΙΕΝΤῙΛ.
1394 223 1447 261 19

72 295 197 340 nobis
217 295 533 354 praenuntiatus
554 303 617 338 est
632 294 827 339 Christus
843 313 854 345 3
874 296 965 339 sine
982 296 1102 355 cujus
1115 295 1202 339 fide
1215 296 1446 356 quisquam

71 365 322 411 mortalium
359 381 438 409 nec
461 365 545 408 fuit
559 399 570 418 ,
598 379 678 408 nec
701 373 764 407 est
781 399 791 418 ,
818 380 897 409 nec
919 381 1008 410 esse
1030 366 1266 426 aliquando
1287 367 1448 425 poterit

64 438 236 497 justus?
259 437 301 481 Si
323 451 424 494 ergo
444 436 534 494 jam
557 435 665 494 justi
686 450 708 477 a
729 435 901 479 Christo
934 437 1197 495 eligerentur
1221 437 1443 494 Apostoli,

71 508 190 565 prius
210 505 333 549 illum
351 505 431 564 ipsi
452 504 754 561 elegissent,ut
771 505 878 564 justi
900 504 997 563 eligi
1016 516 1216 564 possent3
1240 507 1342 566 quia
1360 506 1450 550 sine

71 575 147 620 illo
164 576 270 636 justi
306 590 395 618 esse
413 589 501 618 non
522 582 712 633 possent.
741 573 822 618 Sed
847 589 935 617 non
967 574 1026 617 ita
1049 574 1214 619 factum
1236 585 1324 631 est,
1361 577 1454 635 ipse

73 647 237 706 quippe
252 645 335 689 illis
351 646 430 689 ait:
452 664 471 686 (ι
490 648 587 690 Non
601 660 676 689 vos
691 660 760 688 me
771 645 972 703 elegistis,
990 644 1065 688 sed
1083 660 1164 703 ego
1177 660 1252 689 vos
1267 645 1413 704 elegi¹.
1430 664 1450 687 »

72 715 198 760 Unde
222 715 326 759 dicit
353 714 571 774 apostolus
605 717 814 758 Joannes:
843 733 863 756 «
894 717 990 759 Non
1020 715 1139 774 quod
1178 714 1455 759 dilexerimus

73 802 94 826 »
119 787 275 838 Deum,
296 784 373 828 sed
390 785 491 844 quia
512 785 602 843 ipse
624 785 740 843 prior
757 783 909 828 dilexit
926 786 1068 828 nos2.»

128 857 250 899 XIX.
286 854 416 907 Quod
437 870 536 899 cum
560 855 618 898 ita
633 855 702 909 sit,
719 854 827 913 quid
847 863 909 898 est
928 855 1059 899 homo
1073 863 1199 898 utens
1216 854 1258 897 in
1272 855 1352 899 hac
1366 855 1455 899 vita

70 925 244 983 propria
264 924 504 978 voluntate,
531 934 765 984 antequam
800 924 928 982 eligat
945 934 987 968 et
1011 924 1164 982 diligat
1188 927 1343 979 Deum,
1368 924 1449 968 nisi

70 995 252 1054 injustus
273 1004 315 1039 et
335 996 520 1053 impius?
541 994 658 1047 Quid
687 1003 771 1048 est,
803 995 1007 1054 inquam,
1044 995 1178 1038 homo
1201 995 1406 1038 aberrans
1429 1010 1454 1038 a

71 1066 275 1108 Creatore
292 1073 504 1117 creatura,
525 1065 605 1107 nisi
626 1066 804 1108 Creator
821 1064 909 1122 ejus
928 1076 1097 1107 mernor·
1108 1064 1163 1108 sit
1184 1065 1310 1123 ejus3,
1327 1073 1370 1107 et
1385 1063 1459 1107 eli-

71 1142 143 1190 gat
163 1149 263 1176 eum
286 1133 432 1192 gratis,
458 1142 501 1177 et
517 1133 667 1188 diligat
691 1133 844 1189 gratis?
871 1134 980 1186 Quia
1005 1133 1096 1192 ipse
1117 1150 1204 1177 non
1223 1142 1365 1192 potest
1382 1133 1457 1177 eli-

70 1218 169 1261 gere
180 1203 251 1246 vel
267 1202 462 1259 diligere,
476 1201 555 1243 nisi
572 1201 688 1258 prius
703 1201 864 1245 electus
877 1202 1360 1259 dilectusque-curetur,
1381 1205 1458 1263 qui

68 1272 265 1316 caecitate
285 1270 485 1329 eligenda
507 1286 596 1313 non
615 1271 768 1322 cernit,
794 1280 837 1313 et
854 1269 1065 1327 languore
1088 1269 1308 1327 diligenda
1331 1271 1457 1315 fasti·-

69 1339 147 1384 dit.
177 1339 261 1385 Sed
283 1339 396 1384 forte
418 1340 513 1399 quis
535 1338 653 1382 dicat
673 1358 682 1383 2
716 1337 948 1391 Quomodo
971 1342 1086 1382 Deus
1117 1339 1237 1397 prius
1259 1339 1379 1397 eligit
1413 1350 1457 1385 et

68 1409 209 1468 diligit
221 1410 409 1469 iniquos,
424 1417 473 1453 ut
486 1409 694 1468 justificet
707 1423 794 1462 eos,
807 1423 906 1452 cum
926 1410 1136 1467 scriptum
1153 1409 1230 1452 sit:
1257 1428 1276 1450 «
1298 1409 1455 1467 Odisti,

71 1497 92 1520 »
118 1480 319 1534 Domine,
340 1493 489 1523 omnes
512 1487 739 1536 operantes
761 1478 1074 1537 iniquitatem4.
1090 1496 1110 1519 »
1124 1479 1356 1531 Quomodo
1368 1497 1455 1539 pu-

68 1558 210 1592 tamus
225 1583 236 1603 ,
261 1549 343 1592 nisi
365 1549 474 1592 miro
497 1557 539 1590 et
558 1546 769 1590 ineffabili
801 1548 960 1591 modo?
979 1557 1025 1591 et
1048 1557 1194 1592 tamen
1224 1550 1354 1593 etiam
1378 1566 1456 1596 nos

68 1633 296 1678 possumus
315 1618 520 1677 cogitare,
546 1617 665 1676 quod
689 1618 882 1661 medicus
904 1618 1045 1662 bonus
1062 1629 1278 1677 aegrotum
1297 1629 1340 1664 ct
1362 1622 1458 1666 odit

69 1697 113 1732 et
127 1688 268 1747 diligit
286 1707 294 1732 :
312 1689 405 1732 odit
422 1687 554 1741 enim,
571 1687 671 1745 quia
687 1695 893 1745 aegrotat3
914 1686 1068 1745 diligit,
1087 1697 1137 1733 ut
1149 1689 1457 1747 aegritudinem

70 1757 220 1817 pellat.

128 1829 228 1871 XX.
265 1830 369 1872 Haec
390 1836 566 1886 propter
588 1827 841 1871 charitatem
856 1827 972 1871 dicta
988 1828 1086 1883 sint,
1100 1829 1191 1872 sine
1202 1845 1288 1889 qua
1304 1832 1350 1875 in
1372 1848 1456 1878 no-

71 1897 137 1940 bis
157 1913 247 1942 non
283 1906 426 1956 potest
446 1912 535 1940 esse
564 1911 663 1939 vera
687 1896 916 1955 patientia,
941 1898 1041 1957 quia
1063 1900 1108 1943 in
1125 1900 1251 1946 bonis
1270 1903 1456 1949 charitas

72 1967 148 2011 Dei
171 1977 249 2022 est,
274 1983 374 2027 quae
395 1967 550 2010 tolerat
572 1967 716 2010 omnia
732 2001 742 2020 ,
779 1967 888 2011 sieut
903 1967 947 2010 in
970 1968 1091 2012 malis
1112 1970 1264 2015 mundi
1286 1974 1456 2032 cupidi-

72 2044 152 2079 tas.
176 2037 260 2081 Sed
281 2037 377 2080 haec
398 2037 581 2080 charitas
601 2050 678 2094 per
705 2036 908 2095 Spiritum
932 2046 1128 2081 sanctum
1152 2049 1214 2083 est
1236 2041 1281 2084 in
1303 2043 1429 2088 nobis
1443 2079 1455 2098 ,

73 2106 150 2165 qui
172 2106 299 2150 datus
321 2116 385 2150 est
400 2107 558 2150 nobis⁵.
573 2107 699 2150 Unde
714 2123 737 2150 a
759 2123 846 2166 quo
869 2107 994 2152 nobis
1012 2118 1074 2152 est
1096 2110 1295 2165 charitas,
1313 2113 1454 2159 abillo

73 2184 138 2219 est
171 2176 394 2234 patientia.
429 2175 584 2219 Mundi
605 2185 748 2219 autem
773 2177 1011 2235 cupiditas,
1038 2179 1216 2238 quando
1238 2183 1453 2239 patienter

76 2245 257 2288 sustinet
279 2260 409 2289 onera
435 2244 665 2303 cujuslibet
688 2244 964 2300 calamitatis,
990 2247 1197 2305 gloriatur
1215 2250 1269 2294 de
1289 2253 1453 2297 viribus

76 2314 263 2373 propriae
281 2314 515 2358 voluntatis
533 2349 542 2367 ,
568 2322 777 2372 tanquam
801 2314 856 2357 de
890 2323 1067 2374 stupore
1083 2319 1252 2374 morbi,
1279 2337 1368 2365 non
1397 2322 1453 2366 de

78 2385 236 2428 robore
254 2384 461 2428 sanitatis.
485 2387 639 2427 Insana
664 2392 728 2427 est
746 2384 824 2428 ista
840 2383 1065 2443 gloriatio,
1091 2403 1178 2431 non
1208 2399 1271 2433 est
1288 2391 1458 2449 patien-

128 2469 250 2499 ¹Joan.
285 2477 350 2509 xv,
380 2470 429 2500 16.
456 2484 497 2489 —
523 2467 568 2498 td.
600 2477 657 2503 ιν,
692 2477 741 2498 10:
763 2483 804 2489 -
830 2467 842 2489 3
872 2468 950 2499 Psat.
981 2469 1110 2509 vm‚5.
1131 2470 1204 2500 —4
1230 2472 1274 2504 Id.
1308 2485 1348 2515 v,
1369 2486 1385 2514 7
1418 2494 1458 2499 -

79 2521 95 2546 5
115 2525 205 2556 Rom.
226 2534 261 2564 V,
281 2524 312 2556 5.

1238 2583 1262 2609 ε)
