1729 3143
230 185 312 226 418
636 195 670 224 s.
705 194 937 224 Ancus-rim
968 193 1151 223 EPISCOPI

230 281 252 306 «
268 262 544 321 Agnitionem
562 260 751 304 veritatis
773 275 872 320 quae
896 268 958 304 est
979 261 1218 304 secundum
1237 260 1441 319 pietatem
1459 262 1535 306 Dei
1560 261 1607 305 iu

230 351 250 375 »
274 348 394 393 spem
421 333 522 376 vitae
544 339 717 374 aeternae
735 365 746 386 ‚
776 346 908 391 quam
938 332 1133 390 promisit
1159 346 1249 375 non
1276 331 1465 376 mendax
1491 335 1606 377 Deus

233 421 253 445 »
284 412 383 446 ante
404 411 600 461 tempora
622 413 782 446 aeterna
805 411 993 447 :aeterna
1018 403 1133 446 enim
1155 411 1349 462 tempora
1376 403 1482 462 quid
1507 413 1607 448 ante

233 494 250 514 »
276 488 320 517 εθ
339 473 500 517 habere
516 475 786 533 potuerunt?
806 492 824 515 »
850 477 942 519 Hoc
959 489 1062 533 ergo
1078 482 1296 532 cogantur
1315 488 1543 533 exponere,
1558 482 1609 518 ut

227 542 472 602 intelligant
493 558 538 588 se
560 559 649 588 non
675 543 917 604 intelligere
932 579 944 599 ‚
969 559 1071 589 cum
1093 553 1254 588 temere
1275 544 1430 589 volunt
1459 558 1607 603 repre-

226 613 416 657 hendere
436 649 447 668 ‚
478 613 599 674 quod
616 613 846 674 diligenter
867 630 1062 675 quaerere
1084 614 1349 659 debuerunt,

287 685 362 727 IV.
401 685 444 729 Si
460 693 606 728 autem
623 700 713 729 non
734 684 886 729 dicunt
908 704 916 730 :
938 685 1051 738 Quid
1074 684 1238 745 placuit
1257 687 1347 729 Deo
1374 683 1519 744 subito
1537 684 1607 727 fa-

224 768 322 798 cere
343 755 505 799 coelum
528 765 571 800 et
594 765 749 800 terram
764 791 775 810 ‚
811 756 886 800 sed
908 756 1070 801 tollunt
1091 756 1194 800 inde
1210 790 1221 811 ‚
1251 755 1395 800 subito
1420 773 1429 799 :
1461 762 1504 798 et
1525 753 1608 797 hoc
1656 770 1661 772 ·

223 832 395 869 tantum
419 825 570 870 dicunt
594 846 603 871 :
627 827 743 879 Quid
766 826 930 886 placuit
957 831 1045 871 Deo
1079 826 1220 871 facere
1247 826 1411 871 coelum
1443 833 1485 869 et
1516 833 1606 868 ter-

222 898 466 938 ram?Non
498 896 613 935 enim
636 912 833 935 coaevum
864 900 954 936 Deo
983 896 1202 940 mundum
1232 898 1362 941 istum
1395 895 1605 949 dicimus,

221 964 323 1023 quia
348 979 438 1007 non
460 964 551 1021 ejus
579 963 830 1006 aeternitatis
849 971 913 1007 est
933 963 1004 1006 hic
1026 963 1217 1007 mundus
1232 998 1244 1017 ,
1275 966 1401 1023 cujus
1430 965 1606 1007 aeterni-

221 1034 320 1078 tatis
349 1044 413 1078 est
448 1037 560 1077 Deus
588 1053 596 1077 ι
624 1032 841 1077 mundum
866 1034 1030 1094 quippe
1059 1035 1164 1078 fecit
1186 1038 1328 1090 Deus,
1359 1043 1402 1079 et
1425 1034 1484 1078 sic
1506 1049 1606 1078 cum

219 1105 310 1164 ipsa
336 1114 530 1149 creatura
551 1121 683 1165 quam
711 1109 821 1149 Deus
844 1105 947 1150 fecit
962 1140 973 1161 ,
1009 1115 1206 1165 tempora
1227 1121 1317 1150 esse
1349 1115 1603 1165 coeperunt3

218 1184 262 1220 et
293 1175 392 1221 ideo
427 1176 635 1221 dicuntur
670 1186 864 1237 tempora
896 1187 1072 1221 aeterna.
1111 1180 1208 1222 Non
1240 1186 1387 1221 tamen
1417 1179 1476 1221 sic
1504 1186 1605 1221 sunt

219 1254 380 1290 aeterna
409 1255 606 1305 tempora
637 1247 860 1307 quomodo
888 1257 1075 1292 aeternus
1109 1257 1172 1292 θεῖ
1203 1251 1342 1303 Deus,
1368 1249 1467 1308 quia
1492 1251 1605 1292 Deus

218 1324 283 1359 est
314 1325 414 1360 ante
442 1325 634 1375 tempora
654 1351 664 1371 ‚
704 1318 781 1377 qui
813 1315 1046 1362 fabricator
1080 1327 1144 1362 θεῖ
1168 1328 1416 1377 temporum
1449 1338 1458 1363 z
1494 1318 1606 1362 sicut

217 1387 361 1432 omnia
383 1403 482 1447 quae
504 1387 606 1432 fecit
630 1392 740 1432 Deus
762 1389 877 1433 bona
900 1399 1001 1433 sunt
1022 1389 1147 1433 valde
1165 1425 1175 1443 ,
1201 1390 1277 1433 sed
1296 1405 1385 1434 non
1406 1390 1466 1433 sic
1489 1390 1604 1434 bona

214 1467 338 1509 sunt,
364 1458 585 1518 quomodo
608 1458 749 1503 bonus
770 1470 834 1504 est
860 1464 969 1504 Deus
984 1496 995 1515 ,
1021 1462 1122 1521 quia
1143 1460 1216 1504 ille
1238 1461 1344 1505 fecit
1361 1496 1372 1516 ‚
1398 1462 1492 1504 haec
1522 1477 1602 1505 au-

213 1536 303 1572 tem
324 1528 439 1574 facta
461 1539 562 1574 sunt
585 1549 593 1574 :
619 1546 700 1574 nec
725 1546 773 1574 ea
798 1532 948 1589 genuit
971 1531 1026 1575 de
1048 1547 1091 1576 se
1119 1532 1235 1591 ipso,
1272 1541 1322 1576 ut
1349 1533 1432 1576 hoc
1460 1539 1603 1576 essent

213 1599 334 1658 quod
355 1600 444 1658 ipse
464 1609 550 1658 est3
571 1601 645 1644 sed
667 1616 716 1644 ea
738 1600 842 1645 fecit
863 1602 918 1646 de
940 1602 1093 1657 nihilo,
1118 1611 1168 1646 ut
1188 1618 1277 1646 non
1293 1611 1434 1646 essent
1454 1617 1603 1662 aequa-

212 1668 292 1725 lia,
317 1686 397 1715 nec
419 1671 458 1714 ei
479 1686 503 1715 a
522 1687 610 1732 quo
629 1670 740 1716 facta
756 1681 883 1728 sunt,
904 1687 985 1717 nec
1003 1672 1115 1717 Filio
1137 1674 1228 1733 ejus
1245 1688 1322 1732 per
1339 1688 1472 1733 quem
1490 1672 1603 1717 facta

213 1749 340 1795 sunt,
362 1742 530 1801 justum
547 1752 609 1786 est
626 1743 756 1786 enim.
786 1742 829 1786 Si
851 1758 954 1801 ergo
975 1743 1044 1786 isti
1063 1743 1252 1787 dixerint
1272 1762 1280 1787 :
1306 1742 1422 1796 Quid
1439 1743 1604 1801 placuit

213 1811 303 1853 Deo
325 1808 465 1855 facere
488 1812 651 1855 coelum
673 1821 716 1855 et
731 1821 896 1855 terram
914 1814 931 1854 ⁶?
955 1812 1328 1870 Respondendum
1351 1821 1414 1856 est
1434 1812 1492 1856 eis
1509 1847 1522 1865 ‚
1552 1821 1603 1856 ut

213 1880 332 1939 prius
365 1882 533 1927 discant
568 1883 656 1927 vim
688 1881 925 1927 voluntatis
959 1884 1186 1937 humanae,
1219 1883 1294 1942 qui
1326 1882 1600 1928 voluntatem

213 1951 290 1994 Dei
323 1967 448 1996 nosse
484 1952 746 1999 desiderant.
788 1956 947 1998 Causas
981 1954 1097 1998 enim
1123 1953 1359 1998 voluntatis
1387 1953 1466 1998 Dei
1493 1954 1600 1998 scire

212 2033 444 2081 quaerunt,
470 2039 569 2068 cum
591 2023 793 2068 voluntas
829 2025 903 2068 Dei
932 2024 1128 2068 omnium
1155 2040 1254 2085 quae
1283 2033 1384 2069 sunt
1401 2059 1412 2080 ‚
1437 2024 1525 2081 ipsa
1547 2023 1602 2067 sit

211 2107 354 2139 causa.
385 2096 428 2139 Si
455 2096 571 2139 enim
604 2096 736 2140 habet
771 2111 944 2140 causam
970 2096 1173 2141 voluntas
1207 2097 1310 2151 Dei,
1346 2105 1410 2140 est
1435 2094 1599 2155 aliquid

211 2165 333 2224 quod
355 2166 582 2211 antecedat
601 2166 870 2212 voluntatem
896 2167 993 2223 Dei,
1021 2168 1141 2228 quod
1163 2165 1284 2211 nefas
1314 2176 1378 2212 est
1399 2165 1593 2212 credere.

211 2236 295 2288 Qui
317 2252 419 2296 ergo
440 2238 546 2283 dicit
571 2257 580 2284 ε
605 2240 746 2292 Quare
767 2237 872 2283 fecit
896 2242 1008 2283 Deus
1030 2238 1195 2283 coelum
1217 2248 1260 2282 et
1279 2239 1470 2283 tei-ram?
1488 2241 1599 2283 Res-

213 2307 498 2364 pondendum
516 2318 579 2353 est
600 2309 639 2353 ei
659 2329 668 2354 ε
695 2309 804 2363 Quia
826 2310 980 2355 voluit.
1006 2308 1218 2354 Voluntas
1238 2310 1354 2353 enim
1376 2309 1455 2354 Dei
1474 2325 1600 2354 causa

215 2385 278 2420 est
297 2377 401 2422 coeli
430 2387 473 2423 θῖ
498 2390 648 2436 terrae,
683 2389 726 2425 et
753 2380 852 2426 ideo
875 2383 1010 2442 major
1035 2391 1099 2426 est
1131 2382 1330 2426 voluntas
1359 2382 1439 2426 Dei
1463 2395 1595 2441 quam

217 2447 379 2491 coelum
412 2458 456 2493 et
483 2446 611 2494 terta.
645 2451 733 2504 Qui
769 2460 916 2496 autern
948 2451 1086 2497 dicit:
1113 2457 1252 2507 Quare
1288 2450 1427 2498 voluit
1457 2451 1600 2496 lacere

267 2535 276 2552 ¹
298 2531 360 2563 Tit.
380 2542 403 2572 1,
426 2542 438 2563 1
457 2535 491 2565 et
509 2543 539 2565 2.
