1729 3143
496 251 550 278 DE
583 251 792 288 svuaom,
827 248 966 278 Sanno
999 251 1047 277 11.
1406 240 1460 279 45

138 318 189 359 V.
225 317 314 361 Nec
336 315 609 374 amphiteatri
625 315 860 358 certamina
882 315 1090 360 seducant
1111 323 1186 358 aut
1207 315 1464 373 pertrahant

78 385 371 430 Christianum
393 403 403 429 ;
431 399 518 443 quo
540 383 718 443 quidem
734 391 856 427 tanto
879 384 1045 428 avidius
1064 385 1267 438 curritur,
1295 395 1462 444 quanto

77 455 244 498 tardius
261 455 505 498 exhibetur.
522 454 606 497 Sed
629 452 759 496 etiam
781 453 843 496 ibi
861 454 968 512 quid
982 470 1069 498 non
1084 454 1375 513 periculosum
1394 456 1463 498 in-

78 524 240 582 geritur
273 522 542 582 aspectibu5‚
577 520 684 581 quid
721 537 811 566 non
841 525 1104 567 cruentum?
1136 524 1242 579 ubi,
1274 525 1385 568 sicut
1411 525 1465 568 ait

77 594 348 638 beatissimus
366 592 637 651 Cyprianus,
669 591 870 638 voluntas
892 592 1020 636 noxia
1043 592 1096 636 ad
1124 592 1234 637 feras
1265 595 1465 639 homines

76 663 203 707 nullo
225 663 405 706 crimine
428 663 643 707 damnat1.
668 665 766 707 Non
801 677 902 721 ergo
922 678 999 707 vos
1014 698 1025 717 ‚
1046 662 1331 719 dilectissimi,
1357 664 1468 708 illud

77 732 375 792 spectaculum
410 731 586 777 crudele
614 732 768 776 invitet
789 732 975 787 intueri,
1016 747 1171 776 novem
1215 733 1324 776 ursis
1357 733 1466 778 duos

74 803 332 847 altercantes
354 813 580 847 venatores
599 822 607 846 :
633 801 709 846 sed
731 802 918 847 delectet
940 803 1088 846 videre
1106 818 1245 847 unum
1268 812 1467 847 nostrum

74 873 295 917 Danielem
319 873 484 918 orando
502 881 776 932 superantem
795 882 961 933 septem
980 873 1143 918 leones.
1167 874 1370 917 Discerne
1382 874 1469 932 spi-

74 943 208 987 ritalis
231 953 396 988 amator
418 944 654 988 certamina
673 944 800 988 :vide
823 943 933 988 duos
951 944 1100 988 noxios
1117 943 1468 997 voluntate‚vide

73 1028 212 1057 unum
229 1015 506 1058 innocentem
531 1029 579 1058 ac
599 1012 782 1072 plenum
804 1013 906 1057 fide.
931 1013 1044 1057 Vide
1065 1012 1161 1057 illos
1183 1029 1262 1072 pro
1284 1014 1467 1072 praemio

75 1091 244 1126 terreno
264 1098 360 1125 suas
373 1083 535 1126 animas
550 1082 695 1126 bestiis
706 1081 914 1126 obtulisse
934 1101 943 1126 z
960 1083 1058 1127 vide
1071 1084 1203 1127 istum
1217 1084 1263 1126 in
1272 1084 1467 1128 oratione

72 1151 334 1195 clamantem
353 1171 361 1194 ;
402 1169 420 1190 «
458 1153 520 1193 Ne
556 1150 784 1193 tradideris
828 1151 975 1194 bestiis
1014 1153 1177 1197 animas
1210 1154 1466 1198 confitentes

77 1240 97 1262 «
123 1221 240 1263 tihi2.
269 1238 289 1260 »
319 1223 370 1262 In
390 1219 465 1262 illo
483 1219 730 1278 spectaculo
748 1221 1025 1264 contristatur
1048 1222 1204 1275 editor,
1226 1224 1258 1264 si
1284 1233 1468 1267 venator

74 1289 228 1333 evadat
250 1287 425 1341 illaesus,
451 1289 526 1347 qui
541 1288 578 1330 ei
601 1287 746 1345 plures
764 1289 919 1331 bestias
934 1289 1153 1332 interemit
1174 1308 1183 1333 :
1209 1289 1256 1332 in
1277 1289 1360 1334 isto
1383 1307 1465 1335 no-

72 1370 161 1403 stro
183 1359 273 1402 sine
295 1357 410 1402 ferro
428 1366 666 1416 pugnatur,
683 1373 763 1400 nec
788 1357 943 1401 Daniel
959 1357 1153 1412 laeditur,
1174 1375 1255 1404 nec
1277 1359 1368 1405 fera
1394 1378 1467 1406 oc-

73 1428 256 1483 ciditur3
277 1437 319 1470 et
347 1428 406 1471 sic
428 1427 617 1470 vincitur
632 1461 642 1479 ‚
664 1436 714 1469 ut
735 1442 806 1469 rex
828 1428 1008 1470 miretur
1031 1436 1161 1487 atque
1183 1438 1400 1485 mutetur,
1425 1440 1468 1475 et

74 1497 224 1556 populi
262 1498 593 1555 pertimescant,
628 1504 672 1537 et
705 1495 866 1537 inimici
895 1494 1159 1554 dispereant.
1196 1497 1466 1543 Admirabile

72 1565 367 1626 spectaculum
394 1575 609 1617 nostrum,
635 1564 763 1622 plane
784 1564 996 1617 mirabile,
1024 1565 1068 1608 in
1087 1581 1175 1624 quo
1201 1569 1315 1611 Deus
1339 1568 1465 1627 adju-

72 1646 171 1688 vat,
197 1635 303 1678 fides
338 1636 448 1677 vires
476 1635 679 1692 impetrat
694 1668 704 1686 ‚
744 1634 993 1676 innocentia
1029 1644 1222 1692 pugnat,
1264 1638 1464 1683 sanctitas

74 1706 222 1758 vincit,
249 1704 477 1763 praemium
502 1702 784 1761 consequitur
807 1703 909 1756 tale,
928 1702 1049 1762 quod
1067 1713 1109 1748 et
1124 1704 1197 1747 ille
1217 1705 1293 1764 qui
1314 1708 1464 1753 vicerit

76 1775 270 1833 accipiet,
294 1783 337 1817 et
360 1774 434 1833 qui
452 1772 679 1816 donaverit
691 1771 800 1815 nihil
825 1773 1009 1816 amittet.
1038 1776 1123 1817 lsta
1148 1775 1352 1833 spiritalia
1365 1781 1465 1821 Mu·-

74 1859 177 1887 nera
187 1843 518 1902 ³concupiscite‚
536 1841 589 1885 ad
603 1843 696 1885 haec
711 1841 923 1885 intuenda
939 1852 982 1886 et
998 1859 1095 1887 cum
1108 1844 1226 1887 omni
1237 1848 1465 1893 securitate

75 1914 308 1974 spectanda
326 1913 521 1957 alacriter
546 1914 600 1956 ad
622 1912 860 1958 Ecclesiam
883 1914 1134 1970 convenite,
1156 1916 1212 1960 ab
1237 1920 1356 1962 omni
1386 1936 1463 1964 cu-

75 1985 254 2045 piditate
275 1984 434 2029 carnali
457 1985 728 2043 propositum
747 1984 890 2029 cordis
914 1995 1129 2041 revocate,
1152 2002 1326 2033 omnem
1351 1992 1462 2035 solli-

77 2055 313 2100 citudinem
335 2065 520 2099 vestram
541 2058 631 2098 Deo
652 2055 980 2113 gubernandam
1005 2057 1283 2102 committite:
1308 2069 1358 2104 ut
1385 2062 1462 2105 ad-

76 2127 285 2170 versarius
303 2135 558 2179 revereatur,
570 2124 679 2168 nihil
699 2126 744 2168 in
764 2125 888 2169 vobis
903 2127 1126 2171 inveniens
1141 2143 1283 2183 suum,
1298 2146 1461 2191 vosque

76 2196 200 2240 illum
225 2194 500 2254 repudiantes
516 2229 525 2247 ‚
548 2196 725 2252 ejusque
752 2196 922 2254 pompis
946 2198 1264 2253 renuntiantes,
1289 2209 1460 2259 postea-

77 2283 207 2327 quam
229 2266 282 2309 ab
315 2267 407 2324 ejus
428 2264 592 2308 insidiis
624 2273 764 2307 vestra
787 2264 916 2308 fuerit
938 2278 1057 2310 eruta
1080 2267 1276 2324 libertas,
1300 2286 1355 2314 ne
1385 2287 1459 2316 vos

76 2337 268 2381 inveniat
289 2351 447 2379 vacuos
467 2334 539 2377 ille
562 2332 772 2387 nefarius,
810 2350 940 2394 quem
972 2337 1171 2382 novimus
1203 2340 1332 2384 etiam
1367 2357 1459 2387 non

77 2422 177 2451 suos
200 2416 346 2449 tenere
371 2405 633 2464 cupientem.

127 2512 132 2522 ¹
165 2507 256 2547 (js-pr.
285 2506 314 2536 in
335 2506 418 2548 Epist
451 2506 490 2538 ad
511 2509 676 2537 Donatum.
694 2521 732 2527 —
753 2511 764 2526 ²
787 2504 864 2536 psal.
895 2516 999 2538 ιςςιιι,
1025 2518 1060 2549 ¹9
1084 2524 1117 2529 —-
1132 2505 1146 2530 3
1166 2509 1314 2552 Munera,
1335 2510 1375 2542 id
1393 2520 1456 2550 est,

76 2562 269 2605 spectacula.
