1729 3143
236 202 321 241 344
668 213 700 237 s.
739 209 970 238 Aneus'nm
1002 211 1184 240 EPISCOPI

234 296 315 324 nus
335 315 347 335 ‚
372 289 478 324 tunc
496 275 608 321 aude
628 274 770 320 dicere
789 275 965 336 aliquod
988 278 1155 322 bonum
1172 292 1261 323 esse
1276 313 1288 334 ‚
1312 279 1435 339 quod
1452 296 1542 327 non
1564 282 1619 326 sit

232 365 285 394 ex
304 353 406 394 Deo.
431 347 526 391 Tria
549 346 664 390 enim
683 347 777 391 haec
796 346 969 392 duobus
987 348 1117 393 etiam
1135 349 1387 394 nominibus
1403 353 1619 397 enuntiari

231 427 438 480 possunt,
464 417 497 460 si
519 415 794 476 appellentur
822 433 979 478 corpus
1001 428 1045 464 et
1072 419 1159 464 vita
1185 439 1194 465 :
1219 420 1321 479 quia
1343 428 1386 465 et
1418 420 1492 465 illa
1519 438 1619 481 quae

231 498 403 534 tantum
433 486 567 542 vivit,
604 501 748 547 neque
779 487 1012 548 intelligit,
1040 490 1180 549 qualis
1213 499 1277 535 est
1303 505 1511 550 pecorum
1531 526 1543 546 ‚
1579 501 1623 537 et

229 561 323 603 haec
351 573 451 618 quae
473 556 707 616 intelligit,
749 558 875 603 sicuti
907 568 971 604 est
997 560 1249 616 hominum,
1276 560 1508 605 rectissime
1534 562 1623 606 vita

230 628 403 673 dicitur.
442 630 546 674 Haec
581 637 728 673 autem
763 629 877 684 duo,
916 629 962 674 id
995 639 1088 686 est,
1127 646 1284 691 corpus
1309 640 1352 675 et
1384 631 1497 686 vita,
1523 647 1623 691 quae

231 699 409 761 quidem
426 709 635 744 creaturae
656 699 926 760 deputantur
943 703 1070 759 (nam
1093 711 1137 746 et
1155 702 1368 747 Creatoris
1386 702 1518 762 ipsius
1534 703 1624 748 vita

231 770 418 827 dicitur,
445 780 487 815 et
510 787 557 816 ea
580 787 748 816 summa
778 773 865 817 vita
888 778 971 828 est)
1000 774 1093 817 istae
1122 774 1253 832 igitur
1279 773 1380 818 duae
1414 783 1624 819 creaturae

235 856 392 900 corpus
415 851 457 886 et
478 842 565 887 vita
585 877 595 898 ‚
621 843 828 903 quoniam
853 842 1096 888 formabilia
1119 853 1221 887 sunt
1241 879 1252 900 ,
1278 845 1406 889 sicuti
1427 845 1625 904 superius

232 911 348 957 dicta
368 913 638 966 docuerunt,
665 914 905 974 amissaque
924 915 1104 959 omnino
1126 914 1264 960 forma
1286 916 1331 959 in
1349 915 1538 960 nihilum
1557 932 1626 960 re·
1668 970 1675 977 s

230 983 386 1027 cidunt
405 1018 415 1037 ,
445 982 546 1026 satis
568 982 808 1025 ostendunt
831 998 876 1026 se
904 998 955 1026 ex
983 983 1056 1027 illa
1078 985 1216 1028 forma
1243 984 1500 1039 subsistere,
1526 1001 1629 1045 quae
1657 984 1659 986 ’

232 1069 402 1112 semper
437 1052 649 1112 ejusmodi
678 1061 756 1097 est.
784 1053 1080 1106 Quamobrem
1102 1063 1459 1115 quantacumque
1482 1055 1596 1100 bona
1612 1091 1624 1112 ,

232 1124 430 1184 quamvis
457 1139 612 1181 magna
632 1159 643 1179 ‚
671 1124 869 1183 quamvis
892 1125 1097 1181 minima,
1133 1126 1214 1169 nisi
1240 1141 1291 1169 ex
1313 1129 1402 1171 Deo
1425 1142 1515 1171 esse
1537 1143 1627 1172 non

232 1204 429 1254 possunt.
456 1195 571 1248 Quid
596 1195 711 1239 enim
734 1197 874 1255 majus
897 1197 943 1239 in
966 1197 1174 1239 creaturis
1195 1211 1329 1255 quam
1350 1197 1440 1241 vita
1461 1197 1628 1241 intelli-

234 1280 365 1323 gens,
405 1275 481 1309 aut
514 1265 621 1325 quid
660 1265 804 1308 minus
842 1275 985 1324 potest
1018 1280 1107 1309 esse
1141 1280 1272 1324 quam
1306 1268 1497 1325 corpus?
1519 1270 1628 1320 Quae

233 1335 562 1396 quantumlibet
584 1335 789 1379 deficiant
806 1370 816 1389 ‚
841 1344 883 1379 et
901 1351 952 1379 eo
972 1335 1156 1380 tendant
1170 1345 1220 1380 ut
1237 1351 1327 1380 non
1342 1337 1426 1380 sint
1441 1371 1453 1392 ‚
1482 1347 1626 1382 tamen

232 1405 399 1466 aliquid
414 1404 567 1450 formae
583 1405 667 1449 illis
686 1413 880 1449 remanet
896 1440 908 1458 ,
935 1414 984 1449 ut
1004 1421 1186 1466 quoquo
1207 1406 1338 1451 modo
1360 1407 1460 1451 sint.
1483 1408 1624 1462 Quid-

231 1477 339 1537 quid
361 1486 507 1520 autem
530 1476 683 1519 formae
705 1476 891 1535 cuipiam
912 1476 974 1520 rei
997 1477 1217 1522 deficienti
1237 1487 1458 1534 remanet,
1484 1494 1534 1522 ex
1553 1479 1626 1524 illa

232 1546 371 1591 forma
393 1555 457 1590 cst
478 1562 576 1606 quae
600 1547 735 1591 nescit
759 1547 942 1608 deficere
958 1582 968 1602 ‚
992 1558 1224 1609 motusque
1246 1549 1358 1609 ipsos
1381 1564 1526 1593 rerum
1549 1550 1627 1595 de-

234 1617 472 1660 ficientium
489 1616 558 1660 vel
575 1617 897 1676 proficientium
916 1618 1124 1663 excedere
1142 1635 1427 1665 numerorum
1447 1636 1626 1664 suorum

233 1687 349 1746 leges
386 1704 476 1732 non
508 1688 622 1732 sinit.
666 1688 892 1748 Quidquid
922 1689 1054 1748 igitur
1076 1689 1297 1735 laudabile
1319 1691 1560 1736 advertitur
1581 1692 1627 1735 in

232 1773 376 1801 rerum
399 1767 555 1802 natura
573 1792 584 1811 ,
624 1758 711 1801 sive
735 1757 889 1816 exigua
917 1759 1005 1802 sive
1032 1760 1175 1818 ampla
1196 1760 1326 1804 laude
1349 1760 1530 1818 dignum
1549 1762 1625 1820 ju-

233 1829 403 1873 dicetur
423 1863 433 1883 ,
459 1828 513 1873 ad
536 1827 935 1872 excellentissimam
960 1838 1004 1872 et
1022 1829 1293 1874 ineffabilem
1311 1831 1490 1875 laudem
1512 1832 1626 1876 refe-

237 1900 423 1944 rendum
445 1909 508 1944 est
530 1899 779 1945 Conditoris
802 1919 810 1944 :
833 1899 914 1943 nisi
932 1899 1040 1960 quid
1062 1901 1197 1944 habes
1215 1900 1268 1945 ad
1287 1901 1396 1945 haec.

291 1973 472 2015 XLVII.
508 1972 561 2015 E.
590 1971 698 2016 Satis
715 1971 822 2014 mihi
839 1985 1092 2030 persuasum
1114 1987 1204 2016 esse
1233 1971 1389 2027 fateor,
1410 1981 1454 2016 et
1469 1988 1624 2032 quem-

234 2041 472 2086 admodum
500 2041 782 2086 manifestum
812 2042 915 2097 fiat,
954 2051 1168 2101 quantum
1202 2044 1247 2086 in
1268 2042 1349 2086 hac
1383 2042 1471 2087 vita
1494 2053 1625 2103 atque

233 2113 347 2157 inter
379 2112 483 2157 tales
515 2113 664 2173 quales
694 2129 784 2158 non
807 2128 955 2158 sumus
979 2123 1150 2173 potest⁵
1178 2117 1317 2158 Deum
1348 2129 1462 2169 esse,
1503 2125 1546 2159 et
1574 2132 1624 2160 ex

235 2187 323 2227 Deo
346 2198 435 2228 esse
457 2185 602 2228 omnia
621 2185 735 2228 bona
771 2204 778 2228 :
818 2184 1178 2244 quandoquidem
1201 2185 1345 2229 omnia
1367 2202 1466 2246 quae
1493 2196 1593 2231 sunt
1609 2222 1620 2242 ,

233 2254 320 2298 sive
340 2271 438 2314 quae
458 2253 707 2312 intelligunt
735 2263 777 2299 et
798 2255 953 2299 vivunt
980 2264 1023 2298 et
1043 2265 1173 2313 sunt3
1204 2255 1291 2299 sive
1319 2272 1418 2316 quae
1450 2265 1621 2301 tantum

233 2324 387 2368 vivunt
404 2333 446 2369 et
463 2333 589 2379 sunt,
613 2325 701 2368 sive
723 2340 821 2384 quae
840 2333 1013 2368 tantum
1032 2334 1156 2380 sunt,
1177 2340 1227 2368 ex
1247 2328 1336 2369 Deo
1359 2335 1474 2371 sunt.
1496 2328 1620 2371 Nunc

230 2394 317 2451 jam
340 2396 510 2440 tertiam
528 2396 813 2455 quaestionem
836 2395 1075 2451 videamus,
1093 2405 1242 2440 utrum
1258 2397 1448 2456 expediri
1469 2396 1615 2456 possit,

237 2462 348 2506 inter
380 2465 495 2510 bona
528 2482 616 2511 esse
649 2466 963 2511 numerandam
992 2466 1172 2511 liberam
1207 2467 1493 2512 voluntatem.
1519 2470 1617 2520 Quo

240 2532 534 2581 demonstrato
556 2538 646 2581 sine
678 2538 951 2582 dubitatione
979 2538 1212 2584 concedam
1230 2573 1240 2593 ,
1277 2541 1415 2582 Deum
1448 2537 1616 2584 dedisse
