1729 3143
415 208 468 235 ΒΕ
496 208 648 236 LlBERO
674 204 887 242 Annrrmo,
922 207 1004 234 Lux.
1040 207 1107 234 111.
1367 196 1449 236 383

88 273 170 318 dus
187 279 252 317 est
271 281 437 317 creator
462 273 660 318 omnium
688 275 823 326 Deus,
848 272 939 316 sine
965 272 1087 331 cujus
1110 269 1239 315 laude
1259 285 1340 316 nec
1366 271 1465 315 lau-

87 343 180 388 dari
221 359 468 404 possumus,
507 360 587 389 nec
626 343 862 403 vituperari
894 343 903 386 Ι
940 345 1038 389 Νοη
1075 342 1191 387 enim
1229 342 1466 402 vituperari

87 430 312 474 passumus
334 416 435 475 quia
456 416 502 459 in
524 430 684 477 eo‘non
705 428 929 457 manemus
944 448 955 468 ‚
980 414 1061 458 nisi
1078 414 1179 475 quia
1197 429 1405 473 magnum
1423 422 1468 458 et

87 500 309 530 summum
331 495 374 530 et
395 486 583 545 primum
609 494 805 529 nostrum
831 484 998 527 bonum
1019 493 1082 528 est
1103 500 1277 528 manere
1298 484 1343 528 in
1360 483 1462 529 illo:

86 558 207 600 unde
241 566 386 601 autem
420 558 503 601 hoc
518 591 529 612 ,
567 556 648 600 nisi
678 556 779 616 quia
811 554 885 598 ille
921 554 1144 599 ineffabile
1179 556 1344 600 bonum
1374 556 1467 600 est?

87 627 204 681 Quid
220 642 321 685 ergo
340 628 524 672 inveniri
541 635 683 687 potest
697 627 742 670 in
759 626 913 671 nostris
927 626 1112 685 peccatis
1129 627 1247 670 unde
1262 626 1335 671 ille
1351 627 1469 671 vitu-

86 707 285 757 peretur,
308 697 486 758 quando
504 697 763 757 vituperatio
789 704 1067 757 peccatorum
1084 706 1331 742 nostrorum
1348 695 1470 741 nulla

86 778 172 824 est,
194 768 275 813 nisi
296 769 368 813 ille
384 768 621 814 laudetur?

144 843 395 885 XXXVIII.
424 840 542 894 Quid
565 839 686 900 quod
705 839 835 883 etiam
854 840 900 883 in
925 838 1026 898 ipsis
1055 838 1208 892 rebuS‚
1233 853 1333 897 quae
1350 838 1469 883 vitu-

85 921 309 968 perantur,
335 911 498 955 nullius
519 911 792 969 vituperatur
817 910 898 954 nisi
923 907 1296 953 vitiumi’Nullius
1325 918 1471 952 autem

86 981 357 1040 vituperatur
377 982 548 1036 vitium,
573 981 654 1025 nisi
676 982 798 1041 cujus
819 990 976 1025 natura
1001 971 1221 1023 laudatur.
1246 982 1335 1024 Aut
1355 979 1472 1024 enim

85 1051 328 1095 secundum
350 1062 550 1096 naturam
570 1061 633 1095 est
651 1051 772 1112 quod
793 1052 1033 1111 vituperas3
1053 1060 1096 1095 et
1112 1066 1202 1095 non
1218 1059 1281 1094 est
1297 1051 1469 1106 vitium,

17 1135 23 1148 ·
84 1131 222 1182 tuque
245 1124 376 1180 magis
398 1115 697 1167 emendandus
720 1138 762 1166 θε
778 1158 789 1178 ,
815 1132 864 1167 ut
882 1132 998 1167 recte
1020 1122 1266 1182 vituperare
1283 1123 1469 1179 noveris,

85 1207 216 1252 quam
236 1191 346 1236 illud
364 1192 485 1252 quod
505 1208 594 1236 non
623 1202 739 1236 recte
760 1194 1006 1252 vituperas3
1037 1203 1112 1237 aut
1141 1195 1174 1238 si
1196 1194 1349 1238 vitium
1377 1204 1469 1250 est,

16 1277 19 1284 ’
86 1272 134 1307 ut
149 1272 264 1307 recte
283 1264 517 1323 vituperari
532 1263 680 1322 possit,
699 1264 829 1308 etiam
847 1274 997 1308 contra
1013 1273 1213 1308 naturam
1229 1265 1282 1309 sit
1300 1281 1472 1310 necesse

86 1343 163 1378 est.
184 1335 324 1378 Omne
347 1334 509 1393 quippe
525 1334 704 1389 vitium,
730 1350 781 1378 eo
804 1334 897 1393 ipso
920 1350 1008 1394 quo
1031 1335 1184 1379 vitium
1199 1344 1290 1390 est,
1322 1345 1473 1381 contra

86 1413 285 1449 naturam
303 1414 380 1449 est.
410 1405 452 1448 Si
470 1404 583 1448 enim
606 1414 773 1448 naturae
795 1420 885 1449 non
913 1414 1068 1460 nocet,
1093 1421 1174 1450 nec
1201 1405 1356 1450 vitium
1375 1415 1439 1451 est
1459 1425 1470 1451 :

86 1475 119 1519 si
142 1485 287 1520 autem
306 1476 406 1535 quia
423 1484 552 1520 nocet
572 1475 671 1519 ideo
690 1475 844 1519 vitium
865 1484 950 1531 est,
972 1475 1070 1519 ideo
1100 1475 1256 1519 vitium
1284 1485 1348 1521 est
1371 1477 1473 1537 quia

84 1555 236 1591 contra
257 1555 456 1590 naturam
476 1555 554 1590 est.
580 1546 709 1599 Quod
731 1546 765 1590 si
787 1561 880 1589 non
895 1560 974 1590 suo
989 1581 1000 1601 ,
1020 1545 1095 1590 sed
1113 1545 1254 1591 alieno
1270 1547 1376 1591 vitio
1393 1547 1472 1591 ali-

85 1633 173 1677 qua
199 1629 350 1662 natura
367 1618 661 1677 corrumpitur
678 1652 689 1672 ‚
712 1617 873 1677 injuste
890 1617 1185 1676 vituperatur,
1208 1628 1250 1662 et
1268 1633 1472 1678 quaeren-

86 1687 193 1731 dum
223 1697 287 1732 est
318 1698 467 1732 utrum
489 1689 563 1732 illa
586 1697 739 1732 natura
767 1704 858 1732 non
892 1698 1198 1748 corrumpatur
1225 1689 1332 1733 vitio
1359 1705 1438 1734 suo
1458 1723 1469 1745 ‚

85 1758 209 1818 cujus
235 1758 341 1802 vitio
365 1759 509 1817 potuit
539 1757 677 1802 aliena
700 1767 860 1803 natura
882 1759 1118 1819 corrumpi.
1162 1758 1246 1804 Sed
1273 1760 1377 1820 quid
1410 1769 1474 1805 est

86 1828 205 1872 aliud
222 1828 389 1885 vitiari,
414 1829 494 1874 nisi
514 1830 619 1874 vitio
647 1830 898 1890 corrumpi?
921 1834 1055 1875 Porro
1076 1839 1232 1875 natura
1253 1847 1354 1891 quae
1382 1846 1473 1876 non

86 1899 283 1954 vitiatur,
308 1910 426 1946 caret
445 1901 551 1946 vitio
577 1920 586 1946 ε
612 1902 733 1960 cujus
756 1911 901 1946 autem
923 1901 1027 1946 vitio
1042 1900 1179 1946 aliena
1197 1911 1352 1947 natura
1373 1918 1472 1948 cor-

86 1971 304 2030 rumpitur
319 2005 329 2025 ,
361 1971 494 2015 habet
516 1972 671 2031 utique
690 1972 864 2017 vitium.
897 1973 1020 2017 Prior
1040 1988 1143 2032 ergo
1157 1973 1309 2018 vitiosa
1327 1982 1408 2029 est,
1428 1982 1472 2019 et

87 2041 204 2100 prior
222 2041 518 2100 corrumpitur
538 2041 639 2086 vitio
661 2057 739 2087 suo
758 2077 768 2098 ‚
802 2044 869 2102 cuj
879 2059 925 2087 us
943 2042 1050 2088 vitio
1072 2042 1153 2088 alia
1175 2059 1353 2104 quoque
1371 2059 1471 2089 cor-

87 2112 230 2171 rumpi
266 2121 423 2171 potest.
456 2114 520 2155 Ex
558 2127 646 2172 quo
683 2112 903 2172 colligitur
917 2148 928 2169 ‚
964 2123 1115 2159 contra
1150 2123 1349 2159 naturam
1382 2130 1473 2160 esse

87 2196 217 2227 omne
238 2183 414 2237 vitium,
440 2182 569 2226 etiam
587 2183 676 2242 ejus
691 2183 751 2226 rei
769 2184 892 2242 cujus
914 2194 978 2229 est
1000 2185 1168 2229 vitium.
1195 2188 1472 2246 Quapropter

87 2254 293 2313 quoniam
316 2254 362 2297 in
385 2269 663 2314 quacumque
685 2269 730 2298 re
757 2270 846 2299 non
873 2255 1142 2315 vituperatur
1173 2257 1255 2301 nisi
1285 2257 1439 2302 vitium
1456 2292 1467 2313 ‚
1488 2281 1493 2284 ·

86 2323 186 2369 ideo
208 2334 353 2368 autem
375 2325 530 2369 vitium
559 2334 647 2380 est,
673 2326 774 2385 quia
793 2325 949 2371 ‘contra
977 2336 1176 2372 naturam
1205 2329 1296 2389 ejus
1317 2329 1378 2373 rei
1407 2337 1471 2373 est

87 2396 210 2456 cujus
228 2404 291 2440 est
307 2396 461 2440 vitium
477 2431 488 2451 ‚
508 2395 670 2440 nullius
693 2397 753 2440 rei
771 2407 886 2441 recte
907 2400 1179 2458 vituperatur
1196 2399 1368 2456 vitium,
1389 2399 1470 2444 nisi

87 2467 210 2527 cujus
232 2475 387 2511 natura
407 2466 625 2512 laudatur.
655 2470 752 2513 Non
776 2469 891 2512 enim
920 2469 997 2512 tibi
1032 2479 1148 2514 recte
1176 2471 1222 2515 in
1243 2471 1348 2516 vitio
1377 2469 1467 2515 dis-

88 2536 243 2596 plicet,
277 2537 358 2582 nisi
380 2537 482 2597 quia
497 2537 622 2583 vitiat
638 2538 758 2598 quod
778 2539 824 2583 in
845 2548 1000 2585 natura
1022 2539 1178 2600 placet.
