1729 3143
239 222 322 264 273
668 233 702 261 s.
739 232 971 263 Aucusnm
1002 236 1183 265 Emscom

236 302 363 347 evasi.
390 301 541 346 Aderit
561 299 677 343 enim
698 301 812 344 Deus
827 335 838 356 ‚
860 309 903 346 et
923 316 1001 346 nos
1020 301 1262 362 intelligere
1283 308 1406 366 quod
1425 310 1614 356 credidi-

234 388 330 416 mus
348 407 358 427 ,
383 371 524 414 faciet.
554 371 859 431 Praescriptum
878 373 991 416 enim
1015 389 1091 433 per
1118 377 1379 436 Prophetam
1407 380 1612 439 gradum,

234 444 310 505 qui
331 443 388 486 ait
411 461 419 486 ε
446 460 466 484 «
483 441 573 488 Nisi
585 442 868 500 credideritis,
888 460 978 489 non
999 445 1246 506 intelligetis
1260 450 1292 504 1,
1311 466 1332 490 »
1354 457 1502 494 tenere
1518 468 1613 509 nos,

234 516 346 559 bene
370 512 495 558 nobis
518 514 676 559 conscii
705 530 869 561 sumus.
903 516 1128 562 Credimus
1160 528 1305 563 autem
1340 535 1390 564 ex
1417 537 1508 567 uno
1529 525 1619 569 Deo

233 587 378 630 omnia
401 600 489 630 esse
510 602 609 646 quae
630 597 759 646 sunt,
783 597 826 632 et
847 597 993 633 tamen
1010 605 1101 634 non
1117 605 1206 635 esse
1223 592 1503 650 peccatorum
1520 609 1620 640 aue-

230 666 372 701 torem
393 659 547 702 Deum.
570 661 718 703 Movet
733 668 878 704 autem
901 661 1111 716 animum,
1136 662 1169 706 si
1185 672 1362 722 peccata
1382 679 1435 708 ex
1456 664 1507 710 iis
1523 667 1617 710 ani-

233 729 389 774 mabus
423 739 524 774 sunt
561 746 668 791 quas
705 734 818 776 Deus
854 733 1014 777 creavit
1033 769 1044 789 ,
1080 733 1166 778 illae
1201 744 1346 779 autem
1379 736 1534 780 animae
1566 752 1620 782 ex

231 803 339 856 Deo,
364 802 587 860 quomodo
608 817 698 847 non
719 818 853 862 parvo
871 803 1101 850 intervallo
1120 815 1294 862 peccata
1310 805 1554 852 referantur
1571 808 1619 852 in

231 873 388 916 Deum.

289 944 342 985 V.
377 944 429 986 E.
453 942 505 986 Id
527 958 645 987 nunc
667 942 795 1001 plane
813 943 887 987 abs
908 952 951 987 te
973 942 1142 988 dictum
1159 952 1223 988 est
1237 978 1249 999 ,
1274 947 1396 1004 quod
1417 961 1486 990 me
1503 949 1621 1005 cogi-

232 1021 398 1057 tantem
429 1014 530 1058 satis
562 1014 779 1058 excruciat
797 1049 808 1069 ‚
839 1022 883 1057 et
910 1012 1030 1073 quod
1058 1013 1113 1058 ad
1140 1015 1266 1058 istam
1292 1015 1622 1076 inquisitionem

233 1084 376 1142 coegit
393 1093 436 1128 et
457 1084 603 1128 traxit.
630 1087 682 1128 Α.
709 1084 834 1128 Virili
857 1086 1002 1129 animo
1024 1094 1115 1130 esto
1132 1121 1143 1141 ,
1168 1095 1211 1130 et
1233 1087 1360 1131 crede
1383 1088 1504 1148 quod
1525 1103 1621 1133 cre-

235 1154 299 1199 dis
329 1173 338 1198 z
379 1152 489 1197 nihil
521 1153 637 1197 enim
672 1154 863 1198 creditur
894 1155 1047 1200 melius
1065 1191 1077 1212 ,
1108 1157 1238 1201 etiam
1270 1158 1304 1200 si
1331 1174 1459 1203 causa
1490 1157 1623 1204 lateat

234 1239 319 1269 cur
333 1226 392 1268 ita
413 1224 482 1268 sit.
505 1224 679 1283 Optime
695 1240 886 1284 namque
909 1224 964 1269 de
986 1229 1075 1272 Deo
1096 1228 1339 1272 existimare
1355 1229 1626 1274 verissimum

234 1304 297 1339 est
318 1294 488 1354 pietatis
509 1294 739 1339 exordium
759 1316 770 1352 3
795 1310 876 1340 nec
901 1297 1133 1356 quisquam
1155 1297 1209 1340 de
1236 1298 1312 1342 illo
1338 1298 1502 1357 optime
1519 1301 1623 1344 exis-

233 1366 358 1411 timat
373 1400 385 1420 ‚
417 1366 495 1425 qui
513 1380 604 1409 non
628 1380 729 1409 eum
757 1366 1102 1425 omnipotentem
1119 1401 1130 1421 ,
1156 1376 1286 1426 atque
1304 1383 1358 1412 ex
1379 1368 1500 1413 nulla
1521 1386 1624 1428 par—

237 1436 366 1482 ticula
403 1435 762 1482 commutabilem
804 1436 968 1494 credit,
1008 1438 1228 1482 bonorum
1261 1439 1392 1483 etiam
1426 1441 1624 1485 omnium

233 1517 491 1564 creatorem,
516 1507 678 1568 quibus
694 1515 758 1551 est
769 1507 860 1566 ipse
882 1508 1156 1566 praestantior
1174 1529 1186 1567 3
1210 1518 1424 1555 rectorem
1445 1527 1625 1571 quoque

230 1580 515 1642 justissimum
544 1595 697 1624 eorum
719 1580 916 1624 omnium
938 1596 1039 1641 quae
1059 1581 1252 1638 creavit,
1275 1597 1355 1627 nec
1378 1581 1468 1627 ulla
1498 1583 1625 1643 adju·
1677 1579 1680 1585 “

237 1661 332 1697 tum
350 1666 440 1696 esse
457 1661 614 1696 natura
636 1650 682 1694 in
703 1651 890 1696 creando
905 1686 916 1706 ,
942 1651 1065 1711 quasi
1082 1653 1157 1712 qui
1175 1667 1266 1697 non
1286 1653 1368 1697 sibi
1388 1654 1622 1699 sufficeret.

238 1726 303 1767 Ex
324 1738 412 1782 quo
434 1723 484 1766 fit
505 1731 555 1766 ut
576 1721 631 1766 de
648 1721 786 1765 nihilo
807 1723 1018 1766 creaverit
1035 1723 1177 1766 omnia
1194 1744 1206 1780 3
1230 1724 1286 1767 de
1303 1739 1348 1767 se
1370 1733 1515 1768 autem
1537 1740 1629 1770 non

239 1793 449 1839 creaverit
465 1828 476 1848 ,
507 1793 579 1836 sed
604 1792 804 1851 genuerit
821 1792 942 1852 quod
959 1793 1039 1836 sibi
1056 1808 1134 1852 par
1149 1802 1284 1848 esset,
1314 1810 1446 1853 quem
1469 1796 1628 1840 Filium

239 1866 316 1910 Dei
336 1864 516 1909 unicum
536 1864 742 1918 dicimus,
769 1878 900 1924 quem
927 1879 1029 1908 cum
1050 1862 1222 1923 planius
1243 1865 1471 1910 enuntiare
1493 1881 1628 1911 cona-

240 1952 360 1992 mur,
395 1935 474 1979 Dei
504 1935 724 1979 Virtutem
746 1943 789 1978 et
810 1935 887 1978 Dei
917 1935 1180 1994 Sapientiam
1211 1934 1518 1991 nominamus,
1553 1952 1629 1995 per
1685 1967 1691 1977 Α,

241 2022 374 2068 quam
406 2005 509 2051 fecit
543 2006 719 2062 omnia,
757 2021 857 2066 quae
892 2005 947 2050 de
981 2005 1119 2050 nihilo
1155 2005 1270 2050 facta
1303 2015 1418 2050 sunt.
1461 2007 1630 2060 Quibus

243 2078 492 2125 constitutis
508 2112 521 2134 ,
545 2078 601 2122 ad
623 2076 956 2136 intelligentiam
979 2077 1070 2136 ejus
1091 2076 1154 2120 rei
1175 2091 1308 2136 quam
1323 2078 1522 2138 requiris,
1542 2079 1632 2138 opi-

245 2150 414 2196 tulante
436 2152 527 2194 Deo
542 2183 554 2204 ,
581 2147 772 2192 nitamur
794 2148 878 2192 hoc
900 2147 1050 2192 modo.
1101 2184 1105 2187 .

303 2223 379 2265 VI.
415 2219 583 2274 Quaeris
625 2228 740 2263 certe
781 2217 899 2262 unde
939 2218 1051 2262 male
1083 2216 1290 2263 faciamus
1321 2237 1332 2263 z
1369 2218 1487 2277 prius
1529 2233 1632 2278 ergo

246 2291 573 2338 discutiendum
591 2326 603 2347 ,
628 2290 736 2351 quid
764 2291 818 2335 sit
838 2290 950 2335 male
971 2289 1114 2335 faeere
1136 2309 1146 2335 z
1171 2304 1257 2350 qua
1278 2289 1334 2333 de
1354 2304 1400 2333 re
1421 2289 1502 2333 tibi
1523 2289 1632 2350 quid
1669 2334 1671 2338 ,

246 2364 446 2408 videatur
467 2378 686 2423 exprome.
715 2362 845 2416 Quod
866 2362 900 2406 si
921 2377 1011 2406 non
1031 2370 1151 2420 potes
1172 2368 1315 2404 totum
1337 2359 1466 2404 simul
1487 2359 1631 2404 brevi-

249 2443 313 2479 ter
334 2436 474 2479 verbis
497 2433 892 2493 comprehendere,
918 2433 1072 2478 saltem
1091 2431 1384 2492 particulatim
1403 2430 1632 2477 malefacta

247 2507 339 2565 ipsa
359 2506 765 2560 commemorando,
791 2505 1051 2551 sententiam
1085 2513 1206 2549 tuam
1231 2512 1384 2550 notam
1412 2503 1482 2549 fac
1502 2504 1625 2549 mihi.

303 2597 315 2612 1
334 2589 405 2622 lsai.
424 2601 484 2631 vn,
501 2591 641 2631 9‚juxta
656 2591 751 2622 Lxx.

1704 3028 1720 3076 ‘’t-2
1716 3010 1719 3017 „
1716 2966 1718 2970 .

1701 3060 1722 3143 352-
