1729 3143
506 191 558 217 DE
588 190 738 218 ummo
770 188 984 224 Anssrriuo,
1019 190 1101 216 Lm.
1138 190 1168 215 1.
1438 178 1520 215 293

149 264 378 300 conantem
409 256 456 300 in
489 255 632 300 lucem
667 255 964 313 intelligendi,
1006 268 1240 314 rursusque
1272 252 1526 312 fatigatione

149 326 449 370 decidentem:
476 341 576 370 cum
599 327 761 369 interea
788 325 1076 383 cupiditatum
1103 323 1215 368 illud
1236 339 1419 382 regnum
1451 332 1526 380 ty-

148 412 222 440 ran
229 398 324 441 nice
342 398 504 461 saevifft,
519 406 562 440 et
578 397 702 440 variis
714 396 1027 455 contrariisque
1040 395 1370 454 tempestatibus
1384 403 1527 438 totum

149 467 337 510 hominis
357 467 548 510 animum
570 467 793 524 vitamque
814 465 1066 523 perturbet,
1090 466 1194 509 hinc
1217 466 1372 509 timore
1391 499 1403 518 ‚
1426 465 1530 508 inde

150 535 387 593 desiderio,
426 537 527 579 hinc
560 535 794 589 anxietate,
833 533 934 578 inde
968 535 1088 577 inani
1120 534 1314 593 falsaque
1351 534 1529 591 laetitia,

148 605 250 648 hinc
277 605 471 648 cruciatu
502 605 563 647 rei
597 604 760 647 amissae
787 619 885 663 quae
922 603 1211 662 diligebatur,
1245 604 1347 647 inde
1380 604 1532 647 ardore

149 674 435 732 adipiscendae
465 690 562 734 quae
594 690 683 718 non
712 674 989 730 habebatur,
1019 674 1122 717 hinc
1154 683 1342 732 acceptae
1362 674 1532 732 injuriae
1563 727 1566 732 ³

148 742 394 797 doloribus,
420 743 520 787 inde
542 744 710 787 facibus
747 743 1021 787 vindicandae
1048 763 1055 787 :
1078 759 1425 803 quaquaversum
1461 758 1534 800 po·
1566 735 1568 738 ¹

147 820 229 854 test
241 821 460 855 coarctare
472 813 647 856 avaritia
662 848 672 866 ,
695 813 898 872 dissipare
910 813 1095 866 luxuria,
1115 812 1314 856 addicere
1334 812 1529 864 ambitio,
1558 812 1564 866 ξ

144 881 296 922 inflare
323 882 548 937 superbia,
582 892 785 938 torquere
811 881 974 923 invidia
992 914 1003 934 ,
1029 881 1192 923 desidia
1216 881 1412 939 sepelire,
1433 897 1533 939 per·
1557 892 1560 897 ²

145 949 304 992 vicacia
328 948 545 991 concitare
561 983 572 1002 ,
598 948 804 992 afflictare
822 948 1053 1007 subjectio,
1081 959 1124 993 et
1140 966 1432 1010 quaecumque
1453 950 1534 992 alia

146 1018 479 1062 innumerabilia
500 1032 680 1075 regnum
703 1017 817 1061 illius
841 1017 1032 1062 libidinis
1051 1018 1333 1078 frequentant
1351 1030 1394 1064 et
1412 1036 1535 1064 exer-

146 1098 245 1131 cent
268 1108 275 1131 :
302 1104 608 1147 possumus-ne
625 1089 803 1131 tandem
827 1088 994 1132 nullam
1016 1089 1140 1132 istam
1164 1105 1339 1147 poenam
1365 1099 1534 1148 putare,

3 1158 8 1191 ¹
145 1174 275 1217 quam
296 1193 306 1211 ,
341 1168 391 1201 ut
424 1158 583 1210 cernis,
622 1172 770 1201 omnes
804 1159 878 1216 qui
910 1173 999 1201 non
1030 1159 1245 1202 inhaerent
1277 1159 1499 1217 sapientiae
1521 1194 1531 1211 ,

2 1193 7 1287 Ι
146 1243 318 1271 necesse.
334 1237 397 1271 est
419 1227 618 1285 perpeti?

1 1289 6 1367 Ι
205 1300 372 1341 XXIII.
409 1301 460 1340 E.
486 1301 688 1354 Magnam
707 1297 883 1355 quidem
908 1299 1029 1340 istam
1056 1313 1231 1356 poenam
1251 1299 1504 1357 essejudico
1522 1333 1533 1352 ,
1557 1352 1559 1354 ι

0 1370 5 1421 Ι
147 1378 190 1411 et
212 1369 391 1412 omnino
415 1369 575 1426 justam
597 1402 608 1421 ,
644 1367 677 1409 si
701 1367 796 1425 quis
823 1368 911 1424 jam
946 1368 989 1409 in
1021 1367 1287 1410 sublimitate
1313 1369 1536 1426 sapientiae

0 1422 5 1461 Ι
146 1437 385 1481 collocatus
402 1472 412 1491 ,
436 1436 539 1479 inde
561 1435 824 1479 descendere
846 1451 894 1478 ac
917 1435 1088 1478 libidini
1111 1436 1269 1478 servire
1292 1436 1500 1494 delegerit
1522 1457 1530 1481 ε
1571 1470 1575 1488 2

102 1509 136 1551 Γ
145 1507 221 1552 sed
248 1516 396 1551 utrum
427 1521 516 1550 esse
538 1506 766 1565 quisquam
803 1506 937 1563 possit
967 1505 1181 1548 incertum
1210 1515 1297 1558 est,
1334 1507 1410 1565 qui
1442 1508 1535 1550 haec

104 1588 107 1601 ²
146 1586 222 1621 aut
239 1576 427 1621 voluerit
450 1574 612 1629 facere,
642 1585 717 1618 aut
744 1574 864 1618 velit.
888 1577 1149 1633 Quanquam
1168 1575 1282 1618 enirn
1307 1576 1534 1619 credamus

147 1648 365 1691 hominem
390 1656 478 1690 tam
499 1646 691 1705 perfecte
718 1645 945 1688 conditum
968 1661 990 1688 a
1018 1647 1128 1698 Deo,
1155 1655 1197 1688 et
1219 1645 1264 1688 in
1290 1645 1413 1690 beata
1444 1647 1531 1690 vita

144 1717 430 1762 constitutum
445 1751 456 1771 ,
481 1725 531 1760 ut
553 1715 608 1760 ad
630 1731 844 1758 aerumnas
869 1715 1062 1759 mortalis
1084 1716 1183 1759 vitae
1205 1716 1294 1774 ipse
1312 1715 1412 1763 inde
1426 1732 1529 1775 pro-

144 1788 235 1846 pria
270 1786 496 1831 voluntate
528 1785 729 1845 delapsus
760 1787 837 1842 sit3
868 1795 1014 1829 tamen
1050 1787 1133 1830 hoc
1161 1801 1260 1830 cum
1291 1787 1531 1830 firmissima

144 1859 230 1903 fide
251 1870 442 1914 teneam,
473 1858 758 1916 intelligentia
781 1859 979 1902 nondum
1007 1868 1223 1903 assecutus
1251 1874 1345 1902 sum
1373 1880 1380 1902 ;
1407 1861 1532 1919 cujus

145 1931 204 1973 rei
226 1930 478 1988 diligentem
502 1930 828 1989 inquisitionem
844 1964 854 1983 ,
881 1931 912 1972 si
936 1945 1054 1974 nunc
1078 1929 1365 1974 differendam
1388 1939 1529 1988 putas,

143 2015 212 2042 me
234 1999 372 2043 invito
394 1998 514 2043 facis.

202 2072 363 2113 XXIV.
401 2071 563 2112 Verum
580 2068 690 2113 illud
712 2069 832 2128 quod
854 2085 924 2113 me
945 2070 1131 2113 maxime
1154 2079 1323 2124 movet,
1349 2086 1428 2114 cur
1445 2071 1531 2113 hu-

140 2141 385 2199 juscemodi
418 2140 710 2184 acerbissimas
745 2156 896 2198 poenas
931 2141 1148 2199 patiamur
1181 2157 1284 2195 nos,
1316 2142 1389 2200 qui
1415 2151 1531 2185 certe

143 2210 263 2253 stulti
294 2225 442 2253 sumus
459 2245 469 2263 ,
501 2225 582 2253 nec
605 2210 817 2268 sapientes
847 2226 1040 2269 unquam
1067 2210 1232 2254 fuimus
1249 2246 1259 2264 ‚
1285 2221 1335 2254 ut
1371 2213 1527 2255 merito

144 2281 236 2322 haec
253 2278 451 2322 dicamur
474 2279 638 2337 perpeti
662 2289 840 2337 propter
861 2279 1073 2323 desertam
1097 2280 1268 2324 virtutis
1290 2296 1429 2324 arcem
1449 2317 1459 2336 ,
1484 2291 1527 2325 et

143 2349 322 2393 electam
343 2350 423 2393 sub
440 2349 624 2393 libidine
642 2350 911 2404 servitutem,
933 2351 1040 2408 quin
1062 2351 1227 2410 aperias
1248 2350 1526 2409 disputando,
1563 2363 1567 2395 ἱ

143 2422 175 2463 si
199 2419 339 2474 vales,
367 2420 490 2464 nullo
520 2420 651 2464 modo
673 2421 753 2465 tibi
783 2420 1076 2465 differendum
1110 2437 1199 2465 esse
1229 2424 1524 2466 concesserim.
1563 2416 1568 2419 ’

147 2492 195 2532 Α.
241 2492 304 2532 Ita
344 2490 484 2534 isthuc
522 2490 627 2534 dicis
645 2526 655 2543 ,
697 2490 820 2549 quasi
855 2489 1024 2549 liquido
1061 2502 1331 2548 compertum
1373 2493 1532 2535 babeas
