<?xml version="1.0" encoding="UTF-8"?>
<!DOCTYPE html PUBLIC "-//W3C//DTD XHTML 1.0 Transitional//EN"
    "http://www.w3.org/TR/xhtml1/DTD/xhtml1-transitional.dtd">
<html xmlns="http://www.w3.org/1999/xhtml" xml:lang="en" lang="en">
 <head>
  <title>
</title>
<meta http-equiv="Content-Type" content="text/html;charset=utf-8" />
  <meta name='ocr-system' content='tesseract 3.04.00' />
  <meta name='ocr-capabilities' content='ocr_page ocr_carea ocr_par ocr_line ocrx_word'/>
</head>
<body>
  <div class='ocr_page' id='page_1' title='image "./operaomniaaccura27auguuoft/operaomniaaccura27auguuoft_0196.png"; bbox 0 0 1729 3143; ppageno 0'>
   <div class='ocr_carea' id='block_1_1' title="bbox 243 187 1179 227">
    <p class='ocr_par' dir='ltr' id='par_1_1' title="bbox 243 187 1179 227">
     <span class='ocr_line' id='line_1_1' title="bbox 243 187 1179 227; baseline -0.001 -1"><span class='ocrx_word' id='word_1_1' title='bbox 243 187 324 227; x_wconf 82' lang='lat'>184</span> <span class='ocrx_word' id='word_1_2' title='bbox 669 198 703 224; x_wconf 75' lang='lat' dir='ltr'>s.</span> <span class='ocrx_word' id='word_1_3' title='bbox 737 195 968 225; x_wconf 55' lang='lat' dir='ltr'>Aue-fuscum</span> <span class='ocrx_word' id='word_1_4' title='bbox 999 198 1179 226; x_wconf 73' lang='lat' dir='ltr'>Emscom</span> 
     </span>
    </p>
   </div>
   <div class='ocr_carea' id='block_1_2' title="bbox 230 261 1622 955">
    <p class='ocr_par' dir='ltr' id='par_1_2' title="bbox 230 261 1622 955">
     <span class='ocr_line' id='line_1_2' title="bbox 237 261 1615 323; baseline -0.003 -13"><span class='ocrx_word' id='word_1_5' title='bbox 237 264 370 310; x_wconf 86' lang='lat' dir='ltr'>talem</span> <span class='ocrx_word' id='word_1_6' title='bbox 393 272 611 323; x_wconf 82' lang='lat' dir='ltr'>gerentes,</span> <span class='ocrx_word' id='word_1_7' title='bbox 639 261 800 306; x_wconf 89' lang='lat' dir='ltr'>esurire</span> <span class='ocrx_word' id='word_1_8' title='bbox 819 277 868 307; x_wconf 91' lang='lat' dir='ltr'>ac</span> <span class='ocrx_word' id='word_1_9' title='bbox 889 263 1005 307; x_wconf 89' lang='lat' dir='ltr'>sitire</span> <span class='ocrx_word' id='word_1_10' title='bbox 1016 264 1228 322; x_wconf 88' lang='lat' dir='ltr'>justitiam</span> <span class='ocrx_word' id='word_1_11' title='bbox 1248 282 1258 308; x_wconf 74' lang='grc' dir='ltr'>ι</span> <span class='ocrx_word' id='word_1_12' title='bbox 1282 263 1451 323; x_wconf 88' lang='lat' dir='ltr'>impleri</span> <span class='ocrx_word' id='word_1_13' title='bbox 1468 271 1615 307; x_wconf 89' lang='lat' dir='ltr'>autem</span> 
     </span>
     <span class='ocr_line' id='line_1_3' title="bbox 233 331 1616 396; baseline -0.004 -16"><span class='ocrx_word' id='word_1_14' title='bbox 233 336 415 396; x_wconf 81' lang='lat' dir='ltr'>justitia,</span> <span class='ocrx_word' id='word_1_15' title='bbox 435 333 489 377; x_wconf 85' lang='lat' dir='ltr'>ad</span> <span class='ocrx_word' id='word_1_16' title='bbox 506 331 634 376; x_wconf 86' lang='lat' dir='ltr'>aliam</span> <span class='ocrx_word' id='word_1_17' title='bbox 646 332 781 377; x_wconf 87' lang='lat' dir='ltr'>vitam</span> <span class='ocrx_word' id='word_1_18' title='bbox 797 334 999 393; x_wconf 83' lang='lat' dir='ltr'><strong>pertinet.</strong></span> <span class='ocrx_word' id='word_1_19' title='bbox 1023 335 1116 378; x_wconf 89' lang='lat' dir='ltr'>Hoc</span> <span class='ocrx_word' id='word_1_20' title='bbox 1132 349 1261 393; x_wconf 84' lang='lat' dir='ltr'>pane,</span> <span class='ocrx_word' id='word_1_21' title='bbox 1280 335 1364 378; x_wconf 89' lang='lat' dir='ltr'>hoc</span> <span class='ocrx_word' id='word_1_22' title='bbox 1381 334 1480 378; x_wconf 89' lang='lat' dir='ltr'>cibo</span> <span class='ocrx_word' id='word_1_23' title='bbox 1497 332 1616 393; x_wconf 91' lang='lat' dir='ltr'>pleni</span> 
     </span>
     <span class='ocr_line' id='line_1_4' title="bbox 237 402 1617 461; baseline -0.003 -11"><span class='ocrx_word' id='word_1_24' title='bbox 237 415 338 451; x_wconf 91' lang='lat' dir='ltr'>sunt</span> <span class='ocrx_word' id='word_1_25' title='bbox 369 402 525 461; x_wconf 84' lang='lat' dir='ltr'>Angeli</span> <span class='ocrx_word' id='word_1_26' title='bbox 547 421 555 446; x_wconf 94' lang='lat'>:</span> <span class='ocrx_word' id='word_1_27' title='bbox 581 403 777 447; x_wconf 89' lang='lat' dir='ltr'>homines</span> <span class='ocrx_word' id='word_1_28' title='bbox 809 413 956 449; x_wconf 84' lang='lat' dir='ltr'>autem</span> <span class='ocrx_word' id='word_1_29' title='bbox 983 404 1089 448; x_wconf 90' lang='lat' dir='ltr'>dum</span> <span class='ocrx_word' id='word_1_30' title='bbox 1120 405 1342 459; x_wconf 85' lang='lat' dir='ltr'>esuriunt,</span> <span class='ocrx_word' id='word_1_31' title='bbox 1376 405 1617 448; x_wconf 82' lang='lat' dir='ltr'>extendunt</span> 
     </span>
     <span class='ocr_line' id='line_1_5' title="bbox 237 473 1617 534; baseline -0.001 -14"><span class='ocrx_word' id='word_1_32' title='bbox 237 492 308 532; x_wconf 81' lang='lat' dir='ltr'>se3</span> <span class='ocrx_word' id='word_1_33' title='bbox 333 476 438 519; x_wconf 87' lang='lat' dir='ltr'>dum</span> <span class='ocrx_word' id='word_1_34' title='bbox 461 489 504 517; x_wconf 90' lang='lat' dir='ltr'>se</span> <span class='ocrx_word' id='word_1_35' title='bbox 525 473 767 519; x_wconf 87' lang='lat' dir='ltr'>extendunt</span> <span class='ocrx_word' id='word_1_36' title='bbox 781 510 793 531; x_wconf 84' lang='lat'>,</span> <span class='ocrx_word' id='word_1_37' title='bbox 819 475 1077 534; x_wconf 81' lang='lat' dir='ltr'>dilatantur3</span> <span class='ocrx_word' id='word_1_38' title='bbox 1101 475 1208 520; x_wconf 89' lang='lat' dir='ltr'>dum</span> <span class='ocrx_word' id='word_1_39' title='bbox 1230 475 1468 520; x_wconf 83' lang='lat' dir='ltr'>dilatantur</span> <span class='ocrx_word' id='word_1_40' title='bbox 1486 490 1617 533; x_wconf 89' lang='lat' dir='ltr'>capa-</span> 
     </span>
     <span class='ocr_line' id='line_1_6' title="bbox 233 544 1619 605; baseline -0.001 -15"><span class='ocrx_word' id='word_1_41' title='bbox 233 561 303 590; x_wconf 88' lang='lat' dir='ltr'>ces</span> <span class='ocrx_word' id='word_1_42' title='bbox 330 546 469 603; x_wconf 78' lang='lat' dir='ltr'>fiunt3</span> <span class='ocrx_word' id='word_1_43' title='bbox 502 560 679 605; x_wconf 83' lang='lat' dir='ltr'>capaces</span> <span class='ocrx_word' id='word_1_44' title='bbox 701 544 830 601; x_wconf 85' lang='lat' dir='ltr'>facti,</span> <span class='ocrx_word' id='word_1_45' title='bbox 855 561 934 590; x_wconf 91' lang='lat' dir='ltr'>suo</span> <span class='ocrx_word' id='word_1_46' title='bbox 956 555 1150 605; x_wconf 89' lang='lat' dir='ltr'>tempore</span> <span class='ocrx_word' id='word_1_47' title='bbox 1173 545 1476 605; x_wconf 86' lang='lat' dir='ltr'>replebuntur.</span> <span class='ocrx_word' id='word_1_48' title='bbox 1502 544 1619 597; x_wconf 87' lang='lat' dir='ltr'>Quid</span> 
     </span>
     <span class='ocr_line' id='line_1_7' title="bbox 234 614 1619 676; baseline -0.001 -18"><span class='ocrx_word' id='word_1_49' title='bbox 234 630 336 673; x_wconf 84' lang='lat' dir='ltr'>ergo</span> <span class='ocrx_word' id='word_1_50' title='bbox 354 650 365 670; x_wconf 85' lang='lat'>‚</span> <span class='ocrx_word' id='word_1_51' title='bbox 389 615 461 659; x_wconf 93' lang='lat' dir='ltr'>hic</span> <span class='ocrx_word' id='word_1_52' title='bbox 482 614 592 658; x_wconf 91' lang='lat' dir='ltr'>nihil</span> <span class='ocrx_word' id='word_1_53' title='bbox 613 615 715 658; x_wconf 88' lang='lat' dir='ltr'>inde</span> <span class='ocrx_word' id='word_1_54' title='bbox 738 616 918 674; x_wconf 90' lang='lat' dir='ltr'>capiunt</span> <span class='ocrx_word' id='word_1_55' title='bbox 934 617 1010 676; x_wconf 84' lang='lat' dir='ltr'>qui</span> <span class='ocrx_word' id='word_1_56' title='bbox 1033 617 1230 661; x_wconf 89' lang='lat' dir='ltr'>esuriunt</span> <span class='ocrx_word' id='word_1_57' title='bbox 1254 625 1296 660; x_wconf 87' lang='lat' dir='ltr'>et</span> <span class='ocrx_word' id='word_1_58' title='bbox 1319 616 1472 660; x_wconf 87' lang='lat' dir='ltr'>sitiunt</span> <span class='ocrx_word' id='word_1_59' title='bbox 1486 614 1619 674; x_wconf 86' lang='lat' dir='ltr'>justi-</span> 
     </span>
     <span class='ocr_line' id='line_1_8' title="bbox 233 683 1619 745; baseline -0.002 -16"><span class='ocrx_word' id='word_1_60' title='bbox 233 685 373 729; x_wconf 79' lang='lat' dir='ltr'>tiam?</span> <span class='ocrx_word' id='word_1_61' title='bbox 394 685 585 743; x_wconf 84' lang='lat' dir='ltr'>Capiunt</span> <span class='ocrx_word' id='word_1_62' title='bbox 607 685 764 744; x_wconf 85' lang='lat' dir='ltr'>plane:</span> <span class='ocrx_word' id='word_1_63' title='bbox 792 686 867 729; x_wconf 90' lang='lat' dir='ltr'>sed</span> <span class='ocrx_word' id='word_1_64' title='bbox 898 686 1018 730; x_wconf 90' lang='lat' dir='ltr'>aliud</span> <span class='ocrx_word' id='word_1_65' title='bbox 1049 695 1137 741; x_wconf 88' lang='lat' dir='ltr'>est,</span> <span class='ocrx_word' id='word_1_66' title='bbox 1172 701 1273 730; x_wconf 89' lang='lat' dir='ltr'>cum</span> <span class='ocrx_word' id='word_1_67' title='bbox 1302 685 1537 745; x_wconf 84' lang='lat' dir='ltr'>quaerimus</span> <span class='ocrx_word' id='word_1_68' title='bbox 1565 683 1619 727; x_wconf 92' lang='lat' dir='ltr'>de</span> 
     </span>
     <span class='ocr_line' id='line_1_9' title="bbox 230 753 1622 814; baseline -0.001 -16"><span class='ocrx_word' id='word_1_69' title='bbox 230 754 466 799; x_wconf 85' lang='lat' dir='ltr'>refectione</span> <span class='ocrx_word' id='word_1_70' title='bbox 490 754 572 798; x_wconf 89' lang='lat' dir='ltr'>iter</span> <span class='ocrx_word' id='word_1_71' title='bbox 588 755 834 813; x_wconf 77' lang='lat' dir='ltr'>agentium3</span> <span class='ocrx_word' id='word_1_72' title='bbox 859 764 902 799; x_wconf 89' lang='lat' dir='ltr'>et</span> <span class='ocrx_word' id='word_1_73' title='bbox 918 754 1054 810; x_wconf 86' lang='lat' dir='ltr'>aliud,</span> <span class='ocrx_word' id='word_1_74' title='bbox 1075 770 1176 799; x_wconf 92' lang='lat' dir='ltr'>cum</span> <span class='ocrx_word' id='word_1_75' title='bbox 1193 755 1428 814; x_wconf 84' lang='lat' dir='ltr'>quaerimus</span> <span class='ocrx_word' id='word_1_76' title='bbox 1450 753 1505 797; x_wconf 87' lang='lat' dir='ltr'>de</span> <span class='ocrx_word' id='word_1_77' title='bbox 1520 768 1622 812; x_wconf 85' lang='lat' dir='ltr'>per-</span> 
     </span>
     <span class='ocr_line' id='line_1_10' title="bbox 231 823 1622 884; baseline -0.001 -17"><span class='ocrx_word' id='word_1_78' title='bbox 231 823 419 868; x_wconf 89' lang='lat' dir='ltr'>fectione</span> <span class='ocrx_word' id='word_1_79' title='bbox 440 824 686 869; x_wconf 89' lang='lat' dir='ltr'>beatorum.</span> <span class='ocrx_word' id='word_1_80' title='bbox 711 825 969 884; x_wconf 87' lang='lat' dir='ltr'><strong>Apostolum</strong></span> <span class='ocrx_word' id='word_1_81' title='bbox 993 825 1095 870; x_wconf 90' lang='lat' dir='ltr'>audi</span> <span class='ocrx_word' id='word_1_82' title='bbox 1117 825 1377 870; x_wconf 87' lang='lat' dir='ltr'>esurientem</span> <span class='ocrx_word' id='word_1_83' title='bbox 1400 832 1443 867; x_wconf 92' lang='lat' dir='ltr'>et</span> <span class='ocrx_word' id='word_1_84' title='bbox 1471 823 1622 866; x_wconf 88' lang='lat' dir='ltr'>sitien-</span> 
     </span>
     <span class='ocr_line' id='line_1_11' title="bbox 232 894 1618 955; baseline -0.001 -18"><span class='ocrx_word' id='word_1_85' title='bbox 232 902 337 948; x_wconf 88' lang='lat' dir='ltr'>tem,</span> <span class='ocrx_word' id='word_1_86' title='bbox 363 903 407 938; x_wconf 88' lang='lat' dir='ltr'>et</span> <span class='ocrx_word' id='word_1_87' title='bbox 427 894 581 955; x_wconf 85' lang='lat' dir='ltr'>utique</span> <span class='ocrx_word' id='word_1_88' title='bbox 597 896 806 954; x_wconf 87' lang='lat' dir='ltr'>justitiam</span> <span class='ocrx_word' id='word_1_89' title='bbox 823 931 833 950; x_wconf 86' lang='lat'>,</span> <span class='ocrx_word' id='word_1_90' title='bbox 861 904 1025 955; x_wconf 84' lang='lat' dir='ltr'>quanta</span> <span class='ocrx_word' id='word_1_91' title='bbox 1047 897 1093 939; x_wconf 90' lang='lat' dir='ltr'>in</span> <span class='ocrx_word' id='word_1_92' title='bbox 1118 897 1200 939; x_wconf 88' lang='lat' dir='ltr'>hac</span> <span class='ocrx_word' id='word_1_93' title='bbox 1222 895 1311 939; x_wconf 85' lang='lat' dir='ltr'>vita</span> <span class='ocrx_word' id='word_1_94' title='bbox 1332 894 1428 952; x_wconf 87' lang='lat' dir='ltr'>capi</span> <span class='ocrx_word' id='word_1_95' title='bbox 1449 901 1592 951; x_wconf 88' lang='lat' dir='ltr'>potest</span> <span class='ocrx_word' id='word_1_96' title='bbox 1607 926 1618 947; x_wconf 86' lang='lat'>‚</span> 
     </span>
    </p>
   </div>
   <div class='ocr_carea' id='block_1_3' title="bbox 159 961 1624 1021">
    <p class='ocr_par' dir='ltr' id='par_1_3' title="bbox 159 961 1624 1021">
     <span class='ocr_line' id='line_1_12' title="bbox 159 961 1624 1021; baseline 0 -17"><span class='ocrx_word' id='word_1_97' title='bbox 159 1001 163 1005; x_wconf 86' lang='lat'>.</span> <span class='ocrx_word' id='word_1_98' title='bbox 229 972 393 1021; x_wconf 84' lang='lat' dir='ltr'>quanta</span> <span class='ocrx_word' id='word_1_99' title='bbox 409 965 499 1017; x_wconf 80' lang='lat' dir='ltr'>geri</span> <span class='ocrx_word' id='word_1_100' title='bbox 513 964 695 1016; x_wconf 75' lang='lat' dir='ltr'>justitia.</span> <span class='ocrx_word' id='word_1_101' title='bbox 715 965 820 1009; x_wconf 80' lang='lat' dir='ltr'>Quin</span> <span class='ocrx_word' id='word_1_102' title='bbox 839 966 956 1000; x_wconf 82' lang='lat' dir='ltr'>enim</span> <span class='ocrx_word' id='word_1_103' title='bbox 978 974 1177 1003; x_wconf 78' lang='lat' dir='ltr'>nostrum</span> <span class='ocrx_word' id='word_1_104' title='bbox 1194 979 1238 1004; x_wconf 79' lang='lat' dir='ltr'>se</span> <span class='ocrx_word' id='word_1_105' title='bbox 1256 963 1321 1004; x_wconf 76' lang='lat' dir='ltr'>illi</span> <span class='ocrx_word' id='word_1_106' title='bbox 1339 963 1408 1005; x_wconf 80' lang='lat' dir='ltr'>vel</span> <span class='ocrx_word' id='word_1_107' title='bbox 1426 961 1624 1005; x_wconf 80' lang='lat' dir='ltr'>conferre</span> 
     </span>
    </p>
   </div>
   <div class='ocr_carea' id='block_1_4' title="bbox 231 1024 1628 2488">
    <p class='ocr_par' dir='ltr' id='par_1_4' title="bbox 231 1024 1628 2488">
     <span class='ocr_line' id='line_1_13' title="bbox 233 1024 1625 1089; baseline -0.001 -15"><span class='ocrx_word' id='word_1_108' title='bbox 233 1031 393 1074; x_wconf 85' lang='lat' dir='ltr'>audeat</span> <span class='ocrx_word' id='word_1_109' title='bbox 407 1061 419 1082; x_wconf 86' lang='lat'><strong>,</strong></span> <span class='ocrx_word' id='word_1_110' title='bbox 443 1026 609 1070; x_wconf 91' lang='lat' dir='ltr'>nedum</span> <span class='ocrx_word' id='word_1_111' title='bbox 636 1024 876 1085; x_wconf 80' lang='lat' dir='ltr'>praeferre?</span> <span class='ocrx_word' id='word_1_112' title='bbox 901 1024 977 1069; x_wconf 90' lang='lat' dir='ltr'>sed</span> <span class='ocrx_word' id='word_1_113' title='bbox 999 1026 1108 1086; x_wconf 88' lang='lat' dir='ltr'>quid</span> <span class='ocrx_word' id='word_1_114' title='bbox 1129 1027 1221 1072; x_wconf 85' lang='lat' dir='ltr'>ait‘?</span> <span class='ocrx_word' id='word_1_115' title='bbox 1248 1047 1264 1068; x_wconf 89' lang='lat'>«</span> <span class='ocrx_word' id='word_1_116' title='bbox 1285 1030 1384 1074; x_wconf 90' lang='lat' dir='ltr'>Non</span> <span class='ocrx_word' id='word_1_117' title='bbox 1406 1029 1510 1088; x_wconf 89' lang='lat' dir='ltr'>quia</span> <span class='ocrx_word' id='word_1_118' title='bbox 1534 1031 1625 1089; x_wconf 86' lang='lat' dir='ltr'>jam</span> 
     </span>
     <span class='ocr_line' id='line_1_14' title="bbox 236 1094 1625 1158; baseline 0.002 -19"><span class='ocrx_word' id='word_1_119' title='bbox 236 1120 254 1140; x_wconf 84' lang='lat'>»</span> <span class='ocrx_word' id='word_1_120' title='bbox 281 1096 538 1156; x_wconf 85' lang='lat' dir='ltr'>acceperim,</span> <span class='ocrx_word' id='word_1_121' title='bbox 559 1103 634 1139; x_wconf 89' lang='lat' dir='ltr'>aut</span> <span class='ocrx_word' id='word_1_122' title='bbox 643 1096 732 1155; x_wconf 88' lang='lat' dir='ltr'>jam</span> <span class='ocrx_word' id='word_1_123' title='bbox 752 1094 973 1154; x_wconf 85' lang='lat' dir='ltr'>perfectus</span> <span class='ocrx_word' id='word_1_124' title='bbox 992 1096 1073 1139; x_wconf 88' lang='lat' dir='ltr'>sim</span> <span class='ocrx_word' id='word_1_125' title='bbox 1086 1099 1118 1140; x_wconf 83' lang='lat'>1.</span> <span class='ocrx_word' id='word_1_126' title='bbox 1145 1117 1163 1138; x_wconf 87' lang='lat'>»</span> <span class='ocrx_word' id='word_1_127' title='bbox 1185 1096 1341 1142; x_wconf 85' lang='lat' dir='ltr'>Videte</span> <span class='ocrx_word' id='word_1_128' title='bbox 1357 1099 1454 1157; x_wconf 88' lang='lat' dir='ltr'>quis</span> <span class='ocrx_word' id='word_1_129' title='bbox 1471 1097 1625 1158; x_wconf 86' lang='lat' dir='ltr'>loqua-</span> 
     </span>
     <span class='ocr_line' id='line_1_15' title="bbox 232 1165 1621 1226; baseline 0 -13"><span class='ocrx_word' id='word_1_130' title='bbox 232 1178 304 1212; x_wconf 89' lang='lat' dir='ltr'>tur</span> <span class='ocrx_word' id='word_1_131' title='bbox 327 1183 337 1209; x_wconf 77' lang='lat' dir='ltr'>t</span> <span class='ocrx_word' id='word_1_132' title='bbox 366 1169 451 1210; x_wconf 84' lang='lat' dir='ltr'>Vas</span> <span class='ocrx_word' id='word_1_133' title='bbox 478 1165 700 1210; x_wconf 85' lang='lat' dir='ltr'>electionis</span> <span class='ocrx_word' id='word_1_134' title='bbox 728 1174 771 1209; x_wconf 89' lang='lat' dir='ltr'>et</span> <span class='ocrx_word' id='word_1_135' title='bbox 793 1174 1036 1209; x_wconf 84' lang='lat' dir='ltr'>extremum</span> <span class='ocrx_word' id='word_1_136' title='bbox 1056 1167 1248 1226; x_wconf 89' lang='lat' dir='ltr'>quodam</span> <span class='ocrx_word' id='word_1_137' title='bbox 1270 1169 1404 1212; x_wconf 91' lang='lat' dir='ltr'>modo</span> <span class='ocrx_word' id='word_1_138' title='bbox 1424 1169 1621 1214; x_wconf 86' lang='lat' dir='ltr'>fimbria-</span> 
     </span>
     <span class='ocr_line' id='line_1_16' title="bbox 231 1233 1624 1296; baseline 0.002 -16"><span class='ocrx_word' id='word_1_139' title='bbox 231 1251 329 1280; x_wconf 87' lang='lat' dir='ltr'>rum</span> <span class='ocrx_word' id='word_1_140' title='bbox 349 1235 598 1279; x_wconf 89' lang='lat' dir='ltr'>vestimenti</span> <span class='ocrx_word' id='word_1_141' title='bbox 620 1233 821 1291; x_wconf 80' lang='lat' dir='ltr'>Domini3</span> <span class='ocrx_word' id='word_1_142' title='bbox 848 1234 923 1278; x_wconf 89' lang='lat' dir='ltr'>sed</span> <span class='ocrx_word' id='word_1_143' title='bbox 941 1243 1088 1280; x_wconf 89' lang='lat' dir='ltr'>tamen</span> <span class='ocrx_word' id='word_1_144' title='bbox 1111 1238 1232 1296; x_wconf 89' lang='lat' dir='ltr'>quod</span> <span class='ocrx_word' id='word_1_145' title='bbox 1254 1237 1310 1281; x_wconf 88' lang='lat' dir='ltr'>ad</span> <span class='ocrx_word' id='word_1_146' title='bbox 1332 1238 1500 1281; x_wconf 83' lang='lat' dir='ltr'>fluxum</span> <span class='ocrx_word' id='word_1_147' title='bbox 1523 1255 1624 1283; x_wconf 84' lang='lat' dir='ltr'>san-</span> 
     </span>
     <span class='ocr_line' id='line_1_17' title="bbox 232 1305 1625 1366; baseline 0.003 -18"><span class='ocrx_word' id='word_1_148' title='bbox 232 1305 374 1366; x_wconf 86' lang='lat' dir='ltr'>guinis</span> <span class='ocrx_word' id='word_1_149' title='bbox 392 1312 514 1347; x_wconf 89' lang='lat' dir='ltr'>sanat</span> <span class='ocrx_word' id='word_1_150' title='bbox 531 1311 800 1361; x_wconf 78' lang='lat' dir='ltr'>tangentem,</span> <span class='ocrx_word' id='word_1_151' title='bbox 816 1305 918 1363; x_wconf 88' lang='lat' dir='ltr'>quia</span> <span class='ocrx_word' id='word_1_152' title='bbox 935 1305 1186 1349; x_wconf 86' lang='lat' dir='ltr'>credentem</span> <span class='ocrx_word' id='word_1_153' title='bbox 1208 1325 1218 1351; x_wconf 77' lang='lat' dir='ltr'><strong><em>z</em></strong></span> <span class='ocrx_word' id='word_1_154' title='bbox 1238 1307 1493 1352; x_wconf 86' lang='lat' dir='ltr'>novissimus</span> <span class='ocrx_word' id='word_1_155' title='bbox 1509 1309 1625 1352; x_wconf 89' lang='lat' dir='ltr'>enim</span> 
     </span>
     <span class='ocr_line' id='line_1_18' title="bbox 231 1372 1624 1435; baseline 0.001 -15"><span class='ocrx_word' id='word_1_156' title='bbox 231 1372 543 1434; x_wconf 87' lang='lat' dir='ltr'>Apostolorum</span> <span class='ocrx_word' id='word_1_157' title='bbox 566 1381 609 1415; x_wconf 91' lang='lat' dir='ltr'>et</span> <span class='ocrx_word' id='word_1_158' title='bbox 630 1372 862 1428; x_wconf 83' lang='lat' dir='ltr'>minimus,</span> <span class='ocrx_word' id='word_1_159' title='bbox 889 1374 1002 1417; x_wconf 88' lang='lat' dir='ltr'>sicut</span> <span class='ocrx_word' id='word_1_160' title='bbox 1022 1375 1113 1433; x_wconf 91' lang='lat' dir='ltr'>ipse</span> <span class='ocrx_word' id='word_1_161' title='bbox 1136 1375 1194 1419; x_wconf 89' lang='lat' dir='ltr'>ait</span> <span class='ocrx_word' id='word_1_162' title='bbox 1218 1394 1228 1421; x_wconf 87' lang='lat'><strong>:</strong></span> <span class='ocrx_word' id='word_1_163' title='bbox 1258 1394 1275 1415; x_wconf 92' lang='lat'>«</span> <span class='ocrx_word' id='word_1_164' title='bbox 1298 1378 1393 1435; x_wconf 84' lang='lat' dir='ltr'>Ego</span> <span class='ocrx_word' id='word_1_165' title='bbox 1419 1392 1516 1421; x_wconf 91' lang='lat' dir='ltr'>sum</span> <span class='ocrx_word' id='word_1_166' title='bbox 1538 1393 1624 1422; x_wconf 93' lang='lat' dir='ltr'>no-</span> 
     </span>
     <span class='ocr_line' id='line_1_19' title="bbox 236 1441 1625 1507; baseline 0.005 -21"><span class='ocrx_word' id='word_1_167' title='bbox 236 1465 254 1486; x_wconf 91' lang='lat'>»</span> <span class='ocrx_word' id='word_1_168' title='bbox 281 1444 478 1488; x_wconf 89' lang='lat' dir='ltr'>vissimus</span> <span class='ocrx_word' id='word_1_169' title='bbox 500 1441 812 1500; x_wconf 88' lang='lat' dir='ltr'>Apostolorum</span> <span class='ocrx_word' id='word_1_170' title='bbox 835 1462 843 1487; x_wconf 92' lang='lat'>:</span> <span class='ocrx_word' id='word_1_171' title='bbox 870 1452 938 1499; x_wconf 82' lang='lat' dir='ltr'>et,</span> <span class='ocrx_word' id='word_1_172' title='bbox 963 1446 1058 1503; x_wconf 83' lang='lat' dir='ltr'>Ego</span> <span class='ocrx_word' id='word_1_173' title='bbox 1083 1460 1179 1488; x_wconf 90' lang='lat' dir='ltr'>sum</span> <span class='ocrx_word' id='word_1_174' title='bbox 1206 1446 1412 1491; x_wconf 90' lang='lat' dir='ltr'>minimus</span> <span class='ocrx_word' id='word_1_175' title='bbox 1436 1450 1625 1507; x_wconf 88' lang='lat' dir='ltr'>Aposto-</span> 
     </span>
     <span class='ocr_line' id='line_1_20' title="bbox 237 1511 1620 1576; baseline 0.005 -21"><span class='ocrx_word' id='word_1_176' title='bbox 237 1534 253 1555; x_wconf 89' lang='lat'>»</span> <span class='ocrx_word' id='word_1_177' title='bbox 280 1513 440 1558; x_wconf 91' lang='lat' dir='ltr'>lorum.</span> <span class='ocrx_word' id='word_1_178' title='bbox 466 1514 523 1556; x_wconf 91' lang='lat' dir='ltr'>Et</span> <span class='ocrx_word' id='word_1_179' title='bbox 544 1511 702 1555; x_wconf 89' lang='lat' dir='ltr'>iterum</span> <span class='ocrx_word' id='word_1_180' title='bbox 729 1531 739 1558; x_wconf 76' lang='grc' dir='ltr'><strong><em>ι</em></strong></span> <span class='ocrx_word' id='word_1_181' title='bbox 763 1515 862 1558; x_wconf 93' lang='lat' dir='ltr'>Non</span> <span class='ocrx_word' id='word_1_182' title='bbox 884 1528 980 1557; x_wconf 92' lang='lat' dir='ltr'>sum</span> <span class='ocrx_word' id='word_1_183' title='bbox 1003 1513 1158 1572; x_wconf 84' lang='lat' dir='ltr'>dignus</span> <span class='ocrx_word' id='word_1_184' title='bbox 1179 1516 1326 1559; x_wconf 87' lang='lat' dir='ltr'>vocari</span> <span class='ocrx_word' id='word_1_185' title='bbox 1355 1517 1590 1576; x_wconf 86' lang='lat' dir='ltr'>Apostolus</span> <span class='ocrx_word' id='word_1_186' title='bbox 1609 1553 1620 1574; x_wconf 90' lang='lat'>,</span> 
     </span>
     <span class='ocr_line' id='line_1_21' title="bbox 236 1583 1626 1645; baseline 0.005 -19"><span class='ocrx_word' id='word_1_187' title='bbox 236 1604 255 1626; x_wconf 88' lang='lat'>»</span> <span class='ocrx_word' id='word_1_188' title='bbox 282 1584 385 1643; x_wconf 89' lang='lat' dir='ltr'>quia</span> <span class='ocrx_word' id='word_1_189' title='bbox 409 1592 661 1641; x_wconf 89' lang='lat' dir='ltr'>persecutus</span> <span class='ocrx_word' id='word_1_190' title='bbox 683 1597 780 1627; x_wconf 91' lang='lat' dir='ltr'>sum</span> <span class='ocrx_word' id='word_1_191' title='bbox 800 1583 1034 1628; x_wconf 87' lang='lat' dir='ltr'>Ecclesiam</span> <span class='ocrx_word' id='word_1_192' title='bbox 1049 1586 1127 1629; x_wconf 87' lang='lat' dir='ltr'>Dei</span> <span class='ocrx_word' id='word_1_193' title='bbox 1148 1604 1157 1630; x_wconf 85' lang='lat'>:</span> <span class='ocrx_word' id='word_1_194' title='bbox 1184 1586 1258 1630; x_wconf 90' lang='lat' dir='ltr'>sed</span> <span class='ocrx_word' id='word_1_195' title='bbox 1277 1587 1414 1645; x_wconf 86' lang='lat' dir='ltr'>gratia</span> <span class='ocrx_word' id='word_1_196' title='bbox 1434 1588 1512 1632; x_wconf 92' lang='lat' dir='ltr'>Dei</span> <span class='ocrx_word' id='word_1_197' title='bbox 1528 1604 1626 1633; x_wconf 89' lang='lat' dir='ltr'>sum</span> 
     </span>
     <span class='ocr_line' id='line_1_22' title="bbox 234 1651 1626 1713; baseline 0.005 -18"><span class='ocrx_word' id='word_1_198' title='bbox 234 1672 255 1696; x_wconf 86' lang='lat'>»</span> <span class='ocrx_word' id='word_1_199' title='bbox 281 1653 327 1698; x_wconf 91' lang='lat' dir='ltr'>id</span> <span class='ocrx_word' id='word_1_200' title='bbox 348 1651 470 1712; x_wconf 85' lang='lat' dir='ltr'>quod</span> <span class='ocrx_word' id='word_1_201' title='bbox 496 1668 617 1703; x_wconf 89' lang='lat' dir='ltr'>sum;</span> <span class='ocrx_word' id='word_1_202' title='bbox 642 1663 686 1698; x_wconf 88' lang='lat' dir='ltr'>et</span> <span class='ocrx_word' id='word_1_203' title='bbox 709 1653 844 1712; x_wconf 85' lang='lat' dir='ltr'>gratia</span> <span class='ocrx_word' id='word_1_204' title='bbox 866 1654 956 1713; x_wconf 85' lang='lat' dir='ltr'>ejus</span> <span class='ocrx_word' id='word_1_205' title='bbox 982 1655 1027 1698; x_wconf 91' lang='lat' dir='ltr'>in</span> <span class='ocrx_word' id='word_1_206' title='bbox 1049 1670 1119 1699; x_wconf 87' lang='lat' dir='ltr'>me</span> <span class='ocrx_word' id='word_1_207' title='bbox 1141 1671 1277 1700; x_wconf 85' lang='lat' dir='ltr'>vacua</span> <span class='ocrx_word' id='word_1_208' title='bbox 1300 1672 1391 1701; x_wconf 91' lang='lat' dir='ltr'>non</span> <span class='ocrx_word' id='word_1_209' title='bbox 1417 1657 1502 1701; x_wconf 84' lang='lat' dir='ltr'>fuit</span> <span class='ocrx_word' id='word_1_210' title='bbox 1518 1693 1529 1709; x_wconf 85' lang='lat'>‚</span> <span class='ocrx_word' id='word_1_211' title='bbox 1550 1659 1626 1702; x_wconf 89' lang='lat' dir='ltr'>sed</span> 
     </span>
     <span class='ocr_line' id='line_1_23' title="bbox 239 1722 1627 1786; baseline 0.005 -21"><span class='ocrx_word' id='word_1_212' title='bbox 239 1743 257 1765; x_wconf 89' lang='lat'>»</span> <span class='ocrx_word' id='word_1_213' title='bbox 282 1723 381 1783; x_wconf 91' lang='lat' dir='ltr'>plus</span> <span class='ocrx_word' id='word_1_214' title='bbox 405 1723 607 1767; x_wconf 90' lang='lat' dir='ltr'>omnibus</span> <span class='ocrx_word' id='word_1_215' title='bbox 631 1722 714 1767; x_wconf 83' lang='lat' dir='ltr'>illis</span> <span class='ocrx_word' id='word_1_216' title='bbox 736 1723 930 1769; x_wconf 85' lang='lat' dir='ltr'>laboravi</span> <span class='ocrx_word' id='word_1_217' title='bbox 952 1743 962 1770; x_wconf 72' lang='grc' dir='ltr'>ε</span> <span class='ocrx_word' id='word_1_218' title='bbox 987 1740 1077 1770; x_wconf 93' lang='lat' dir='ltr'>non</span> <span class='ocrx_word' id='word_1_219' title='bbox 1098 1741 1178 1784; x_wconf 84' lang='lat' dir='ltr'>ego</span> <span class='ocrx_word' id='word_1_220' title='bbox 1201 1735 1346 1770; x_wconf 90' lang='lat' dir='ltr'>autem</span> <span class='ocrx_word' id='word_1_221' title='bbox 1363 1762 1373 1782; x_wconf 87' lang='lat'>‚</span> <span class='ocrx_word' id='word_1_222' title='bbox 1394 1727 1471 1771; x_wconf 90' lang='lat' dir='ltr'>sed</span> <span class='ocrx_word' id='word_1_223' title='bbox 1489 1729 1627 1786; x_wconf 81' lang='lat' dir='ltr'>gratia</span> 
     </span>
     <span class='ocr_line' id='line_1_24' title="bbox 239 1794 1626 1856; baseline 0.003 -19"><span class='ocrx_word' id='word_1_224' title='bbox 239 1814 260 1837; x_wconf 90' lang='lat'>»</span> <span class='ocrx_word' id='word_1_225' title='bbox 288 1795 365 1839; x_wconf 91' lang='lat' dir='ltr'>Dei</span> <span class='ocrx_word' id='word_1_226' title='bbox 398 1810 570 1839; x_wconf 89' lang='lat' dir='ltr'>mecum</span> <span class='ocrx_word' id='word_1_227' title='bbox 584 1798 615 1838; x_wconf 74' lang='lat'>2.</span> <span class='ocrx_word' id='word_1_228' title='bbox 637 1813 657 1836; x_wconf 89' lang='lat'>»</span> <span class='ocrx_word' id='word_1_229' title='bbox 696 1797 799 1839; x_wconf 77' lang='lat' dir='ltr'>Haec</span> <span class='ocrx_word' id='word_1_230' title='bbox 833 1794 1011 1839; x_wconf 91' lang='lat' dir='ltr'>audiens</span> <span class='ocrx_word' id='word_1_231' title='bbox 1040 1805 1115 1851; x_wconf 79' lang='lat' dir='ltr'>m,</span> <span class='ocrx_word' id='word_1_232' title='bbox 1141 1806 1352 1856; x_wconf 89' lang='lat' dir='ltr'>tanquam</span> <span class='ocrx_word' id='word_1_233' title='bbox 1381 1797 1561 1856; x_wconf 90' lang='lat' dir='ltr'>plenum</span> <span class='ocrx_word' id='word_1_234' title='bbox 1583 1807 1626 1842; x_wconf 90' lang='lat' dir='ltr'>et</span> 
     </span>
     <span class='ocr_line' id='line_1_25' title="bbox 236 1864 1626 1927; baseline 0.001 -16"><span class='ocrx_word' id='word_1_235' title='bbox 236 1864 479 1927; x_wconf 88' lang='lat' dir='ltr'>perfectum</span> <span class='ocrx_word' id='word_1_236' title='bbox 501 1866 582 1910; x_wconf 89' lang='lat' dir='ltr'>tibi</span> <span class='ocrx_word' id='word_1_237' title='bbox 599 1865 756 1910; x_wconf 84' lang='lat' dir='ltr'>videris</span> <span class='ocrx_word' id='word_1_238' title='bbox 778 1867 943 1911; x_wconf 85' lang='lat' dir='ltr'>audire.</span> <span class='ocrx_word' id='word_1_239' title='bbox 966 1866 1137 1911; x_wconf 89' lang='lat' dir='ltr'>Audisti</span> <span class='ocrx_word' id='word_1_240' title='bbox 1153 1867 1261 1927; x_wconf 79' lang='lat' dir='ltr'>quid</span> <span class='ocrx_word' id='word_1_241' title='bbox 1282 1876 1440 1922; x_wconf 86' lang='lat' dir='ltr'>ructet,</span> <span class='ocrx_word' id='word_1_242' title='bbox 1463 1868 1565 1912; x_wconf 84' lang='lat' dir='ltr'>audi</span> <span class='ocrx_word' id='word_1_243' title='bbox 1583 1878 1626 1913; x_wconf 86' lang='lat' dir='ltr'>et</span> 
     </span>
     <span class='ocr_line' id='line_1_26' title="bbox 237 1932 1626 1998; baseline 0.001 -16"><span class='ocrx_word' id='word_1_244' title='bbox 237 1938 344 1998; x_wconf 90' lang='lat' dir='ltr'>quid</span> <span class='ocrx_word' id='word_1_245' title='bbox 361 1938 534 1982; x_wconf 87' lang='lat' dir='ltr'>esuriat.</span> <span class='ocrx_word' id='word_1_246' title='bbox 567 1956 587 1978; x_wconf 89' lang='lat'>«</span> <span class='ocrx_word' id='word_1_247' title='bbox 602 1940 696 1983; x_wconf 65' lang='lat' dir='ltr'>Nou</span> <span class='ocrx_word' id='word_1_248' title='bbox 714 1938 816 1998; x_wconf 87' lang='lat' dir='ltr'>quia</span> <span class='ocrx_word' id='word_1_249' title='bbox 831 1939 921 1997; x_wconf 85' lang='lat' dir='ltr'>jam</span> <span class='ocrx_word' id='word_1_250' title='bbox 939 1937 1196 1996; x_wconf 83' lang='lat' dir='ltr'>acceperim,</span> <span class='ocrx_word' id='word_1_251' title='bbox 1218 1946 1293 1981; x_wconf 89' lang='lat' dir='ltr'>aut</span> <span class='ocrx_word' id='word_1_252' title='bbox 1300 1939 1391 1997; x_wconf 87' lang='lat' dir='ltr'>jam</span> <span class='ocrx_word' id='word_1_253' title='bbox 1408 1932 1626 1997; x_wconf 87' lang='lat' dir='ltr'>perfectus</span> 
     </span>
     <span class='ocr_line' id='line_1_27' title="bbox 239 2007 1619 2067; baseline 0.003 -18"><span class='ocrx_word' id='word_1_254' title='bbox 239 2027 260 2050; x_wconf 75' lang='lat'>&gt;›</span> <span class='ocrx_word' id='word_1_255' title='bbox 286 2010 390 2063; x_wconf 82' lang='lat' dir='ltr'>sim,</span> <span class='ocrx_word' id='word_1_256' title='bbox 416 2009 475 2052; x_wconf 86' lang='lat' dir='ltr'>ait</span> <span class='ocrx_word' id='word_1_257' title='bbox 494 2043 505 2063; x_wconf 89' lang='lat'>‚</span> <span class='ocrx_word' id='word_1_258' title='bbox 531 2007 708 2062; x_wconf 86' lang='lat' dir='ltr'>fratres,</span> <span class='ocrx_word' id='word_1_259' title='bbox 735 2023 813 2065; x_wconf 87' lang='lat' dir='ltr'>ego</span> <span class='ocrx_word' id='word_1_260' title='bbox 839 2023 929 2052; x_wconf 92' lang='lat' dir='ltr'>non</span> <span class='ocrx_word' id='word_1_261' title='bbox 950 2007 1136 2051; x_wconf 85' lang='lat' dir='ltr'>arbitror</span> <span class='ocrx_word' id='word_1_262' title='bbox 1163 2022 1233 2051; x_wconf 90' lang='lat' dir='ltr'>me</span> <span class='ocrx_word' id='word_1_263' title='bbox 1255 2008 1619 2067; x_wconf 85' lang='lat' dir='ltr'>apprehendisse:</span> 
     </span>
     <span class='ocr_line' id='line_1_28' title="bbox 242 2078 1628 2138; baseline 0.002 -17"><span class='ocrx_word' id='word_1_264' title='bbox 242 2099 262 2121; x_wconf 87' lang='lat'>»</span> <span class='ocrx_word' id='word_1_265' title='bbox 288 2095 428 2124; x_wconf 88' lang='lat' dir='ltr'>unum</span> <span class='ocrx_word' id='word_1_266' title='bbox 455 2088 600 2123; x_wconf 91' lang='lat' dir='ltr'>autem</span> <span class='ocrx_word' id='word_1_267' title='bbox 628 2094 726 2138; x_wconf 83' lang='lat' dir='ltr'>quae</span> <span class='ocrx_word' id='word_1_268' title='bbox 755 2087 870 2123; x_wconf 89' lang='lat' dir='ltr'>retro</span> <span class='ocrx_word' id='word_1_269' title='bbox 903 2078 1091 2133; x_wconf 87' lang='lat' dir='ltr'>oblitus,</span> <span class='ocrx_word' id='word_1_270' title='bbox 1117 2078 1163 2121; x_wconf 89' lang='lat' dir='ltr'>in</span> <span class='ocrx_word' id='word_1_271' title='bbox 1196 2093 1245 2122; x_wconf 90' lang='lat' dir='ltr'>ea</span> <span class='ocrx_word' id='word_1_272' title='bbox 1274 2094 1374 2137; x_wconf 86' lang='lat' dir='ltr'>quae</span> <span class='ocrx_word' id='word_1_273' title='bbox 1404 2088 1503 2123; x_wconf 84' lang='lat' dir='ltr'>ante</span> <span class='ocrx_word' id='word_1_274' title='bbox 1525 2088 1628 2125; x_wconf 93' lang='lat' dir='ltr'>sunt</span> 
     </span>
     <span class='ocr_line' id='line_1_29' title="bbox 241 2148 1627 2208; baseline 0.001 -17"><span class='ocrx_word' id='word_1_275' title='bbox 241 2168 262 2192; x_wconf 75' lang='lat'>&gt;›</span> <span class='ocrx_word' id='word_1_276' title='bbox 288 2158 512 2204; x_wconf 84' lang='lat' dir='ltr'>extentus,</span> <span class='ocrx_word' id='word_1_277' title='bbox 553 2148 795 2193; x_wconf 90' lang='lat' dir='ltr'>secundum</span> <span class='ocrx_word' id='word_1_278' title='bbox 831 2149 1121 2192; x_wconf 83' lang='lat' dir='ltr'>intentionem</span> <span class='ocrx_word' id='word_1_279' title='bbox 1156 2163 1315 2208; x_wconf 89' lang='lat' dir='ltr'>sequor</span> <span class='ocrx_word' id='word_1_280' title='bbox 1347 2149 1404 2191; x_wconf 88' lang='lat' dir='ltr'>ad</span> <span class='ocrx_word' id='word_1_281' title='bbox 1435 2148 1627 2206; x_wconf 86' lang='lat' dir='ltr'>palmam</span> 
     </span>
     <span class='ocr_line' id='line_1_30' title="bbox 243 2217 1626 2279; baseline 0 -16"><span class='ocrx_word' id='word_1_282' title='bbox 243 2239 261 2261; x_wconf 73' lang='grc' dir='ltr'><strong>υ</strong></span> <span class='ocrx_word' id='word_1_283' title='bbox 288 2235 486 2279; x_wconf 79' lang='lat' dir='ltr'>supernae</span> <span class='ocrx_word' id='word_1_284' title='bbox 507 2219 746 2264; x_wconf 86' lang='lat' dir='ltr'>vocationis</span> <span class='ocrx_word' id='word_1_285' title='bbox 759 2219 837 2263; x_wconf 89' lang='lat' dir='ltr'>Dei</span> <span class='ocrx_word' id='word_1_286' title='bbox 849 2218 895 2261; x_wconf 87' lang='lat' dir='ltr'>in</span> <span class='ocrx_word' id='word_1_287' title='bbox 910 2219 1082 2263; x_wconf 87' lang='lat' dir='ltr'>Christo</span> <span class='ocrx_word' id='word_1_288' title='bbox 1106 2219 1251 2262; x_wconf 61' lang='lat' dir='ltr'>Jesuss.</span> <span class='ocrx_word' id='word_1_289' title='bbox 1276 2235 1296 2258; x_wconf 73' lang='grc' dir='ltr'><strong>υ</strong></span> <span class='ocrx_word' id='word_1_290' title='bbox 1318 2217 1431 2261; x_wconf 92' lang='lat' dir='ltr'>Dicit</span> <span class='ocrx_word' id='word_1_291' title='bbox 1452 2232 1496 2261; x_wconf 91' lang='lat' dir='ltr'>se</span> <span class='ocrx_word' id='word_1_292' title='bbox 1514 2233 1626 2263; x_wconf 85' lang='lat' dir='ltr'>non-—</span> 
     </span>
     <span class='ocr_line' id='line_1_31' title="bbox 244 2287 1626 2349; baseline 0.001 -17"><span class='ocrx_word' id='word_1_293' title='bbox 244 2290 349 2333; x_wconf 89' lang='lat' dir='ltr'>dum</span> <span class='ocrx_word' id='word_1_294' title='bbox 377 2305 466 2334; x_wconf 88' lang='lat' dir='ltr'>esse</span> <span class='ocrx_word' id='word_1_295' title='bbox 494 2288 737 2349; x_wconf 84' lang='lat' dir='ltr'>perfectum</span> <span class='ocrx_word' id='word_1_296' title='bbox 755 2324 765 2344; x_wconf 85' lang='lat'><strong>‚</strong></span> <span class='ocrx_word' id='word_1_297' title='bbox 797 2288 917 2348; x_wconf 90' lang='lat' dir='ltr'>quod</span> <span class='ocrx_word' id='word_1_298' title='bbox 938 2287 1136 2332; x_wconf 89' lang='lat' dir='ltr'>nondum</span> <span class='ocrx_word' id='word_1_299' title='bbox 1159 2287 1373 2345; x_wconf 88' lang='lat' dir='ltr'>acceperit</span> <span class='ocrx_word' id='word_1_300' title='bbox 1390 2322 1400 2341; x_wconf 82' lang='grc'><strong><em>,</em></strong></span> <span class='ocrx_word' id='word_1_301' title='bbox 1426 2288 1626 2333; x_wconf 90' lang='lat' dir='ltr'>nondum</span> 
     </span>
     <span class='ocr_line' id='line_1_32' title="bbox 246 2358 1626 2418; baseline 0.001 -16"><span class='ocrx_word' id='word_1_302' title='bbox 246 2361 578 2418; x_wconf 87' lang='lat' dir='ltr'>apprehenderit</span> <span class='ocrx_word' id='word_1_303' title='bbox 603 2381 612 2406; x_wconf 91' lang='lat'>:</span> <span class='ocrx_word' id='word_1_304' title='bbox 639 2360 743 2405; x_wconf 87' lang='lat' dir='ltr'>dicit</span> <span class='ocrx_word' id='word_1_305' title='bbox 758 2376 802 2404; x_wconf 94' lang='lat' dir='ltr'>se</span> <span class='ocrx_word' id='word_1_306' title='bbox 820 2359 1009 2414; x_wconf 84' lang='lat' dir='ltr'>extendi,</span> <span class='ocrx_word' id='word_1_307' title='bbox 1034 2359 1140 2403; x_wconf 87' lang='lat' dir='ltr'>dicit</span> <span class='ocrx_word' id='word_1_308' title='bbox 1161 2373 1204 2402; x_wconf 90' lang='lat' dir='ltr'>se</span> <span class='ocrx_word' id='word_1_309' title='bbox 1226 2359 1347 2417; x_wconf 86' lang='lat' dir='ltr'>sequi</span> <span class='ocrx_word' id='word_1_310' title='bbox 1365 2358 1419 2402; x_wconf 89' lang='lat' dir='ltr'>ad</span> <span class='ocrx_word' id='word_1_311' title='bbox 1435 2358 1626 2417; x_wconf 85' lang='lat' dir='ltr'>palmam</span> 
     </span>
     <span class='ocr_line' id='line_1_33' title="bbox 245 2428 1625 2488; baseline 0.001 -15"><span class='ocrx_word' id='word_1_312' title='bbox 245 2445 441 2488; x_wconf 75' lang='lat' dir='ltr'>supernae</span> <span class='ocrx_word' id='word_1_313' title='bbox 463 2432 715 2476; x_wconf 86' lang='lat' dir='ltr'>vocationis.</span> <span class='ocrx_word' id='word_1_314' title='bbox 744 2435 796 2475; x_wconf 92' lang='lat' dir='ltr'>In</span> <span class='ocrx_word' id='word_1_315' title='bbox 817 2431 885 2475; x_wconf 91' lang='lat' dir='ltr'>via</span> <span class='ocrx_word' id='word_1_316' title='bbox 905 2439 968 2475; x_wconf 88' lang='lat' dir='ltr'>est</span> <span class='ocrx_word' id='word_1_317' title='bbox 984 2465 994 2485; x_wconf 65' lang='lat'>7</span> <span class='ocrx_word' id='word_1_318' title='bbox 1022 2429 1178 2483; x_wconf 86' lang='lat' dir='ltr'>esurit,</span> <span class='ocrx_word' id='word_1_319' title='bbox 1207 2428 1378 2488; x_wconf 85' lang='lat' dir='ltr'>impleri</span> <span class='ocrx_word' id='word_1_320' title='bbox 1406 2428 1530 2485; x_wconf 79' lang='lat' dir='ltr'>vult,</span> <span class='ocrx_word' id='word_1_321' title='bbox 1555 2445 1625 2474; x_wconf 88' lang='lat' dir='ltr'>sa-</span> 
     </span>
    </p>
   </div>
   <div class='ocr_carea' id='block_1_5' title="bbox 292 2519 1340 2563">
    <p class='ocr_par' dir='ltr' id='par_1_5' title="bbox 292 2519 1340 2563">
     <span class='ocr_line' id='line_1_34' title="bbox 292 2519 1340 2563; baseline 0.001 -12"><span class='ocrx_word' id='word_1_322' title='bbox 292 2522 303 2543; x_wconf 85' lang='lat'>¹</span> <span class='ocrx_word' id='word_1_323' title='bbox 321 2520 432 2563; x_wconf 78' lang='lat' dir='ltr'>Philip.</span> <span class='ocrx_word' id='word_1_324' title='bbox 453 2532 501 2560; x_wconf 71' lang='lat'>111,</span> <span class='ocrx_word' id='word_1_325' title='bbox 522 2530 571 2552; x_wconf 84' lang='lat'>12.</span> <span class='ocrx_word' id='word_1_326' title='bbox 590 2538 630 2544; x_wconf 93' lang='lat'>—-</span> <span class='ocrx_word' id='word_1_327' title='bbox 644 2529 656 2543; x_wconf 78' lang='lat'>²</span> <span class='ocrx_word' id='word_1_328' title='bbox 680 2533 690 2553; x_wconf 90' lang='lat'>1</span> <span class='ocrx_word' id='word_1_329' title='bbox 713 2524 783 2554; x_wconf 66' lang='lat' dir='ltr'>Cor,</span> <span class='ocrx_word' id='word_1_330' title='bbox 806 2533 859 2561; x_wconf 69' lang='lat' dir='ltr'>xv,</span> <span class='ocrx_word' id='word_1_331' title='bbox 880 2520 980 2563; x_wconf 65' lang='lat'><strong>9-14.</strong></span> <span class='ocrx_word' id='word_1_332' title='bbox 997 2538 1037 2544; x_wconf 97' lang='lat'>—</span> <span class='ocrx_word' id='word_1_333' title='bbox 1053 2519 1065 2543; x_wconf 81' lang='lat'>3</span> <span class='ocrx_word' id='word_1_334' title='bbox 1085 2520 1198 2562; x_wconf 86' lang='lat' dir='ltr'>Philip.</span> <span class='ocrx_word' id='word_1_335' title='bbox 1218 2530 1267 2561; x_wconf 79' lang='grc' dir='ltr'>ιιι,</span> <span class='ocrx_word' id='word_1_336' title='bbox 1291 2529 1340 2552; x_wconf 85' lang='lat'>12.</span> 
     </span>
    </p>
   </div>
   <div class='ocr_carea' id='block_1_6' title="bbox 1682 0 1722 1095">
    <p class='ocr_par' dir='ltr' id='par_1_6' title="bbox 1682 0 1722 1095">
     <span class='ocr_line' id='line_1_35' title="bbox 1682 0 1722 1095; baseline 0 0"><span class='ocrx_word' id='word_1_337' title='bbox 1682 0 1722 1095; x_wconf 95' lang='lat' dir='ltr'> </span> 
     </span>
    </p>
   </div>
   <div class='ocr_carea' id='block_1_7' title="bbox 1701 1345 1705 1950">
    <p class='ocr_par' dir='ltr' id='par_1_7' title="bbox 1701 1345 1705 1950">
     <span class='ocr_line' id='line_1_36' title="bbox 1701 1345 1705 1950; baseline 0 0"><span class='ocrx_word' id='word_1_338' title='bbox 1701 1345 1705 1950; x_wconf 95' lang='lat' dir='ltr'> </span> 
     </span>
    </p>
   </div>
  </div>
 </body>
</html>
