1729 3143
322 225 404 253 Lm.
441 225 471 251 1.
508 224 561 252 DE
593 224 779 254 Momnus
810 223 1009 253 ECCLESIAE
1039 219 1296 253 cunonem.
1420 212 1498 252 541

188 290 361 334 LXXV.
387 288 528 335 Nolite
546 289 654 333 mihi
669 288 874 349 colligere
887 289 1148 350 professores
1162 288 1348 335 nominis
1373 289 1505 333 chris-

125 359 244 414 tiani,
261 376 341 404 nec
358 359 632 420 professionis
649 376 737 405 suae
750 361 839 404 vim
853 370 928 406 aut
944 361 1126 406 scientes
1143 369 1218 406 aut
1231 360 1500 405 exhibentes.

124 429 267 475 Nolite
303 430 538 474 consectari
583 431 731 475 turbas
770 430 1070 490 imperitorum
1088 466 1098 487 ,
1134 431 1210 492 qui
1240 430 1310 476 vel
1342 430 1388 474 in
1415 431 1506 490 ipsa

125 514 223 544 vera
244 499 448 557 religione
461 501 744 559 superstitiosi
766 509 887 556 sunt,
914 500 983 546 vel
1003 502 1062 546 ita
1077 501 1332 546 libidinibus
1349 500 1500 556 dediti,

123 579 173 615 ut
194 569 320 615 obliti
341 571 426 615 sint
447 571 555 631 quid
576 571 852 631 promiserint
875 574 979 616 Deo.
1005 573 1113 618 Novi
1138 572 1298 617 multos
1319 587 1409 617 esse
1436 587 1505 616 se-

120 640 374 700 pulcrorum
397 650 440 686 et
462 643 730 701 picturarum
761 642 1008 687 adoratores
1032 661 1041 686 z
1067 643 1168 687 novi
1200 642 1361 688 multos
1385 658 1473 688 esse
1490 677 1502 698 ,

119 711 197 771 qui
218 711 555 757 luxuriosissime
576 728 705 773 super
726 722 922 758 mortuos
943 713 1124 768 bibant,
1150 721 1193 757 et
1210 713 1359 773 epulas
1377 714 1507 758 cada-

118 781 295 827 veribus
319 782 571 827 exhibentes
589 818 599 838 ,
624 798 754 842 super
775 782 967 842 sepultos
986 799 1030 828 se
1051 784 1164 843 ipsos
1192 783 1401 843 sepeliant
1421 817 1432 838 ,
1464 791 1508 827 et

117 853 373 898 voracitates
408 853 726 911 ebrietatesque
759 868 855 897 suas
889 854 1103 913 deputent
1137 854 1350 913 religioni.
1395 853 1507 900 Novi

118 922 280 968 multos
301 938 391 968 esse
405 958 416 978 ,
441 924 517 982 qui
538 923 898 968 renuntiaverunt
919 924 1061 969 verbis
1081 924 1184 968 huic
1207 924 1382 979 saeculo,
1404 933 1447 968 et
1463 939 1508 968 se

58 1047 62 1051 st
119 992 324 1038 omnibus
336 994 465 1052 hujus
480 992 627 1037 saeculi
643 992 831 1038 molibus
849 993 1037 1052 opprimi
1052 993 1203 1049 velint,
1225 994 1507 1053 oppressique

116 1062 337 1108 laetentur.
361 1066 451 1110 Nec
473 1064 632 1108 mirum
654 1073 717 1109 est
738 1064 785 1108 in
804 1073 923 1109 tanta
938 1065 1062 1125 copia
1077 1064 1366 1124 populorum,
1385 1063 1509 1124 quod.

117 1148 208 1179 non
243 1134 365 1179 vobis
400 1133 542 1178 desint
559 1170 570 1190 ,
602 1149 790 1195 quorum
821 1135 906 1180 vita
927 1136 1169 1195 vituperata
1193 1134 1418 1194 decipiatis
1439 1135 1509 1178 in-

117 1212 267 1248 cautos
283 1238 294 1259 ,
319 1212 362 1248 et
384 1219 408 1248 a
429 1204 643 1249 catholica
664 1204 802 1249 salute
820 1206 1042 1261 avertatis,
1067 1221 1167 1250 cum
1182 1206 1228 1250 in
1245 1213 1386 1250 vestra
1403 1220 1510 1263 pau-

117 1274 247 1318 citate
263 1288 442 1332 magnas
471 1275 694 1333 patiamini
723 1276 938 1334 angustias
955 1310 966 1331 ,
993 1275 1100 1321 dum
1129 1291 1152 1320 a
1175 1275 1297 1321 vobis
1325 1275 1509 1332 exigitur

117 1343 188 1389 vel
209 1360 322 1388 unus
341 1359 393 1388 ex
414 1345 464 1388 iis
487 1360 596 1405 quos
619 1345 777 1391 electos
799 1348 984 1402 vocatis,
1005 1347 1082 1407 qui
1099 1355 1315 1406 praecepta
1330 1345 1403 1389 illa
1417 1345 1510 1404 ipsa

118 1415 334 1459 custod-iat
350 1449 361 1470 ,
386 1430 486 1475 quae
506 1415 790 1460 irrationabili
811 1416 1115 1476 superstitione
1145 1415 1394 1461 defenditis.
1424 1414 1510 1460 Sed

116 1493 160 1529 et
173 1483 253 1529 -illa
275 1499 407 1544 quam
428 1500 539 1529 vana
555 1484 666 1540 sint,
693 1500 826 1545 quam
850 1488 1002 1540 noxia,
1038 1502 1171 1544 quam
1203 1485 1410 1542 sacrilega
1427 1518 1438 1539 ,
1464 1492 1511 1528 et

116 1555 490 1615 quemadmodum
513 1572 537 1601 a
558 1570 714 1616 magna
736 1566 858 1615 parte
875 1565 1064 1601 vestrum
1083 1591 1093 1610 ‚
1119 1565 1250 1615 atque
1269 1554 1376 1599 adeo
1392 1571 1507 1615 pene

118 1627 175 1671 ab
198 1627 400 1672 omnibus
422 1628 542 1673 vobis
560 1643 649 1672 non
671 1627 980 1683 observentur,
1006 1626 1090 1671 alio
1112 1626 1336 1672 volumine
1362 1634 1511 1671 osten-

119 1695 223 1743 dere
245 1697 427 1742 institui.

178 1770 379 1812 LXXVI.
400 1770 527 1813 Nunc
547 1782 623 1813 vos
644 1766 758 1811 illud
775 1766 1013 1822 admoneo,
1037 1773 1088 1810 ut
1109 1763 1341 1825 aliquando
1360 1765 1510 1810 Eccle-

119 1839 192 1884 siae
221 1838 447 1883 catholicae
475 1838 735 1883 maledicere
771 1837 1001 1893 desinatis,
1042 1836 1332 1896 vituperando
1369 1852 1510 1882 mores

119 1910 367 1964 hominum,
393 1923 503 1968 quos
527 1917 570 1952 et
595 1908 685 1967 ipsa
708 1909 987 1964 condemnat,
1011 1917 1054 1952 et
1075 1923 1185 1968 quos
1206 1906 1401 1967 quotidie
1418 1918 1511 1953 tan-

120 1994 253 2040 quam
282 1978 418 2023 malos
445 1979 556 2024 filios
578 1978 790 2037 corrigere
823 1979 985 2023 studet.
1007 1978 1091 2023 Sed
1119 1978 1386 2038 quicumque
1412 1977 1511 2022 illo-

120 2065 220 2094 rum
252 2050 369 2095 bona
392 2048 617 2095 voluntate
655 2050 821 2110 Deique
856 2048 1014 2095 auxilio
1049 2049 1352 2108 corriguntur,
1390 2047 1511 2108 quod

122 2121 353 2165 amiserant
373 2120 597 2180 peccando
615 2156 625 2176 ,
651 2119 907 2180 poenitendo
936 2128 1208 2179 recuperant.
1248 2118 1333 2172 Qui
1364 2127 1511 2163 autem

121 2190 347 2236 voluntate
380 2191 494 2236 mala
516 2192 562 2235 in
591 2191 780 2251 pristinis
802 2191 913 2237 vitiis
934 2199 1236 2251 perseverant,
1271 2198 1346 2233 aut
1380 2189 1510 2233 etiam

122 2260 292 2305 addunt
324 2262 518 2320 graviora
542 2262 783 2322 prioribus,
824 2263 868 2306 in
898 2277 1000 2320 agro
1033 2260 1213 2321 quidem
1243 2259 1417 2304 Domini
1450 2259 1509 2303 si-

123 2340 290 2376 nuntur
307 2347 412 2389 esse,
438 2343 480 2378 et
502 2349 602 2378 cum
625 2334 750 2378 bonis
773 2332 1007 2378 seminibus
1028 2347 1240 2387 crescere,
1267 2331 1342 2375 sed
1366 2329 1510 2374 veniet

122 2411 295 2462 tempus
318 2420 405 2463 quo
439 2405 599 2450 zizania
623 2413 890 2464 separentur.
928 2406 1016 2447 Aut
1052 2404 1086 2446 si
1113 2404 1204 2462 jam
1231 2410 1407 2461 propter
1440 2400 1508 2460 ip-

124 2488 217 2517 sum
243 2475 525 2520 christianum
558 2489 719 2521 nomen
740 2476 875 2534 magis
910 2475 954 2517 in
986 2472 1109 2532 palea
1137 2487 1268 2532 quam
1300 2471 1345 2514 in
1376 2471 1508 2529 spinis

126 2558 216 2589 esse
250 2545 487 2591 arbitrandi
518 2556 646 2604 sunt,
679 2546 824 2592 veniet
851 2545 979 2591 etiam
1009 2543 1085 2605 qui
1114 2558 1256 2590 aream
1278 2551 1434 2602 purget
1466 2551 1510 2586 et
