1729 3143
612 233 667 259 DE
699 231 950 259 HAERESIBUS.
1389 219 1473 258 247

95 318 116 346 »
150 300 390 358 eademque
411 297 566 342 dicunt
582 306 625 341 et
641 298 696 341 de
717 310 846 339 earne
868 305 911 339 et
924 295 978 338 de
1000 295 1138 339 carnis
1160 309 1250 339 esse
1272 294 1478 339 substan-

95 387 117 410 »
151 369 265 413 tia.»
287 371 444 412 Utrum
472 383 574 425 ergo
597 368 676 411 iste
710 374 888 424 propter
917 366 1002 410 hoc
1029 364 1151 425 quod
1173 365 1228 408 de
1252 365 1396 411 anima
1421 365 1482 410 ita

93 441 302 496 sentiunt,
334 441 388 498 (si
409 449 554 484 tamen
575 452 676 483 vere
698 438 758 480 ita
775 437 1007 494 sentiunt,)
1028 451 1100 481 eos
1121 437 1234 480 inter
1255 436 1483 482 haereticos

93 512 322 570 ponendos
343 524 434 554 esse
453 506 703 562 crediderit,
723 514 928 564 recteque
950 504 1207 564 crediderit3
1232 521 1288 551 an
1305 507 1435 550 etiam
1452 507 1487 551 si

94 580 141 624 id
162 596 252 625 non
275 579 506 632 sentirent,
528 577 616 622 sive
643 591 733 620 non
754 575 972 630 sentiunt,
997 575 1096 619 ideo
1118 584 1266 620 tamen
1286 576 1373 620 sint
1393 576 1486 620 hae-

93 651 236 704 retici,
268 650 370 709 quia
400 648 709 693 dissensionem
736 661 859 691 suam
881 647 1091 705 pertinaci
1119 647 1392 691 animositate
1414 648 1487 690 fir-

92 729 284 774 marunt,
305 719 387 764 alia
406 719 589 778 quaestio
611 727 690 774 est,
707 732 852 777 neque
868 716 1068 762 hocloco
1086 717 1194 760 mihi
1209 715 1384 762 videtur
1399 732 1489 761 esse

90 789 331 833 tractanda.

152 860 378 902 LXXXII.
415 860 441 902 J
444 858 721 903 ovinianistas
733 872 910 917 quoque
924 856 1042 916 apud
1058 857 1191 900 istum
1205 857 1364 915 reperi,
1381 872 1495 916 quos

89 928 177 986 jam
202 942 426 972 noveram.
453 930 492 971 A
513 928 744 971 Joviniano
767 926 961 986 quodam
980 926 1198 970 monacho
1219 926 1301 970 ista
1322 926 1497 970 haeresis

95 1007 189 1041 orta
217 1006 281 1041 est
309 1006 437 1041 aetate
460 1006 628 1052 nostra,
663 1013 763 1041 cum
786 998 932 1041 adhuc
959 998 1140 1056 juvenes
1170 1011 1376 1040 essemus.
1409 996 1493 1040 Hic

94 1069 239 1112 omnia
261 1077 454 1126 peccata,
480 1069 591 1111 sicut
613 1070 738 1112 stoici
759 1068 1023 1127 philosophi,
1048 1067 1168 1126 paria
1189 1081 1280 1110 esse
1298 1065 1488 1122 dicebat,

92 1152 173 1181 nec
187 1152 309 1196 posse
323 1152 504 1195 peccare
519 1139 743 1181 hominem
757 1138 929 1180 lavacro
944 1136 1283 1191 regenerationis
1295 1146 1490 1196 accepto,

94 1221 176 1250 nec
205 1205 374 1264 aliquid
408 1207 613 1265 prodesse
637 1206 818 1266 jejunia,
852 1202 923 1247 vel
945 1218 968 1245 a
990 1203 1098 1246 cibis
1120 1202 1341 1262 aliquibus
1363 1205 1498 1250 absti—

95 1276 306 1320 nentiam.
344 1277 647 1332 Virginitatem
668 1275 816 1320 Mariae
834 1272 1104 1326 destruebat,
1129 1272 1277 1316 dicens
1296 1288 1391 1317 eam
1414 1290 1494 1334 pa-

94 1344 246 1389 riendo
268 1344 398 1389 fuisse
420 1353 686 1403 corruptam.
706 1342 1010 1401 Virginitatem
1031 1342 1162 1386 etiam
1184 1343 1494 1390 sanctimonia-

95 1416 221 1471 lium,
256 1425 299 1459 et
332 1416 648 1460 continentiam
675 1429 801 1458 sexus
830 1413 964 1458 virilis
984 1415 1030 1457 in
1052 1415 1209 1458 sanctis
1230 1413 1494 1472 eligentibus

95 1486 302 1531 coelibem
334 1487 484 1540 vitam,
520 1487 827 1545 conjugiorum
867 1494 1087 1529 castorum
1125 1494 1256 1544 atque
1293 1486 1491 1532 fidelium

95 1557 258 1600 meritis
292 1555 582 1615 adaequabat:
610 1556 669 1599 ita
697 1565 748 1599 ut
779 1555 985 1614 quaedam
1011 1555 1200 1613 virgines
1233 1569 1364 1599 sacrae
1386 1571 1491 1615 pro-

97 1636 232 1673 vectae
246 1628 337 1686 jam
359 1628 497 1671 aetatis
518 1627 565 1670 in
589 1628 695 1670 urbe
713 1630 869 1681 Roma,
888 1626 967 1670 ubi
988 1627 1081 1670 haec
1103 1626 1308 1681 docebat,
1332 1642 1384 1671 eo
1406 1643 1488 1672 au-

96 1697 188 1742 dito
221 1698 414 1756 nupsisse
448 1697 666 1740 dicantur.
705 1699 804 1742 Non
831 1711 932 1740 sane
964 1697 1055 1754 ipse
1086 1695 1157 1740 vel
1192 1695 1386 1741 habebat
1420 1699 1490 1743 vel

95 1767 258 1810 habere
278 1766 456 1811 volebat
479 1781 687 1810 uxorem.-
713 1765 832 1825 quod
854 1781 943 1810 non
966 1775 1146 1825 propter
1166 1765 1349 1826 aliquod
1372 1768 1490 1827 apud

96 1839 235 1881 Deum
253 1837 337 1895 maj
344 1851 392 1880 us
403 1837 608 1880 meritum
621 1837 667 1880 in
682 1852 817 1895 regno
831 1837 931 1880 vitae
946 1846 1169 1896 perpetuae
1186 1835 1485 1896 profuturum,

96 1905 172 1950 sed
194 1916 372 1965 propter
392 1915 651 1965 praesentem
672 1906 877 1966 prodesse
895 1907 1212 1963 necessitatem,
1230 1909 1316 1953 hoc
1333 1918 1414 1964 est,
1433 1924 1490 1953 ne

96 1977 229 2020 homo
240 1976 490 2036 conjugales
507 1977 697 2036 patiatur
711 1976 928 2022 molestias
942 1978 1208 2037 disputabat.
1228 1980 1327 2023 Cito
1342 1988 1489 2024 tamen

97 2047 177 2091 ista
193 2047 364 2090 haeresis
379 2061 580 2105 oppressa
594 2057 637 2092 et
650 2049 837 2092 extincta
854 2058 933 2104 est,
954 2064 1035 2093 nec
1047 2063 1184 2109 usque
1197 2048 1254 2094 ad
1267 2049 1489 2109 deceptio-

97 2131 199 2160 nem
218 2116 465 2175 aliquorum
481 2116 754 2161 sacerdotum
769 2119 914 2177 potuit
930 2120 1170 2178 pervenire.

158 2188 403 2231 LXXXIII.
440 2189 551 2231 Cum
571 2188 746 2231 Eusebii
762 2189 987 2234 historiam
1005 2200 1222 2236 scrutatus
1241 2206 1394 2247 essem,
1419 2193 1491 2236 cui

101 2257 287 2300 Rufinus
303 2272 328 2300 a
345 2271 389 2300 se
407 2257 453 2300 in
480 2257 660 2302 latinam
681 2258 875 2316 linguam
897 2260 1113 2306 translatae
1131 2263 1491 2322 subsequentium

99 2327 228 2370 etiam
248 2336 497 2385 temporum
523 2328 632 2373 duos
657 2328 792 2373 libros
810 2329 995 2385 addidit,
1021 2348 1110 2376 non
1131 2334 1277 2377 inveni
1299 2332 1491 2392 aliquam

101 2398 318 2450 haeresim,
339 2413 470 2457 quam
490 2414 581 2443 non
594 2398 769 2457 legerim
788 2402 906 2459 apud
921 2403 1039 2457 istos,
1063 2403 1144 2446 nisi
1157 2419 1289 2462 quam
1309 2404 1354 2447 in
1372 2415 1490 2449 sexto

103 2468 215 2511 libro
250 2469 374 2526 ponit
404 2471 636 2524 Eusebius,
668 2476 848 2516 narrans
881 2488 971 2516 eam
996 2474 1183 2518 extitisse
1205 2474 1250 2518 in
1278 2475 1437 2519 Arabia
1454 2479 1482 2517 ¹.

153 2553 286 2586 'Euseb
304 2554 359 2585 lib.
379 2564 424 2595 vt,
443 2565 512 2596 cap.
531 2556 583 2596 37.
