1729 3143
639 227 694 256 nn
728 227 979 256 naeunsrnus.
1415 217 1502 256 219

122 295 277 349 betur,
301 307 352 336 ex
368 292 452 337 illis
473 301 640 352 septem
657 326 669 348 ‚
693 306 803 351 quos
824 290 1022 350 Apostoli
1045 291 1248 336 diaconos
1269 290 1502 337 ordinave-

117 372 222 409 runt
239 366 270 408 ¹.
297 366 382 408 Iste
395 378 498 407 cum
513 364 569 407 de
585 361 678 407 zelo
694 360 1002 420 pulcherrimae
1021 361 1216 422 conjugis
1234 361 1501 422 culparetur,

116 435 239 481 velut
259 433 475 495 purgandi
499 449 544 477 se
566 448 694 477 causa
714 432 954 491 permisisse
971 432 1131 488 fertur,
1152 442 1204 477 ut
1219 448 1268 477 ea
1284 434 1361 493 qui
1374 433 1506 479 vellet

117 515 329 551 uteretur.
353 504 482 559 Quod
500 504 591 563 ejus
608 502 775 547 factum
792 502 837 545 in
850 511 1009 546 sectam
1027 504 1319 562 turpissimam
1332 520 1506 550 versum

115 587 180 621 est
196 611 207 632 ‚
233 594 319 637 qua
339 575 482 636 placet
501 590 604 619 usus
624 573 877 617 indifferens
895 573 1190 619 foeminarum.
1215 576 1271 619 Hi
1285 592 1366 621 nec
1381 577 1437 621 ab
1454 577 1505 621 iis

112 663 213 707 quae
234 645 361 690 idolis
390 645 674 688 immolantur
690 678 702 699 ‚
727 644 848 688 cibos
869 658 969 688 suos
992 653 1193 703 separant
1216 663 1224 689 ε
1251 654 1294 689 et
1315 645 1419 691 alios
1445 647 1505 691 ri-

111 725 182 760 tus
215 714 444 773 gentilium
482 714 842 773 superstitionum
881 729 973 759 non
1007 723 1274 759 aversantur.
1320 718 1507 760 Narrant

109 785 240 829 etiam
269 783 472 844 quaedam
495 782 695 828 fabulosa
719 784 774 828 de
795 783 964 828 mundo
980 818 992 840 ‚
1027 784 1173 828 nescio
1200 801 1299 844 quae
1322 785 1507 831 barbara

108 855 358 915 principum
390 855 570 899 nomina
604 855 832 900 miscentes
865 850 1242 915 disputationibus*
1266 856 1351 900 suis
1369 891 1380 911 ‚
1405 857 1508 916 qui—

107 925 190 971 bus
213 935 406 970 terreant
427 925 646 970 auditores
664 960 675 981 ‚
699 941 799 986 quae
813 924 1106 985 prudentibus
1124 926 1258 970 risum
1277 927 1424 986 potius
1441 926 1509 970 fa-

107 996 233 1041 ciunt
246 1030 258 1051 ‚
284 1011 417 1056 quam
433 996 652 1041 timorem.
676 996 992 1056 Intelliguntur
1010 1007 1157 1042 autem
1175 999 1307 1042 etiam
1326 998 1397 1041 isti
1418 1013 1510 1042 non

106 1068 197 1110 Deo
228 1066 424 1109 tribuere
461 1075 707 1110 creaturam
728 1101 740 1122 ‚
781 1067 858 1111 sed
892 1066 1156 1128 quibusdam
1189 1068 1478 1128 potestatibus
1492 1102 1504 1123 ‚

107 1151 216 1194 quas
237 1134 426 1178 mirabili
448 1135 517 1180 vel
541 1137 717 1195 fingunt
738 1137 930 1180 vanitate
946 1167 957 1184 ,
982 1138 1053 1175 vel
1076 1137 1281 1182 credunt.

165 1207 241 1249 VI.
268 1205 458 1249 Gnostici
491 1214 671 1265 propter
704 1198 1009 1245 excellentiam
1045 1200 1238 1246 scientiae
1260 1206 1322 1248 sic
1352 1221 1397 1248 se
1427 1222 1507 1266 ap-

105 1270 292 1331 pellatos
314 1284 426 1325 esse,
450 1276 522 1314 vel
544 1270 754 1327 appellari
774 1268 975 1312 debuisse
999 1268 1242 1326 gloriantur
1262 1291 1271 1315 :
1297 1287 1399 1316 cum
1421 1276 1509 1321 sint

107 1340 405 1401 superioribus
434 1339 642 1384 omnibus
668 1339 867 1384 vaniores
889 1348 1022 1399 atque
1051 1339 1284 1400 turpiores.
1309 1345 1508 1405 Denique

106 1427 207 1457 cum
225 1412 281 1455 ab
299 1410 392 1455 aliis
415 1419 547 1469 atque
565 1409 658 1454 aliis
680 1424 758 1468 per
779 1409 968 1454 diversas
990 1419 1204 1454 terrarum
1222 1421 1364 1470 partes
1383 1415 1507 1460 aliter

107 1491 241 1541 atque
266 1481 390 1526 aliter
416 1488 735 1539 nuncupentur
749 1513 760 1535 ,
785 1478 992 1524 nonnulli
1015 1494 1087 1524 eos
1108 1480 1238 1524 etiam
1260 1482 1508 1530 Borboritas

105 1561 267 1599 vocant
285 1586 296 1607 ‚
321 1551 445 1611 quasi
467 1565 666 1595 coenosos
686 1584 698 1606 ‚
738 1559 916 1610 propter
950 1550 1129 1595 nimiam
1151 1552 1472 1612 turpitudinem
1490 1591 1503 1613 ‚

106 1637 241 1683 quam
272 1622 319 1665 in
357 1621 445 1665 suis
481 1620 697 1678 mysteriis
727 1634 928 1665 exercere
962 1620 1185 1666 dicuntur.
1221 1622 1369 1683 Aliqui
1391 1640 1463 1670 eos
1484 1643 1508 1671 a

105 1692 330 1739 Nicolaitis
364 1700 534 1735 exortos
554 1699 714 1750 putant
740 1709 749 1736 :
775 1691 911 1751 aliqui
942 1707 966 1736 a
998 1694 1261 1752 Carpocrate
1281 1728 1293 1750 ‚
1330 1693 1386 1739 de
1417 1712 1506 1756 quo

105 1771 205 1822 post
239 1761 489 1821 loquemur.
530 1760 729 1806 Tradunt
760 1770 908 1806 autem
941 1760 1147 1821 dogmata
1178 1762 1506 1811 fabulosissimis

104 1833 235 1891 plena
255 1832 475 1890 figmentis
497 1850 506 1876 ι
532 1832 661 1875 etiam
682 1831 764 1891 ipsi
785 1831 1037 1891 principum
1057 1831 1129 1878 vel
1146 1834 1406 1894 angelorum
1422 1852 1505 1882 no-

106 1902 300 1946 minibus
330 1902 600 1946 terribilibus
626 1902 819 1947 infirmas
841 1903 1006 1948 animas
1028 1904 1208 1964 capiunt
1227 1939 1240 1961 ,
1274 1915 1318 1950 et
1338 1906 1393 1950 de
1416 1911 1505 1952 Deo

107 1987 340 2031 rerumque
362 1981 545 2029 natura,
580 1971 783 2018 fabulosa
816 1982 856 2017 et
889 1990 912 2018 a
940 1974 1124 2018 sanitate
1143 1975 1335 2020 veritatis
1366 1976 1505 2023 aliena

107 2041 247 2088 multa
272 2051 529 2088 contexunt.
556 2044 815 2107 Animarum
832 2044 1122 2090 substantiam
1144 2046 1223 2091 Dei
1244 2046 1398 2092 dicunt
1419 2064 1508 2094 esse

107 2122 327 2168 naturam,
352 2128 592 2173 earumque
615 2114 855 2160 adventum
875 2116 922 2161 in
943 2116 1038 2162 haec
1050 2131 1230 2176 corpora
1251 2126 1295 2162 et
1316 2117 1505 2164 reditum

107 2183 164 2227 ad
185 2185 325 2227 Deum
347 2183 500 2226 iisdem
522 2183 608 2227 suis
626 2183 787 2228 fabulis
806 2184 1066 2244 longissimis
1086 2196 1129 2232 et
1157 2187 1417 2234 stultissimis
1437 2205 1505 2234 se—

107 2253 305 2298 cundum
329 2268 429 2297 suos
449 2268 614 2299 errores
630 2253 829 2300 inserunt
847 2274 856 2299 :
879 2265 923 2301 et
943 2256 1040 2302 illos
1062 2259 1140 2318 qui
1154 2259 1213 2303 eis
1235 2259 1421 2305 credunt
1437 2259 1502 2305 fa-

108 2324 247 2379 ciunt,
258 2339 348 2368 non
359 2324 496 2368 multa
505 2359 515 2379 ,
529 2333 578 2368 ut
590 2333 762 2383 putant,
780 2325 957 2371 scientia
970 2329 1243 2388 praepollere,
1255 2329 1331 2374 sed
1344 2331 1497 2387 multa,

107 2403 159 2438 ut
176 2394 235 2437 ita
255 2393 419 2449 dicam,
437 2394 717 2439 fabulositate
733 2411 977 2441 vanescere.
999 2398 1214 2444 Dicuntur
1231 2416 1408 2461 quoque
1425 2402 1501 2447 bo-

12 2470 13 2494 ³
50 2525 52 2527 ‚
109 2479 218 2509 num
238 2465 371 2508 deum
387 2473 432 2509 et
451 2465 616 2511 malum
634 2465 767 2511 deum
787 2467 832 2512 in
853 2468 940 2512 suis
960 2468 1121 2514 habere
1139 2469 1431 2530 dogmatibus

159 2566 169 2583 ¹
189 2561 261 2593 Act.
282 2570 328 2601 vi,
344 2560 376 2592 5.
