1729 3143
70 291 174 394 S.
240 288 572 391 AUR.
638 288 1443 394 AUGUSTINI

329 519 787 561 HIPPONENSIS
836 518 1151 559 EPISCOPI

736 685 776 708 m:

200 844 789 922 UTILITATE
855 809 1297 925 JEJUNH.

638 1263 877 1313 SERMO.

114 1460 149 1502 Ι.
177 1459 240 1501 ΒΕ
253 1455 441 1501 utilitate
448 1454 602 1515 jejunii
616 1455 903 1499 admonemur
918 1451 1084 1512 aliquid
1093 1451 1216 1513 loqui
1232 1473 1245 1510 ς
1265 1462 1309 1498 et
1325 1457 1442 1501 Deus

54 1527 289 1582 admonet,
310 1536 355 1571 et
376 1536 548 1586 tempus
567 1542 645 1570 nos
669 1526 890 1570 admonet.
913 1527 1017 1569 Haec
1039 1524 1156 1568 enim
1177 1524 1440 1583 observatio,

54 1599 149 1643 haec
164 1599 300 1642 virtus
318 1598 465 1651 animi,
481 1597 574 1641 haec
588 1596 805 1640 fraudatio
820 1595 959 1640 carnis
971 1605 1014 1639 et
1023 1595 1194 1639 lucrum
1210 1596 1369 1639 mentis
1384 1597 1441 1641 ab

53 1667 231 1727 Angelis
246 1683 335 1711 non
349 1667 578 1711 exhibetur
588 1670 691 1710 Deo.
707 1666 775 1710 Ibi
790 1666 905 1710 enim
915 1666 1054 1710 omnis
1069 1675 1133 1709 est
1144 1664 1268 1724 copia
1282 1674 1441 1710 etsem-

52 1739 221 1798 piterna
235 1738 440 1781 securitas
456 1756 465 1781 ε
482 1746 524 1781 et
535 1737 633 1781 ideo
645 1736 740 1780 null
747 1752 792 1781 us
807 1736 1021 1792 desectus,
1036 1737 1138 1797 quia
1148 1736 1193 1779 in
1203 1738 1341 1780 Deum
1355 1736 1443 1795 ple-

52 1824 136 1854 nus
144 1808 341 1854 affectus
356 1809 420 1853 lbi
430 1809 550 1868 panis
559 1808 826 1866 Angelorum
839 1828 848 1853 :
864 1824 994 1868 quem
1006 1823 1162 1868 panem
1171 1807 1439 1866 Angelorum

53 1888 104 1923 ut
124 1879 407 1924 manducaret
429 1880 576 1934 homo,
594 1879 734 1924 factus
757 1888 820 1923 est
842 1880 988 1923 homo.
1015 1879 1096 1923 Hic
1116 1893 1266 1923 omnes
1284 1879 1439 1923 animae

52 1958 270 1994 terrenam
292 1965 465 1995 carnem
488 1959 726 2009 portantes,
746 1949 801 1993 de
818 1960 931 1994 terra
948 1948 1132 2009 implent
1152 1957 1322 1993 ventres
1343 1967 1351 1994 :
1375 1949 1438 1993 ibi
1484 1976 1487 1980 ›

55 2019 228 2078 spiritus
235 2020 464 2064 rationales
476 2021 726 2064 coelestibus
735 2021 990 2080 corporibus
1000 2019 1276 2079 praesidentes
1285 2019 1340 2062 de
1347 2022 1439 2064 Deo

52 2087 237 2147 implent
260 2098 440 2133 mentes.
467 2093 523 2133 Et
543 2090 614 2134 hic
636 2091 760 2134 cibus
788 2100 867 2146 est,
893 2100 936 2136 et
956 2091 1018 2134 ibi
1040 2091 1160 2135 cibus
1181 2109 1190 2136 z
1215 2090 1292 2135 sed
1311 2088 1435 2134 cibus

53 2159 132 2203 iste
160 2174 260 2202 cum
289 2159 442 2213 reficit,
471 2159 634 2209 deficit,
660 2169 703 2203 et
726 2161 784 2204 sic
807 2160 961 2220 implet
977 2161 1141 2217 alvum,
1162 2170 1212 2205 ut
1234 2161 1325 2220 ipse
1352 2160 1437 2203 mi-

53 2238 243 2286 nuatur3
266 2228 341 2272 ille
360 2237 506 2272 autem
529 2238 573 2273 et
593 2228 766 2287 implet,
791 2240 834 2274 et
855 2231 1023 2290 integer
1043 2240 1283 2291 permanet.
1305 2233 1434 2275 Hunc

54 2298 204 2344 cibum
221 2299 346 2343 nobis
363 2299 642 2343 esuriendum
660 2300 858 2344 Christus
874 2301 1042 2357 indixit,
1066 2301 1214 2346 dicens
1235 2320 1245 2347 z
1275 2319 1293 2340 «
1313 2301 1434 2345 Beati

59 2388 79 2410 »
105 2368 183 2428 qui
210 2369 407 2413 esuriunt
427 2378 471 2413 et
491 2370 642 2414 sitiunt
659 2370 871 2429 justitiam
885 2406 895 2425 ‚
927 2372 1132 2431 quoniam
1162 2371 1244 2431 ipsi
1265 2380 1433 2417 satura-

59 2457 79 2480 »
104 2439 313 2482 buntur1.
338 2459 356 2479 »
382 2440 573 2484 Pertinet
594 2455 695 2497 ergo
717 2440 772 2485 ad
792 2441 988 2486 homines
1014 2442 1128 2486 hanc
1154 2443 1285 2486 vitam
1311 2457 1430 2487 mor-

105 2541 112 2556 ¹
138 2535 256 2567 Matth.
278 2546 312 2575 v,
330 2536 361 2567 6,
