1729 3143
404 198 458 228 DE
489 195 642 226 nmmo
673 191 887 232 Annium,
921 193 1003 221 me.
1039 193 1086 220 11.
1358 178 1439 220 347

61 269 183 323 sima,
211 274 355 311 tamen
373 266 487 310 inter
504 262 621 308 bona
635 274 882 314 numerare,
897 273 977 304 nec
988 258 1182 303 invenire
1193 256 1265 302 cui
1278 259 1444 302 auctori

61 337 312 383 tribuantur
323 336 402 381 nisi
413 336 630 380 bonorum
640 331 837 377 omnium
846 329 1060 375 conditori
1072 332 1177 385 Deo,
1189 329 1290 389 quia
1302 337 1446 373 etma-

59 410 173 454 xima
187 417 230 452 et
244 408 422 452 minima
435 407 548 451 bona
561 405 616 449 ab
627 402 703 446 illo
715 409 832 456 sunt,
848 416 870 444 3
884 416 972 460 quo
982 410 1183 445 estomne
1192 399 1359 444 bonum
1376 420 1387 458 3
1403 409 1446 445 et

60 479 265 524 dubitare
287 477 342 523 de
362 477 498 521 libera
520 474 763 526 voluntate,
784 471 875 515 sine
896 486 982 529 qua
995 479 1112 514 recte
1124 471 1212 515 vivi
1224 486 1313 515 non
1325 485 1448 530 posse

59 548 311 595 concedunt
326 583 337 605 ‚
363 548 493 592 etiam
511 545 587 606 qui
609 543 792 604 pessime
807 542 997 586 vivunt?
1018 544 1075 585 Et
1095 551 1210 586 certe
1227 557 1345 586 nunc
1360 557 1449 587 res-

58 619 205 681 ponde
221 654 232 676 ,
259 634 430 679 quaeso,
455 614 564 677 quid
587 614 668 659 tibi
698 611 853 657 melius
884 625 973 655 esse
995 610 1193 655 videatur
1225 613 1270 656 in
1299 612 1445 669 nobis,

56 693 150 737 sine
170 707 260 753 quo
281 699 397 735 recte
412 688 501 734 vivi
521 694 688 748 potest,
715 700 772 729 an
793 684 885 729 sine
907 698 996 744 quo
1017 691 1136 727 recte
1157 684 1243 729 vivi
1259 699 1349 729 non
1365 700 1449 744 po-

55 772 153 808 test.
179 765 230 807 E.
257 763 442 821 Jamjam
457 774 586 820 parce
607 772 780 818 quaeso3
803 756 942 816 pudet
963 755 1180 800 caecitatis.
1202 756 1308 809 Quis
1326 756 1450 801 enim

58 832 250 890 ambigat
280 831 326 875 id
356 830 487 889 longe
510 844 599 874 esse
631 828 932 888 praestantiUS,
975 827 1068 871 sine
1094 841 1183 886 quo
1216 836 1333 871 recta
1361 828 1451 872 vita

56 903 180 950 nulla
198 904 292 948 est?
309 905 362 947 A.
388 904 410 946 J
417 916 487 945 am
510 915 612 959 ergo
634 909 685 944 tu
705 899 884 959 negabis
906 898 1077 943 luscum
1098 898 1322 942 hominem
1337 907 1452 942 recte

56 990 182 1036 posse
214 972 397 1018 vivere?
420 974 473 1016 E.
512 973 639 1016 Absit
673 980 764 1015 tam
797 968 998 1013 immanis
1030 969 1234 1013 amentia.
1261 972 1313 1014 A.
1340 971 1453 1015 Cum

57 1061 159 1105 ergo
181 1046 229 1089 in
251 1058 435 1103 corpore
466 1042 646 1088 oculum
680 1040 894 1086 concedas
923 1055 1013 1085 esse
1044 1039 1223 1101 aliquod
1252 1040 1419 1086 bonum
1438 1077 1449 1098 ‚

55 1133 147 1179 quo
169 1116 324 1160 amisso
341 1123 489 1159 tamen
510 1114 566 1158 ad
583 1121 700 1158 recte
716 1113 957 1158 vivendum
979 1127 1069 1157 non
1090 1112 1351 1173 impeditur:
1371 1128 1454 1159 vo-

57 1188 202 1234 luntas
223 1185 361 1229 libera
383 1185 466 1228 tibi
487 1183 708 1228 videbitur
729 1183 902 1228 nullum
919 1184 1104 1239 bonum,
1126 1184 1217 1228 sine
1233 1200 1321 1244 qua
1337 1194 1454 1230 recte

57 1273 186 1305 nemo
206 1255 344 1302 vivit?

116 1332 167 1374 L.
204 1325 393 1372 Intueris
431 1324 546 1369 enirn
580 1324 789 1385 justitiam
809 1360 820 1380 ‚
858 1341 945 1384 qua
981 1341 1111 1372 nemo
1149 1326 1263 1371 male
1296 1328 1450 1372 utitur.

64 1402 169 1445 Haec
191 1398 305 1443 inter
327 1411 495 1441 summa
517 1397 634 1441 bona
656 1412 756 1456 quae
783 1397 829 1440 in
851 1397 943 1456 ipso
973 1407 1075 1441 sunt
1097 1399 1275 1443 homine
1297 1415 1455 1444 nume-

63 1481 214 1527 ratur,
247 1484 485 1529 omnesque
506 1468 689 1513 virtutes
711 1468 844 1512 animi
865 1469 1026 1528 quibus
1051 1470 1143 1528 ipsa
1165 1479 1282 1514 recta
1303 1472 1391 1516 vita
1413 1481 1456 1516 et

61 1544 245 1588 honesta
265 1548 448 1585 constat.
466 1542 579 1585 Nam
592 1554 736 1599 neque
750 1537 999 1598 prudentia,
1023 1554 1166 1600 neque
1179 1539 1452 1598 fortitudine,

62 1628 208 1674 neque
230 1611 517 1672 temperantia
543 1609 656 1655 male
677 1610 775 1670 quis
796 1611 936 1655 utitur
963 1629 972 1655 :
996 1610 1041 1655 in
1067 1611 1133 1655 his
1164 1612 1280 1656 enim
1312 1614 1456 1658 omni-

62 1686 146 1729 bus
161 1718 172 1739 ,
197 1684 307 1727 sicut
336 1683 382 1726 in
401 1683 493 1742 ipsa
515 1682 645 1726 etiam
667 1697 802 1741 quam
823 1691 873 1726 tu
893 1683 1243 1728 commemorasti
1260 1684 1425 1743 justitia
1441 1720 1453 1741 ‚

63 1763 179 1800 recta
201 1754 310 1798 ratio
330 1753 466 1812 viget,
490 1752 582 1796 sine
598 1768 686 1812 qua
702 1752 883 1797 virtutes
900 1767 989 1796 esse
1005 1768 1094 1797 non
1107 1762 1303 1814 possunt.
1322 1757 1457 1800 Recta

63 1836 212 1872 autem
232 1825 399 1870 ratione
411 1823 525 1868 male
542 1824 608 1868 uti
621 1840 751 1869 nemo
773 1833 930 1884 potest.
950 1828 1036 1870 Ista
1054 1841 1158 1885 ergo
1172 1841 1328 1885 magna
1342 1827 1456 1873 bona

63 1907 194 1955 sunt3
226 1896 301 1940 sed
324 1895 568 1939 meminisse
589 1904 633 1940 te
661 1905 860 1955 oportet,
885 1911 976 1940 non
1002 1895 1145 1941 solum
1166 1912 1324 1956 magna
1339 1933 1350 1953 ,
1382 1898 1458 1943 sed

65 1969 195 2013 etiam
216 1966 396 2010 minima
416 1966 532 2010 bona
549 1981 639 2011 non
658 1981 749 2010 esse
765 1981 889 2026 posse
905 2001 916 2022 ‚
940 1967 1023 2010 nisi
1045 1967 1100 2010 ab
1117 1967 1193 2012 illo
1211 1983 1234 2012 3
1252 1984 1341 2029 quo
1355 1978 1456 2013 sunt

67 2039 213 2084 omnia
244 2038 386 2092 bona,
421 2037 505 2081 hoc
540 2046 626 2093 est,
652 2040 759 2082 Deo.
786 2037 838 2082 Id
859 2038 974 2082 enim
1003 2039 1198 2098 superior
1221 2038 1456 2099 disputatio

67 2109 303 2170 persuasit,
330 2107 401 2152 cui
423 2107 551 2152 toties
579 2116 757 2167 tamque
783 2108 909 2153 laetus
937 2125 1130 2154 assensus
1165 2125 1222 2154 es.
1261 2111 1456 2157 Virtutes

67 2181 202 2240 igitur
220 2179 379 2240 quibus
397 2188 513 2223 recte
529 2179 689 2223 vivitur
704 2214 714 2234 ‚
736 2194 893 2238 magna
909 2180 1024 2225 bona
1041 2191 1143 2226 sunt
1164 2201 1172 2226 :
1196 2183 1357 2242 species
1375 2199 1456 2227 au-

67 2261 156 2297 tem
178 2249 478 2311 quorumlibet
494 2265 726 2309 corporum
738 2285 748 2305 ‚
774 2250 866 2294 sine
883 2251 1044 2311 quibus
1060 2261 1178 2297 recte
1193 2253 1279 2298 vivi
1295 2263 1452 2313 potest,

67 2322 246 2367 minima
267 2321 384 2366 bona
404 2331 528 2380 sunt3
554 2322 760 2381 potentiae
781 2337 884 2366 vero
904 2323 1036 2366 animi
1053 2324 1143 2367 sine
1161 2325 1322 2384 quibus
1340 2334 1456 2370 recte

67 2395 154 2439 vivi
176 2410 264 2438 non
286 2402 449 2453 potest,
471 2393 614 2437 media
637 2393 753 2438 bona
776 2402 892 2438 sunt.
924 2395 1171 2439 Virtutibus
1192 2411 1321 2441 nemo
1344 2394 1455 2441 male

68 2467 207 2511 utitur
227 2485 236 2512 :
262 2466 426 2511 caeteris
459 2475 606 2510 autem
635 2465 786 2522 honis,
811 2465 855 2510 id
880 2475 970 2522 est,
995 2467 1148 2512 mediis
1170 2477 1214 2513 et
1234 2468 1421 2513 minimis
1439 2504 1450 2524 ‚

71 2553 161 2583 non
180 2537 323 2584 solum
352 2538 488 2595 bene⁷
512 2538 587 2583 sed
618 2538 748 2585 etiam
779 2537 890 2582 male
911 2538 1096 2599 quisque
1118 2540 1184 2584 uti
1214 2548 1370 2599 potest.
1395 2542 1452 2584 Et
