1729 3143
384 179 438 206 DF.
470 178 622 206 ummo
655 175 870 213 nun-rum,
908 177 988 203 Lm.
1028 177 1073 201 11.
1342 164 1423 201 3539

44 253 198 290 caetera
221 259 320 304 quae
346 243 402 288 ad
425 259 517 288 rem
549 242 795 303 pertinent5
830 241 1043 300 explicare
1072 241 1283 299 possimus
1306 258 1314 284 :
1346 241 1427 283 nisi

45 313 149 374 quid
173 314 307 358 habes
325 313 529 358 adversus
550 314 628 357 ista
650 311 770 371 quod
798 326 1006 370 opponas.
1040 314 1090 354 E.
1120 313 1213 368 Ego
1235 325 1336 353 vero
1357 309 1428 352 in-

45 384 242 428 credibili
260 387 440 428 omnino
456 419 466 439 ‚
492 392 534 427 et
554 397 684 442 quam
707 381 788 424 tibi
808 381 949 424 verbis
981 380 1196 439 explicare
1225 394 1313 423 non
1332 394 1433 438 pos-

0 488 3 494 .
45 469 158 509 sum,
180 453 330 499 laetitia
345 455 547 514 perfusus
564 452 726 510 accipio
739 450 834 505 ista,
857 459 899 494 et
916 450 1056 494 clamo
1074 465 1164 494 esse
1177 449 1430 494 certissima.

45 524 198 570 Clamo
221 533 368 569 autem
400 538 508 569 voce
536 521 762 576 interiore,
789 536 875 580 qua
897 520 1090 564 exaudiri
1114 520 1245 579 cupio
1272 519 1434 578 abipsa

45 595 251 649 veritate,
285 603 329 639 et
352 594 414 638 illi
443 594 652 638 inhaerere
673 611 683 637 ι
708 591 829 652 quod
853 607 943 636 non
971 591 1113 636 solum
1142 592 1333 647 honum,
1358 589 1435 635 sed

45 665 173 709 etiam
191 680 411 710 summum
435 665 627 719 bonum,
652 673 695 708 et
712 663 964 708 beatificum
986 678 1077 707 esse
1099 662 1310 707 concedo.

105 738 197 780 XL.
224 739 277 780 A.
303 739 439 780 Recte
460 750 590 793 sane3
615 735 744 779 etiam
769 750 848 793 ego
874 733 1115 794 plurimum
1139 732 1322 792 gaudeo.
1352 728 1437 777 Sed

47 821 193 866 quaeso
221 815 263 850 te
283 841 294 862 ,
335 807 553 866 numquid
578 807 668 866 jam
705 807 917 866 sapientes
954 815 997 849 et
1025 806 1139 849 beati
1172 819 1319 849 sumus
1341 838 1352 858 ‚
1384 817 1440 847 an

47 876 190 921 adhuc
208 876 427 921 tendimus
442 893 493 922 eo
510 913 521 932 ‚
546 887 597 922 ut
613 877 658 923 id
679 878 804 922 nobis
824 893 913 922 esse
930 877 1190 937 proveniat?
1208 878 1259 919 E.
1281 877 1347 918 Eo
1361 887 1441 916 nos

46 948 190 1007 potius
208 948 386 991 tendere
409 949 622 993 existimo.
643 952 695 991 A.
729 950 850 990 Unde
868 962 971 1005 ergo
988 950 1067 989 ista
1086 944 1439 1005 comprehendis,

47 1018 208 1077 quibus
229 1019 340 1062 veris
376 1020 589 1078 certisque
613 1018 802 1077 gaudere
825 1027 869 1062 te
898 1017 1056 1062 clamas
1074 1054 1085 1073 ,
1113 1027 1156 1062 et
1181 1018 1265 1062 hoc
1288 1016 1342 1060 ad
1373 1032 1444 1060 sa-

48 1089 255 1148 pientiam
274 1090 491 1148 pertinere
507 1090 739 1134 concedis?
756 1105 811 1133 an
828 1090 1058 1150 quisquam
1077 1089 1282 1149 insipiens
1302 1096 1443 1148 potest

48 1175 173 1205 nosse
195 1159 482 1218 sapientiam?
504 1162 556 1203 E.
586 1160 794 1213 Quandiu
823 1162 1028 1220 insipiens
1049 1170 1138 1216 est,
1171 1176 1259 1205 non
1283 1168 1441 1219 potest.

6 1242 9 1245 '
49 1232 102 1275 A.
126 1233 192 1273 Tu
214 1245 316 1288 ergo
332 1231 423 1290 jam
441 1230 609 1288 sapiens
629 1246 671 1273 es
691 1266 702 1285 ‚
728 1240 804 1275 aut
822 1233 1019 1275 nondum
1044 1233 1156 1276 nosti
1171 1232 1441 1290 sapientiam.

49 1303 103 1346 E.
127 1302 226 1345 Non
248 1315 343 1343 sum
367 1299 546 1360 quidem
580 1298 724 1344 adhuc
745 1302 942 1359 sapiens,
967 1302 1041 1346 sed
1063 1318 1143 1346 nec
1166 1302 1444 1360 insipientem

51 1387 123 1416 me
151 1370 359 1426 dixerim,
396 1370 442 1414 in
478 1380 694 1430 quantum
725 1371 826 1415 novi
855 1372 1110 1430 sapientiam
1136 1392 1145 1418 ε
1172 1372 1379 1432 quoniam
1402 1380 1446 1416 et

52 1451 169 1487 certa
189 1451 291 1487 sunt
311 1442 392 1486 ista
409 1457 509 1502 quae
531 1441 662 1496 novi,
689 1450 732 1486 et
754 1441 809 1486 ad
828 1442 1084 1502 sapientiam
1103 1444 1342 1502 pertinere,
1367 1458 1446 1486 ne-

54 1528 155 1573 gare
175 1529 266 1558 non
287 1528 480 1573 possum.
501 1515 554 1557 A.
581 1513 659 1557 Dic
679 1528 826 1572 quaeso
846 1523 887 1557 te
903 1548 914 1569 ,
939 1529 1086 1558 nonne
1103 1513 1307 1558 fateberis
1323 1529 1441 1568 eum,

53 1584 132 1644 qui
147 1600 238 1628 non
252 1593 316 1628 est
330 1585 473 1644 justus
488 1617 500 1639 ‚
524 1583 737 1643 injustum
752 1599 843 1628 esse
859 1605 871 1642 3
896 1593 938 1629 et
955 1585 1138 1645 quinon
1155 1593 1218 1629 est
1235 1585 1444 1644 prudens,

0 1655 2 1717 ᾗ
54 1654 379 1714 imprudentem
408 1669 528 1712 esse3
554 1664 597 1699 et
618 1655 695 1714 qui
718 1670 808 1699 non
835 1664 899 1700 est
920 1665 1167 1715 temperans
1183 1692 1194 1711 ,
1226 1656 1445 1715 intempe-

0 1724 2 1755 ἵ
55 1727 258 1770 rantem‘?
280 1741 335 1772 an
352 1724 545 1769 dubitari
566 1724 621 1769 de
641 1726 708 1770 his
726 1725 890 1786 aliquid
908 1729 1083 1786 potest?
1105 1730 1156 1772 E.
1183 1730 1341 1772 Fateor
1361 1728 1445 1771 ho-

55 1796 218 1841 minem
233 1831 244 1851 ,
269 1796 447 1857 quando
461 1797 604 1856 justus
623 1812 714 1841 non
730 1807 793 1842 est
808 1833 819 1853 ‚
843 1798 1055 1858 injustum
1072 1813 1161 1843 esse
1182 1817 1192 1844 z
1213 1799 1299 1843 hoc
1316 1798 1447 1842 etiam

57 1867 113 1912 de
134 1864 351 1926 prudente
373 1875 417 1910 et
438 1875 707 1925 temperante
734 1869 1049 1928 responderim.
1083 1872 1134 1913 A.
1168 1871 1259 1914 Cur
1280 1884 1383 1928 ergo
1405 1877 1449 1912 et

5 1930 9 1933 ⁵
59 1938 237 1998 quando
258 1937 426 1996 sapiens
441 1952 530 1981 non
548 1947 612 1981 est
627 1972 638 1993 ,
663 1953 752 1983 non
769 1939 823 1983 sit
835 1939 1069 1998 insipiens?
1085 1942 1137 1984 E.
1162 1942 1256 1984 Hoc
1273 1952 1450 1999 quoque

62 2007 202 2053 fateor
218 2043 229 2063 ‚
266 2006 446 2068 quando
467 2008 652 2068 quisque
674 2009 842 2069 sapiens
872 2025 960 2054 non
986 2019 1049 2054 est
1069 2046 1080 2066 ,
1106 2026 1207 2055 eum
1233 2026 1323 2054 esse
1344 2009 1451 2053 insi-

64 2079 271 2138 pientem.
302 2083 350 2122 A.
377 2080 504 2122 Nunc
525 2093 628 2137 ergo
649 2088 699 2123 tu
728 2080 837 2140 quid
857 2081 1016 2125 horum
1038 2083 1111 2126 es?
1134 2085 1185 2126 E.
1213 2080 1452 2135 Quodlibet

63 2150 223 2195 horum
238 2164 309 2193 me
326 2149 516 2208 appelles
530 2183 542 2205 ‚
566 2149 766 2194 nondum
783 2152 924 2197 audeo
940 2168 1011 2197 me
1029 2152 1172 2198 dicere
1189 2154 1452 2213 sapientem:

66 2230 111 2266 et
132 2236 185 2265 ex
205 2221 256 2265 iis
276 2236 377 2282 quae
398 2220 615 2276 concessi,
636 2219 764 2266 video
791 2237 881 2266 esse
903 2239 1173 2284 consequens
1186 2259 1198 2279 ‚
1223 2233 1273 2269 ut
1296 2239 1365 2268 me
1382 2224 1453 2268 in-

67 2292 294 2352 sipientem
315 2307 407 2336 non
427 2290 626 2335 dubitem
644 2291 802 2336 dicere.
828 2295 881 2337 A.
901 2295 1030 2339 Novit
1049 2310 1152 2356 ergo
1170 2296 1374 2355 insipiens
1392 2311 1455 2339 sa-

68 2362 294 2422 pientiam.
315 2364 413 2407 Non
426 2362 541 2406 enim
555 2362 666 2406 sicut
672 2364 762 2423 jam
779 2363 946 2409 dictum
958 2374 1022 2409 est
1037 2401 1048 2421 ,
1073 2375 1216 2411 certus
1234 2381 1324 2411 esse
1343 2365 1455 2411 velle

52 2449 116 2485 ¹se
142 2449 232 2479 esse
265 2433 528 2492 sapientem,
557 2432 691 2493 idque
720 2443 945 2494 oportere,
970 2436 1053 2481 nisi
1082 2438 1203 2482 notio
1232 2436 1454 2497 sapientiae

73 2504 210 2550 menti
232 2505 323 2564 ejus
341 2503 598 2559 inhaereret,
623 2504 735 2549 sicut
753 2520 902 2551 earum
926 2520 1070 2552 rerum
1097 2507 1153 2552 de
1183 2507 1344 2568 quibus
1364 2507 1454 2551 sin-

1232 2580 1297 2619 22.
