1729 3143
246 206 332 247 454
677 213 711 241 s.
746 214 978 243 ausus-nm
1007 217 1190 246 zrxsoorr

304 286 386 327 III.
431 282 534 323 Haec
569 287 731 322 secreta
762 279 998 324 verborum
1024 281 1059 325 si
1086 296 1175 326 non
1201 283 1564 341 reprehendentes
1585 293 1629 329 et
1664 303 1666 307 ·
1701 285 1727 345 J

245 358 520 404 accusantes,
551 347 627 392 sed
648 358 893 408 quaerentes
921 359 964 394 et
995 362 1241 397 reverentes
1269 353 1497 398 Manichaei
1519 354 1631 400 mal·
1666 397 1668 400 ,
1704 358 1709 366 ‘

245 424 336 467 lent
358 419 574 464 discutere
591 453 603 474 ,
627 434 719 464 non
735 429 878 464 essent
901 420 1055 482 utique
1075 422 1334 479 Manichaei3
1364 422 1438 467 sed
1455 423 1629 470 daretur
1670 460 1679 466 f,

244 491 517 553 petentibus,
542 499 586 535 et
607 501 851 551 quaerentes
872 492 1118 538 invenirent
1133 529 1144 550 ,
1167 504 1210 539 et
1230 492 1506 554 pulsantibus
1527 511 1630 555 ape·
1672 547 1674 550 ¹
1706 499 1711 507 “

242 563 416 607 riretur.
449 561 600 607 Plures
631 562 748 606 enim
775 564 1035 623 quaestiones
1062 564 1109 609 in
1139 565 1224 610 hoc
1248 580 1445 610 sermone
1465 580 1629 626 propo-
1673 559 1680 600 Ῑ»

243 642 357 678 nunt
372 667 384 689 ‚
409 633 486 692 qui
504 632 726 692 diligentia
746 632 818 693 pia
845 644 1077 694 quaerunt,
1102 650 1236 695 quam
1251 635 1322 680 isti
1338 635 1482 680 miseri
1498 644 1630 696 atque
1674 647 1682 679 ’τ
1726 637 1729 644 ’

242 704 367 764 impii
386 723 396 748 :
418 703 494 748 sed
515 704 599 749 hoc
620 704 823 760 interest,
848 705 969 765 quod
993 705 1056 749 illi
1077 715 1284 765 quaerunt
1304 715 1354 751 ut
1375 707 1601 751 inveniant
1615 742 1627 761 ‚
1676 739 1677 743 η

243 776 313 820 isti
335 773 446 819 nihil
466 774 693 831 laborant,
726 776 811 819 nisi
833 790 924 820 non
944 776 1137 821 invenire
1159 775 1280 837 quod
1302 786 1522 837 quaerunt.
1549 778 1631 822 Hic
1680 795 1687 803 ‘
1725 780 1729 808 ί

243 861 348 906 ergo
370 855 487 890 totus
511 861 651 891 sermo
669 845 812 905 primo
831 847 1074 891 secundum
1094 847 1318 892 historiam
1335 846 1632 893 discutiendus

243 926 337 973 est,
363 915 522 961 deinde
548 915 792 958 secundum
813 917 1104 971 prophetiam.
1138 917 1388 961 Secundum
1408 912 1632 962 historiam
1688 943 1694 953 κ
1727 922 1729 924 ’

243 987 358 1032 facta
385 992 645 1038 narrantur,
672 981 913 1027 secundum
937 982 1214 1042 prophetiam
1243 982 1393 1029 futura
1421 1001 1632 1045 praenun-
1683 983 1687 990 ⁶

241 1057 424 1103 tiantur.
465 1057 578 1099 Sane
608 1053 806 1114 quisquis
826 1051 1015 1098 voluerit
1036 1053 1182 1098 omnia
1197 1088 1209 1109 ,
1243 1069 1344 1115 quae
1367 1053 1482 1099 dicta
1502 1065 1605 1100 sunt
1618 1090 1630 1111 ,

243 1126 486 1172 seeundum
502 1125 690 1170 litteram
708 1124 901 1184 accipere
916 1158 928 1180 ‚
952 1124 1000 1168 id
1020 1133 1084 1168 est
1100 1159 1112 1179 ‚
1136 1139 1226 1169 non
1246 1123 1369 1169 aliter
1390 1124 1634 1185 intelligere
1694 1146 1697 1151 -

243 1213 378 1259 quam
410 1196 555 1241 littera
586 1204 711 1242 sonat
727 1230 739 1252 ‚
775 1204 820 1240 et
840 1194 1032 1255 potuerit
1053 1195 1213 1240 evitare
1235 1194 1524 1255 blasphemias
1540 1229 1552 1251 ‚
1589 1204 1633 1240 et
1686 1236 1690 1237 γ

242 1269 389 1315 omnia
410 1267 698 1327 congruentia
723 1265 827 1310 fidei
848 1264 1073 1311 catholicae
1093 1264 1331 1325 praedicare
1345 1299 1356 1321 ‚
1381 1280 1472 1310 non
1491 1265 1634 1311 solum

245 1341 284 1385 ei
318 1355 409 1385 non
437 1347 500 1383 est
531 1336 816 1383 invidendum
830 1372 846 1394 ,
870 1337 947 1382 sed
973 1336 1219 1397 praecipuus
1239 1338 1517 1396 multumque
1536 1335 1634 1381 lau-

245 1410 402 1457 dabilis
428 1408 676 1454 intellector
701 1406 933 1452 habendus
953 1417 1032 1452 est.
1064 1408 1107 1453 Si
1140 1416 1286 1452 autem
1312 1406 1461 1452 nullus
1495 1408 1633 1452 exitus

244 1482 403 1536 datur,
427 1489 478 1525 ut
497 1480 568 1540 pie
585 1488 630 1524 et
645 1478 775 1538 digne
793 1482 884 1525 Deo
899 1495 998 1539 quae
1014 1479 1172 1539 scripta
1190 1488 1293 1524 sunt
1312 1478 1629 1538 intelligantur,

243 1553 326 1597 nisi
347 1553 530 1610 figurate
553 1559 685 1612 atque
701 1550 748 1595 in
768 1550 1009 1609 aenigmatis
1031 1551 1249 1610 proposita
1271 1550 1353 1595 ista
1374 1549 1602 1595 credamus
1618 1585 1631 1607 ,

244 1623 456 1667 habentes
486 1619 790 1666 auctoritatem
817 1621 1124 1681 apostolicam,
1151 1637 1175 1666 a
1198 1621 1358 1681 quibus
1384 1630 1474 1666 tam
1495 1620 1634 1665 multa

244 1695 301 1738 de
334 1693 456 1737 libris
494 1693 641 1736 Veteri
678 1692 942 1737 Testamenti
973 1691 1204 1737 solvuntur
1241 1692 1472 1750 aenigmata
1487 1725 1499 1747 ,
1535 1706 1634 1735 mo-

246 1762 353 1807 dum
374 1777 507 1823 quem
534 1762 803 1806 intendimus
825 1770 1073 1817 teneamus,
1095 1761 1328 1822 adjuvante
1352 1761 1429 1806 illo
1449 1761 1525 1821 qui
1554 1776 1634 1806 nos
1696 1773 1700 1789 ‘

242 1843 406 1894 petere,
432 1848 627 1893 quaerere
664 1842 708 1877 et
739 1833 909 1892 pulsare
931 1832 1249 1889 adhortatur13
1279 1840 1329 1875 ut
1353 1846 1504 1876 omnes
1532 1831 1634 1876 istas

243 1906 404 1964 figuras
441 1920 588 1948 rerum
623 1903 865 1948 secundum
907 1903 1167 1948 catholicam
1202 1901 1362 1956 fidem,
1407 1902 1497 1946 sive
1533 1918 1634 1963 quae

247 1975 302 2020 ad
337 1975 588 2030 historiam,
613 1974 701 2019 sive
724 1989 824 2034 quae
841 1973 896 2018 ad
915 1973 1187 2033 prophetiam
1205 1973 1426 2033 pertinent
1445 1972 1634 2033 explice-
1702 1970 1703 1973 ’

244 2062 357 2103 mus,
380 2062 471 2091 non
493 2044 825 2106 praejudicantes
845 2043 1014 2089 meliori
1033 2043 1388 2104 diligentiorique
1409 2043 1631 2098 tractatui,

244 2117 333 2162 sive
366 2132 444 2177 per
477 2131 578 2172 nos,
618 2116 706 2161 sive
744 2130 822 2175 per
856 2113 962 2159 alios
995 2113 1157 2174 quibus
1193 2113 1405 2159 Dominus
1444 2112 1634 2158 revelare
1702 2144 1708 2153 .

246 2187 468 2247 dignatur.

303 2262 380 2304 IV.
412 2278 433 2302 «
463 2260 622 2304 Factus
643 2265 707 2302 est
721 2270 822 2315 ergo
844 2256 935 2301 dies
957 2270 1046 2317 quo
1062 2254 1133 2300 die
1154 2254 1259 2300 fecit
1276 2257 1391 2300 Deus
1407 2253 1570 2299 coelum
1588 2263 1631 2298 et

245 2348 266 2371 »
291 2339 480 2380 terram,
511 2339 555 2375 et
576 2344 704 2374 omne
725 2327 864 2373 viride
895 2327 1016 2386 agri,
1056 2334 1292 2387 antequam
1323 2334 1464 2370 essent
1499 2339 1629 2384 super

248 2419 268 2442 n
294 2411 453 2446 terram
465 2437 476 2458 ,
502 2410 545 2446 et
562 2391 691 2447 omne
710 2398 923 2460 pabulum
939 2399 1070 2457 agri&
1092 2416 1113 2440 »
1138 2398 1344 2458 Superius
1360 2406 1525 2457 septem
1540 2395 1631 2440 dies

247 2481 531 2515 numerantur
547 2507 558 2526 ,
583 2485 702 2514 nunc
724 2485 837 2514 unus
859 2468 1020 2514 dicitur
1039 2467 1130 2513 dies
1144 2504 1156 2525 ,
1185 2483 1276 2529 quo
1296 2468 1367 2513 die
1390 2466 1492 2512 fecit
1517 2468 1630 2510 Deus

301 2560 309 2574 ¹
327 2555 445 2585 Matth.
461 2566 517 2590 vn.
538 2566 568 2593 7.
587 2572 626 2577 ——
647 2562 659 2576 ²
680 2556 817 2595 Gen.{11‚
837 2554 867 2585 5.
