1729 3143
362 211 444 238 Lm.
481 213 528 237 11.
564 212 617 238 DE
650 212 831 239 uomens
863 210 1203 238 MANICHAEORUM.
1387 201 1467 237 561

96 274 312 333 propriam
337 273 645 333 perfectionem
668 291 755 320 non
778 276 938 333 hahet,
974 285 1017 320 et
1043 275 1311 334 indigentem
1329 308 1340 329 ,
1373 290 1473 333 quac

98 345 237 402 poscit
256 344 485 402 auxilium,
509 355 552 389 et
578 345 839 390 imbecillam
856 380 866 399 ,
902 361 1001 405 quae
1028 345 1242 388 medicina
1273 353 1397 402 eget,
1433 354 1478 388 et

99 415 316 470 miseram,
341 431 439 475 quae
460 416 585 460 beata
608 432 696 461 esse
716 415 930 460 desiderat
956 435 965 460 ι
988 417 1081 460 haec
1104 416 1248 460 omnia
1268 416 1312 458 in
1340 418 1480 459 Deum

100 484 306 544 sacrilega
325 486 528 545 opinione
551 485 769 530 confertis.
794 490 883 529 Aut
904 486 938 530 si
959 501 1048 530 non
1064 484 1299 531 conceditis
1315 486 1410 529 haec
1427 484 1481 528 de

102 556 262 611 anima,
287 572 368 601 nec
388 557 570 616 Spiritus
588 567 652 602 est
672 557 949 613 necessarius,
970 557 1045 617 qui
1061 558 1249 601 animam
1262 558 1309 601 in
1324 556 1484 601 verita-

104 636 193 671 tem
212 628 416 682 inducat,
442 629 544 687 quia
571 628 701 673 stulta
723 643 813 672 non
844 637 936 685 est,
972 643 1052 672 nec
1079 637 1313 673 renovatur
1343 628 1485 672 anima

104 712 180 755 per
201 713 348 742 veram
369 698 636 756 religionem,
661 698 764 758 quia
779 698 1016 743 inveterata
1038 714 1127 743 non
1142 690 1231 755 est,
1250 714 1330 742 nec
1345 699 1487 756 signa-

104 766 211 811 culis
229 768 379 812 vestris
400 768 636 826 perficitur,
655 768 756 827 quia
770 766 961 827 perfecta
976 777 1058 825 est,
1078 784 1158 812 nec
1175 768 1214 811 ei
1232 772 1344 812 Deus
1360 782 1487 827 opem

104 835 215 891 fert,
250 838 352 897 quia
375 853 465 881 non
486 837 672 896 indiget,
704 853 784 881 nec
819 837 1012 881 medicus
1039 847 1103 882 est
1124 839 1322 882 Christus
1342 873 1353 893 ,
1388 837 1489 898 quia

103 922 207 952 sana
226 916 312 964 est,
345 923 424 952 nec
446 909 572 951 beata
594 908 632 950 ei
657 907 744 951 vita
774 916 890 951 recte
913 909 1196 966 promittitur.
1226 909 1344 961 Quid
1370 909 1491 968 quod

104 977 310 1022 liberator
331 978 492 1022 dicitur
514 981 652 1032 Jesus,
673 977 794 1037 quod
816 987 859 1021 et
879 978 970 1037 ipse
991 979 1036 1021 in
1057 977 1294 1037 Evangelio
1310 978 1489 1023 clamat:

110 1067 130 1090 «
153 1049 195 1094 Si
224 1064 300 1093 vos
328 1048 463 1092 Filius
495 1048 771 1103 liberaverit,
807 1057 912 1092 tunc
932 1064 1032 1093 vere
1056 1048 1180 1093 liberi
1202 1050 1334 1093 eritis¹
1354 1051 1372 1092 Ρ
1393 1069 1409 1089 »
1435 1051 1493 1093 Et

104 1120 323 1179 apostolus
347 1119 506 1164 Paulus
523 1120 608 1163 ait:
645 1121 769 1163 «Vos
790 1119 837 1162 in
858 1117 1104 1162 libertatem
1132 1119 1276 1162 vocati
1303 1120 1441 1163 estis2.
1468 1137 1487 1160 »

109 1191 248 1236 Servit
269 1206 372 1248 ergo
400 1191 543 1233 anima
565 1205 664 1249 quae
684 1189 807 1232 istam
825 1189 1070 1233 libertatem
1089 1188 1285 1233 nondum
1302 1199 1366 1233 est
1382 1204 1495 1233 asse-

107 1271 223 1306 enta.
245 1265 359 1305 Deus
382 1262 515 1319 igitur
538 1261 660 1305 vobis
683 1260 947 1315 auctoribus,
972 1261 1006 1303 si
1027 1259 1208 1320 quidem
1225 1275 1320 1318 pars
1336 1261 1414 1303 Dei
1432 1268 1496 1304 est

109 1336 240 1386 Deus,
265 1340 308 1375 et
329 1331 511 1374 stultitia
533 1331 846 1390 corrumpitur,
866 1339 909 1374 et
931 1330 1128 1375 cadendo
1144 1339 1336 1374 mutatus
1355 1340 1433 1385 est,
1454 1339 1498 1374 et
1526 1342 1531 1381 g

109 1402 262 1446 amissa
296 1401 560 1459 perfectione
597 1400 808 1455 violatus,
844 1410 886 1444 et
917 1401 1009 1459 opis
1039 1400 1231 1459 indiget,
1267 1410 1310 1445 et
1341 1400 1497 1444 debilis
1525 1406 1527 1408 ’

108 1473 278 1528 morbo,
305 1482 347 1516 et
369 1487 596 1530 oppressus
623 1472 810 1525 miseria,
830 1480 873 1514 et
887 1473 1093 1515 servitute
1113 1481 1314 1529 turpatus
1330 1480 1409 1514 est.
1508 1509 1511 1511 ,

167 1545 336 1587 XXIII.
373 1542 503 1595 Quod
524 1541 558 1585 si
583 1541 658 1584 Dei
682 1556 776 1599 pars
802 1544 913 1585 Deus
931 1556 1021 1585 non
1038 1550 1132 1585 est:
1163 1556 1243 1585 nec
1264 1541 1497 1598 incorrup—

110 1624 179 1659 tus
197 1623 339 1688 potest
360 1628 465 1667 esse,
487 1613 533 1656 in
556 1614 678 1672 cujus
698 1621 818 1671 parte
844 1613 1066 1671 corruptio
1099 1620 1192 1668 est3
1215 1626 1296 1655 nec
1328 1612 1498 1656 incom—

111 1693 332 1739 mutatus,
354 1684 430 1742 qui
447 1699 496 1726 ex
518 1682 662 1742 aliqua
683 1691 805 1741 palte
828 1690 1020 1725 mutatus
1037 1690 1123 1738 est·
1148 1696 1228 1726 nec
1247 1680 1495 1736 inviolatus,

112 1757 187 1816 qui
220 1771 310 1799 non
343 1770 393 1798 ex
426 1754 545 1798 omni
577 1762 698 1812 parte
728 1752 973 1811 perfectus3
1003 1767 1145 1811 neque
1168 1767 1258 1795 non
1278 1750 1496 1809 indigens,

112 1827 189 1886 qui
210 1824 363 1869 sedulo
386 1825 475 1882 agit
492 1832 540 1866 ut
557 1823 639 1867 sibi
662 1822 859 1866 restituat
873 1830 1040 1880 partem
1053 1836 1199 1878 suam3
1220 1835 1302 1864 nec
1319 1822 1499 1865 omnino

113 1911 264 1951 sanus,
290 1895 366 1954 qui
389 1892 534 1952 aliqua
556 1901 676 1951 parte
698 1891 943 1935 imbecillus
965 1900 1055 1947 est,
1087 1906 1167 1935 nec
1192 1891 1464 1935 beatissimus
1485 1926 1496 1945 ‚

114 1967 190 2027 qui
204 1966 338 2009 habet
354 1963 543 2023 aliquam
558 1971 724 2020 partem
739 1963 978 2019 subjectam
996 1961 1203 2017 miseriae,
1223 1976 1303 2004 nec
1320 1960 1500 2005 omnino

115 2037 249 2094 liber,
283 2035 405 2094 cujus
434 2048 531 2092 pars
558 2031 702 2092 aliqua
733 2031 943 2089 premitur
969 2031 1190 2074 servitute.
1217 2033 1322 2075 Haec
1354 2032 1498 2076 omnia

115 2107 322 2168 cogimini
344 2106 486 2149 dicere
503 2139 513 2158 ,
540 2118 640 2147 cum
661 2103 871 2155 animam,
896 2116 1028 2160 quam
1049 2101 1180 2145 tantis
1203 2100 1407 2145 obrutam
1428 2117 1500 2146 ca-

115 2176 384 2223 lamitatibus
405 2174 578 2219 cernitis
595 2208 605 2227 ,
640 2181 806 2231 partem
830 2171 907 2215 Dei
935 2186 1023 2214 esse
1053 2170 1304 2229 perhibetis.
1331 2173 1436 2215 Haec
1458 2181 1501 2215 et

118 2249 256 2294 multa
278 2244 578 2307 hujuscemodi
590 2243 644 2287 de
661 2252 774 2288 secta
790 2251 929 2286 vestra
946 2243 980 2286 si
997 2243 1171 2301 potestis
1193 2242 1379 2297 auferre,
1396 2252 1502 2288 tunc

120 2321 297 2365 demum
321 2318 450 2361 dicite
472 2332 518 2360 os
533 2324 722 2359 vestrum
747 2329 890 2358 carere
911 2313 1202 2371 blasphemiis.
1225 2316 1319 2358 Imo
1340 2324 1502 2359 sectam
1530 2344 1541 2373 ξ

121 2392 239 2436 illam
262 2388 444 2432 deserite
475 2406 484 2431 :
510 2401 612 2430 nam
637 2385 671 2429 si
702 2386 784 2430 hoc
814 2383 932 2444 quod
965 2383 1037 2427 ille
1070 2384 1236 2443 scripsit
1256 2385 1503 2430 destiteritis
1536 2376 1546 2438 ’,Α

123 2462 297 2506 credere
320 2476 367 2503 ac
389 2458 555 2510 dicere,
582 2456 810 2500 Manichaei
832 2454 983 2513 utique
1005 2469 1094 2498 non
1113 2455 1243 2498 eritis.

174 2555 182 2569 ¹
211 2549 300 2578 Joun.
325 2556 395 2582 νιν,
415 2544 467 2575 36.
493 2561 525 2565 —
548 2549 558 2564 ²
578 2541 644 2574 Gal.
664 2553 696 2580 v,
717 2542 748 2571 ὅ.

315 2608 501 2637 cxxxix:
1267 2594 1315 2630 36
