1729 3143
237 203 320 245 '172
668 217 702 244 s.
739 210 970 244 moriscum
1003 215 1185 245 El>1seor1

233 281 355 343 quod
392 283 450 327 eis
482 278 752 326 tradiderant
789 281 1045 327 acerrimum
1076 282 1305 328 inimicum
1336 290 1482 340 suum,
1517 296 1620 328 cum

230 363 451 398 crescente
469 367 592 396 coma
609 351 760 412 capitis
787 354 878 413 ejus
900 354 938 399 ei
958 354 1160 399 crevisset
1181 364 1224 400 et
1245 355 1382 400 virtus
1396 391 1407 410 ‚
1439 371 1462 400 a
1484 368 1622 414 puero

236 423 312 483 qui
334 423 413 466 sibi
437 422 646 466 ducatum
665 423 909 483 praebebat,
929 433 979 469 ut
996 424 1075 469 sibi
1091 440 1271 469 manum
1288 425 1530 485 porrigeret
1542 440 1623 483 pe-

235 494 323 547 tiit,
348 508 480 552 seque
499 492 555 539 ad
577 494 688 539 illud
711 496 922 554 templum
942 495 1043 540 duci
1063 497 1278 557 poposcit.
1301 496 1372 541 Ad
1387 497 1507 557 quod
1523 510 1625 541 cum

229 564 493 621 pervenisset
507 599 519 620 ‚
541 564 768 611 columnas
792 566 916 621 duas,
941 582 1070 626 supra
1093 584 1201 628 quas
1219 577 1364 613 totum
1384 566 1496 611 illud
1514 565 1625 610 aedi-

231 631 380 676 ficium
395 632 634 691 ferebatur,
652 635 832 695 singulis
846 637 1050 681 manibus
1067 638 1256 697 singulas
1274 636 1623 697 apprehendens,

229 703 356 747 ruina
373 719 418 748 se
431 705 561 749 simul
579 715 622 750 et
638 706 734 752 illos
751 706 892 752 voluit
914 709 1117 767 opprimi,
1135 724 1191 752 ne
1208 708 1358 752 laudes
1372 707 1625 751 daemonum

225 772 273 816 in
296 775 609 820 contumeliam
626 777 703 821 Dei
726 778 791 822 sui
814 794 837 822 a
857 794 1082 838 quoquam
1105 778 1294 822 libenter
1311 786 1533 837 pateretur
1551 792 1624 820 au⁴

226 843 324 889 diri.
352 846 509 891 Daniel
530 863 585 892 ne
606 865 628 892 a
651 864 752 909 rege
774 850 952 894 homine
973 850 1232 909 petitionem
1254 848 1447 909 aliquam
1469 863 1625 906 posce-

226 924 308 970 ret,
333 917 409 960 sed
432 933 454 961 a
473 921 564 963 Deo
586 919 703 975 vivo,
724 921 800 979 qui
817 929 993 979 praestat
1010 921 1157 964 omnia
1173 921 1289 964 bona
1305 919 1407 972 suis,
1425 917 1628 962 leonibus

222 986 527 1044 jejunantibus
548 990 593 1031 in
615 1004 758 1032 escam
782 991 909 1032 datus
932 998 996 1028 est.
1013 999 1063 1028 nt
1079 990 1265 1040 perirem
1290 1007 1299 1026 2
1325 987 1401 1028 sed
1417 987 1629 1030 Dominus

226 1055 401 1098 fidelem
425 1068 598 1098 servum
632 1067 759 1097 suum
790 1067 879 1096 non
909 1051 1109 1096 deserens
1126 1087 1136 1107 ,
1172 1062 1214 1096 et
1242 1053 1386 1112 ipsum
1414 1054 1629 1100 intactum

229 1123 480 1178 reservavit,
507 1132 549 1167 et
571 1138 647 1181 per
675 1123 882 1167 Habacuc
907 1123 1166 1182 prophetam
1197 1123 1325 1167 simul
1349 1133 1392 1168 et
1419 1124 1562 1183 ipsum
1585 1135 1630 1171 et

228 1196 378 1239 leones
397 1194 559 1252 pavit2.
586 1192 703 1246 Quid
725 1192 866 1237 dicam
890 1194 944 1236 de
966 1193 1105 1237 tribus
1125 1194 1269 1252 pueris
1302 1195 1378 1254 qui
1408 1210 1507 1239 cum
1532 1195 1630 1240 nol-

230 1265 324 1309 lent
346 1264 580 1321 imaginem
604 1262 766 1322 regiam
789 1263 984 1319 adorare,
1008 1264 1128 1322 ignes
1150 1265 1371 1309 riserunt?
1396 1268 1448 1309 In
1470 1266 1630 1326 quibus

227 1336 373 1396 pueris
407 1336 571 1379 micans
605 1335 739 1392 gratia
772 1335 832 1378 ita
861 1335 1048 1390 enituit,
1087 1345 1137 1379 ut
1168 1335 1288 1393 ligati
1324 1336 1371 1379 in
1404 1335 1627 1382 fornacem

227 1407 529 1459 mitterentur,
558 1405 982 1464 deambulantesque
1003 1405 1255 1449 viderentur
1270 1440 1280 1460 ,
1317 1420 1362 1449 os
1386 1407 1627 1465 aperientes

228 1481 456 1536 Deumque
479 1476 725 1531 laudantes,
752 1476 948 1520 flammas
972 1475 1026 1520 ad
1048 1491 1092 1520 se
1111 1492 1201 1520 non
1223 1476 1525 1533 admitterent,
1552 1478 1627 1522 sed

229 1547 432 1606 fugarent
458 1566 466 1591 ;
492 1556 542 1591 ut
564 1562 712 1591 secum
735 1547 897 1590 Filium
921 1547 999 1591 Dei
1021 1548 1184 1592 habere
1209 1548 1483 1603 meruissent,
1504 1558 1628 1593 ante-

229 1634 363 1679 quam
384 1617 554 1662 mundo
576 1620 622 1662 in
643 1619 822 1662 homine
841 1620 1110 1677 apparuisset
1131 1638 1140 1662 :
1161 1629 1210 1664 ut
1231 1628 1340 1664 esset
1362 1635 1513 1664 eorum
1530 1621 1627 1665 vin-

226 1689 308 1733 dex
331 1689 522 1743 flamma,
547 1687 947 1748 Chaldaeorumque
981 1688 1202 1733 ministros
1232 1689 1389 1735 fornax
1412 1690 1625 1736 devorans

226 1768 503 1805 consumeret
529 1778 537 1804 :
564 1759 768 1818 producti
790 1773 969 1818 quoque
991 1758 1046 1802 de
1064 1758 1242 1804 fornace
1260 1759 1519 1816 incolumes,
1540 1776 1623 1820 po-

227 1831 353 1891 pulos
368 1830 414 1873 in
429 1844 472 1874 se
487 1828 705 1873 mirabiles
722 1828 971 1883 redderent,
993 1844 1227 1889 regemque
1244 1838 1483 1883 mutarent,
1500 1845 1625 1874 eum-

228 1915 314 1961 que
335 1899 528 1944 facerent
556 1899 633 1943 Dei
664 1900 730 1943 sui
761 1899 1035 1943 adoratorem
1054 1933 1065 1954 ,
1105 1914 1238 1958 quem
1268 1908 1490 1943 senserant
1523 1909 1624 1944 ante

228 1979 565 2031 persecutorem.
612 1969 695 2015 Sed
734 1970 827 2014 haec
861 1971 1006 2014 omnia
1042 1968 1230 2014 faciebat
1258 1970 1395 2025 fides,
1427 1970 1558 2014 timor
1580 1978 1624 2014 et

229 2057 350 2086 amor
372 2041 467 2085 Dei.
493 2040 691 2085 Oderant
711 2041 780 2084 isti
808 2056 896 2084 non
925 2039 1063 2084 solum
1094 2040 1239 2084 omnia
1269 2055 1368 2100 quae
1399 2040 1624 2084 habebant

226 2120 405 2170 propter
426 2114 589 2164 Deum,
613 2110 900 2154 verumetiam
923 2110 1086 2153 animas
1115 2124 1211 2153 suas
1233 2129 1241 2153 :
1269 2119 1311 2153 et
1329 2113 1442 2153 Deus
1461 2125 1533 2154 eos
1550 2110 1621 2154 hic

228 2179 365 2225 claros
395 2178 516 2232 fecit,
541 2188 584 2222 et
607 2188 781 2222 aeternae
804 2180 903 2222 vitae
932 2184 1282 2222 remuneratione
1314 2179 1478 2222 ditavit.
1504 2178 1621 2230 Quid

230 2249 336 2305 tale,
369 2248 661 2303 dilectissimi,
706 2248 915 2302 fecimus,
954 2250 1042 2293 imo
1076 2264 1099 2292 e
1127 2248 1343 2293 contrario
1380 2263 1479 2306 quae
1508 2247 1621 2291 mala

232 2334 323 2363 non
346 2320 530 2364 fecimus
549 2321 566 2363 Ξ)
590 2319 660 2363 Illi
681 2335 760 2364 nec
781 2320 907 2363 minis
929 2334 1008 2363 nec
1038 2318 1263 2363 tormentis
1293 2318 1496 2362 conventi
1526 2316 1620 2360 dae-

234 2390 392 2434 moniis
423 2391 788 2435 sacrificaverunt.
820 2393 981 2435 Annon
1015 2389 1267 2434 sacrificavit
1284 2423 1294 2443 ,
1320 2389 1395 2448 qui
1416 2389 1621 2445 imagines

234 2458 450 2505 idolorum
476 2476 553 2519 per
574 2470 746 2506 noctem
765 2460 982 2517 ludenteS,
1006 2460 1125 2520 quod
1144 2462 1416 2506 Nocturnum
1434 2466 1615 2512 vocant,

283 2557 290 2573 ¹
314 2553 391 2584 Dan.
414 2560 481 2590 xiv,
503 2551 542 2582 30
561 2568 601 2574 —-
622 2558 633 2574 ²
653 2553 699 2583 Id.
722 2563 769 2591 ιιι,
789 2552 844 2591 23,
865 2556 927 2583 ete.
