1729 3143
566 221 622 249 DE
653 221 821 268 anunm,
856 221 939 249 un.
973 220 1022 248 11.
1402 207 1487 249 459

109 302 190 348 pus
207 322 219 343 ‚
250 284 428 347 propter
448 285 814 343 mutabilitatem3
839 287 942 347 quia
963 285 1078 331 solus
1104 287 1219 330 Deus
1242 285 1487 331 incommu-

108 357 251 403 tabilis
273 367 361 414 est,
387 359 461 418 qui
481 367 545 403 est
567 367 666 403 ante
683 367 894 416 tempora.

166 430 290 472 VIII.
325 431 452 474 Nunc
471 428 697 473 videamus
715 436 813 486 post
834 426 1044 470 universae
1064 435 1274 471 creaturae
1294 425 1490 472 insinua-

105 499 271 543 tionem
291 508 380 543 tam
403 499 732 559 visibilis‘quam
749 497 976 543 invisibilis
992 532 1003 552 ‚
1028 507 1071 542 et
1093 497 1334 544 universale
1353 497 1491 542 bene-

105 570 255 615 ficium
284 569 420 614 divini
448 570 581 616 fontis
607 585 705 628 erga
731 568 992 614 invisibilem
1015 578 1254 613 creaturam
1271 603 1283 624 ,
1307 569 1415 630 quid
1436 570 1491 614 de

104 639 284 684 homine
305 640 551 700 specialiter
572 641 798 685 intimetur
812 674 824 694 ,
848 639 970 700 quod
992 637 1047 683 ad
1063 654 1141 684 nos
1159 639 1344 683 maxime
1360 640 1490 699 perti-

103 718 195 754 net.
221 709 366 754 Primo
382 711 497 754 enim
513 709 635 770 quod
647 709 701 754 de
719 709 824 754 limo
838 719 964 754 terrae
979 712 1093 754 Deus
1106 709 1330 754 hominem
1344 710 1487 766 finxit,

102 779 213 826 solet
233 781 394 825 habere
416 782 702 841 quaestionem
721 780 860 841 qualis
877 780 950 825 ille
971 780 1100 824 limus
1124 779 1255 826 fuerit
1269 816 1280 836 ‚
1307 780 1375 825 vel
1391 796 1490 842 quae

103 851 282 896 materia
305 851 482 896 nomine
503 852 595 896 limi
617 852 856 911 significata
879 853 946 896 sit.
973 850 1043 907 Illi
1065 860 1211 895 autem
1233 852 1395 896 inimici
1415 866 1490 897 ve-

101 930 245 966 terum
264 921 477 967 librorum
492 958 504 976 ,
532 922 676 964 omnia
698 921 928 964 carnaliter
953 921 1172 964 intuentes
1188 954 1200 976 ‚
1240 930 1284 965 et
1310 931 1489 981 propte-

101 1007 174 1036 rea
194 1007 365 1051 semper
385 1000 576 1036 errantes
591 1025 602 1046 ‚
633 991 761 1035 etiam
783 991 872 1035 hoc'
887 989 1207 1050 reprehendere
1227 991 1489 1037 mordaciter

101 1061 243 1107 solent
254 1097 266 1118 ,
298 1061 419 1122 quod
435 1061 490 1106 de
506 1061 612 1106 limo
628 1064 742 1106 Deus
762 1061 988 1115 hominem
1003 1061 1144 1105 finxit.
1169 1062 1329 1108 Dicunt
1348 1068 1484 1110 enim:

101 1133 247 1186 Quare
261 1132 316 1177 de
332 1132 438 1178 limo
459 1132 561 1178 fecit
574 1137 687 1178 Deus
708 1134 931 1178 hominem
947 1134 965 1177 Ρ
983 1135 1051 1178 An
1064 1132 1264 1177 defuerat
1280 1134 1319 1177 ei
1335 1133 1490 1181 melior

103 1210 148 1246 et
176 1201 363 1246 coelestis
395 1203 600 1259 materia,
635 1202 755 1247 unde
781 1203 1005 1248 hominem
1031 1202 1218 1258 faceret,
1244 1212 1294 1267 ut
1315 1203 1370 1248 de
1389 1203 1490 1250 labe

103 1280 274 1316 terrena
294 1280 384 1317 tam
401 1270 601 1332 fragilem
622 1272 939 1333 mortalemque
959 1272 1183 1318 formaret.
1208 1275 1306 1319 Non
1327 1273 1490 1319 intelli-

102 1351 250 1402 gentes
280 1343 419 1402 primo
439 1358 573 1404 quam
598 1343 746 1389 multis
767 1344 1157 1404 significationibus
1185 1342 1256 1389 vel
1283 1353 1395 1390 terra
1418 1346 1489 1391 vel

100 1428 213 1473 aqua
245 1413 294 1456 in
323 1413 555 1473 Scripturis
582 1423 801 1473 ponatur:
825 1414 956 1458 limus
984 1415 1099 1459 enim
1134 1429 1260 1474 aquae
1288 1423 1331 1459 et
1361 1424 1489 1460 terrae

100 1483 350 1528 commixtio
375 1493 454 1528 est.
480 1484 671 1529 Dicimus
694 1485 811 1529 enim
833 1484 1035 1529 tabidum
1055 1493 1099 1529 et
1120 1483 1273 1544 fragile
1297 1494 1341 1530 et
1359 1487 1489 1531 morti

100 1553 365 1598 destinatum
384 1570 540 1615 corpus
556 1555 800 1600 humanum
821 1563 918 1615 post
932 1564 1162 1615 peccatum
1179 1570 1268 1600 esse
1289 1556 1484 1616 coepisse.

99 1626 198 1670 Non
218 1625 397 1669 enimin
420 1634 568 1670 nostro
590 1640 771 1685 corpore
798 1626 866 1670 isti
886 1626 1200 1670 exhorrescunt
1219 1626 1300 1670 nisi
1320 1635 1487 1672 morta-

97 1694 281 1751 litatem,
298 1712 430 1756 quam
446 1698 726 1742 damnatione
738 1697 991 1741 meruimus.
1007 1696 1125 1751 Quid
1138 1706 1284 1742 autem
1302 1698 1484 1755 mirum,

99 1774 175 1810 aut
196 1764 374 1812 difficile
396 1771 485 1812 Deo
502 1802 514 1821 ‚
548 1768 715 1813 etiamsi
746 1768 801 1812 de
832 1767 938 1813 limo
967 1768 1090 1812 istius
1117 1777 1243 1812 terrae
1263 1769 1487 1814 hominem

98 1835 202 1880 fecit
218 1870 230 1891 ‚
260 1836 347 1881 tale
375 1845 523 1881 tamen
552 1853 710 1897 corpus
738 1839 829 1898 ejus
851 1838 1023 1883 efficere
1041 1873 1052 1894 ‚
1076 1838 1199 1898 quod
1219 1840 1487 1899 corruptioni

100 1921 191 1950 non
212 1907 478 1967 subjaceret,
504 1908 537 1951 si
558 1908 691 1952 homo
719 1917 988 1967 praeceptum
1010 1909 1087 1952 Dei
1112 1908 1360 1953 custodiens
1383 1924 1487 1968 pec·-

98 1991 196 2021 care
217 1976 460 2022 noluisset?
485 1978 528 2023 Si
550 1978 667 2022 enim
688 1979 875 2037 speciem
897 1977 1000 2022 coeli
1021 1978 1153 2037 ipsius
1170 1977 1225 2022 de
1243 1978 1396 2034 nihilo,
1415 1978 1486 2024 vel

96 2046 153 2091 de
174 2046 352 2092 informi
380 2049 558 2092 materia
586 2048 768 2092 dicimus
795 2046 956 2093 factam
972 2083 984 2104 ,
1014 2048 1116 2108 quia
1138 2048 1484 2107 omnipotentem

96 2118 307 2163 artificem
324 2118 541 2163 credimus
560 2139 571 2177 3
595 2118 703 2179 quid
721 2119 880 2164 mirum
901 2120 936 2164 si
958 2135 1137 2179 corpus,
1162 2120 1282 2180 quod
1304 2118 1359 2164 de
1380 2120 1485 2165 limo

73 2188 409 2251 ‘qualicumque
432 2189 598 2235 lactum
620 2199 684 2234 est
700 2224 711 2245 ,
744 2191 889 2250 potuit
916 2191 971 2235 ab
1000 2191 1293 2251 omnipotenti
1320 2191 1485 2237 artifice

93 2259 181 2304 tale
211 2261 330 2317 fieri,
366 2270 417 2305 ut
442 2260 565 2305 nulla
598 2261 820 2317 molestia,
857 2260 979 2307 nulla
1001 2260 1242 2321 indigentia
1271 2262 1484 2308 cruciaret

93 2329 318 2375 hominem
346 2339 447 2383 ante
482 2340 711 2391 peccatum
725 2366 737 2387 ‚
773 2340 817 2377 et
847 2331 971 2378 nulla
1011 2332 1295 2392 corruptione
1333 2333 1480 2379 tabes—

95 2401 245 2444 ceret?

154 2473 233 2515 IX.
266 2473 419 2531 Itaque
449 2471 670 2532 superflue
697 2472 934 2533 quaeritur,
968 2473 1086 2519 unde
1113 2473 1302 2519 hominis
1321 2489 1479 2534 corpus

97 2543 209 2585 Deus
232 2539 411 2600 fecerit3
441 2541 476 2587 si
504 2550 649 2588 tamen
666 2557 785 2588 nunc
804 2541 858 2589 de
879 2545 1072 2604 corporis
1092 2542 1352 2592 formatione
1370 2544 1478 2591 dici-
