<?xml version="1.0" encoding="UTF-8"?>
<!DOCTYPE html PUBLIC "-//W3C//DTD XHTML 1.0 Transitional//EN"
    "http://www.w3.org/TR/xhtml1/DTD/xhtml1-transitional.dtd">
<html xmlns="http://www.w3.org/1999/xhtml" xml:lang="en" lang="en">
 <head>
  <title>
</title>
<meta http-equiv="Content-Type" content="text/html;charset=utf-8" />
  <meta name='ocr-system' content='tesseract 3.04.00' />
  <meta name='ocr-capabilities' content='ocr_page ocr_carea ocr_par ocr_line ocrx_word'/>
</head>
<body>
  <div class='ocr_page' id='page_1' title='image "./operaomniaaccura27auguuoft/operaomniaaccura27auguuoft_0085.png"; bbox 0 0 1729 3143; ppageno 0'>
   <div class='ocr_carea' id='block_1_1' title="bbox 445 206 1410 254">
    <p class='ocr_par' dir='ltr' id='par_1_1' title="bbox 445 206 1410 254">
     <span class='ocr_line' id='line_1_1' title="bbox 445 206 1410 254; baseline 0.003 -12"><span class='ocrx_word' id='word_1_1' title='bbox 445 213 502 242; x_wconf 67' lang='lat' dir='ltr'>ns</span> <span class='ocrx_word' id='word_1_2' title='bbox 529 214 741 254; x_wconf 67' lang='grc' dir='ltr'>εΥΜΒοιο,</span> <span class='ocrx_word' id='word_1_3' title='bbox 774 214 913 243; x_wconf 59' lang='lat' dir='ltr'>sumo</span> <span class='ocrx_word' id='word_1_4' title='bbox 944 215 1011 243; x_wconf 91' lang='lat'>111.</span> <span class='ocrx_word' id='word_1_5' title='bbox 1354 206 1410 245; x_wconf 81' lang='lat'>75</span> 
     </span>
    </p>
   </div>
   <div class='ocr_carea' id='block_1_2' title="bbox 15 277 1418 2585">
    <p class='ocr_par' dir='ltr' id='par_1_2' title="bbox 15 277 1418 2585">
     <span class='ocr_line' id='line_1_2' title="bbox 28 277 1412 338; baseline 0.001 -15"><span class='ocrx_word' id='word_1_6' title='bbox 28 279 97 324; x_wconf 92' lang='lat' dir='ltr'>los</span> <span class='ocrx_word' id='word_1_7' title='bbox 128 292 206 322; x_wconf 87' lang='lat' dir='ltr'>sua</span> <span class='ocrx_word' id='word_1_8' title='bbox 239 277 431 338; x_wconf 89' lang='lat' dir='ltr'>quadam</span> <span class='ocrx_word' id='word_1_9' title='bbox 465 293 572 324; x_wconf 87' lang='lat' dir='ltr'>voce</span> <span class='ocrx_word' id='word_1_10' title='bbox 607 278 827 324; x_wconf 87' lang='lat' dir='ltr'><strong>convincit</strong></span> <span class='ocrx_word' id='word_1_11' title='bbox 841 313 852 334; x_wconf 92' lang='lat'>‚</span> <span class='ocrx_word' id='word_1_12' title='bbox 887 286 931 323; x_wconf 93' lang='lat' dir='ltr'>et</span> <span class='ocrx_word' id='word_1_13' title='bbox 952 278 1140 326; x_wconf 83' lang='lat' dir='ltr'>animam</span> <span class='ocrx_word' id='word_1_14' title='bbox 1166 292 1412 338; x_wconf 84' lang='lat' dir='ltr'><strong>perversam</strong></span> 
     </span>
     <span class='ocr_line' id='line_1_3' title="bbox 18 349 1415 410; baseline -0.001 -14"><span class='ocrx_word' id='word_1_15' title='bbox 18 350 258 409; x_wconf 19' lang='lat' dir='ltr'>&#39;increpans</span> <span class='ocrx_word' id='word_1_16' title='bbox 280 350 385 394; x_wconf 88' lang='lat' dir='ltr'>dicit</span> <span class='ocrx_word' id='word_1_17' title='bbox 407 369 416 395; x_wconf 78' lang='lat'>2</span> <span class='ocrx_word' id='word_1_18' title='bbox 451 350 567 403; x_wconf 87' lang='lat' dir='ltr'>Quid</span> <span class='ocrx_word' id='word_1_19' title='bbox 589 358 653 394; x_wconf 92' lang='lat' dir='ltr'>est</span> <span class='ocrx_word' id='word_1_20' title='bbox 669 384 680 404; x_wconf 82' lang='grc'>,</span> <span class='ocrx_word' id='word_1_21' title='bbox 705 349 859 394; x_wconf 88' lang='lat' dir='ltr'>misera</span> <span class='ocrx_word' id='word_1_22' title='bbox 875 384 887 405; x_wconf 88' lang='lat'>‚</span> <span class='ocrx_word' id='word_1_23' title='bbox 911 350 1033 410; x_wconf 92' lang='lat' dir='ltr'>quod</span> <span class='ocrx_word' id='word_1_24' title='bbox 1053 365 1168 395; x_wconf 88' lang='lat' dir='ltr'>erras</span> <span class='ocrx_word' id='word_1_25' title='bbox 1189 349 1234 395; x_wconf 86' lang='lat' dir='ltr'>in</span> <span class='ocrx_word' id='word_1_26' title='bbox 1254 365 1346 407; x_wconf 85' lang='lat' dir='ltr'>me,</span> <span class='ocrx_word' id='word_1_27' title='bbox 1369 361 1415 395; x_wconf 86' lang='lat' dir='ltr'>et</span> 
     </span>
     <span class='ocr_line' id='line_1_4' title="bbox 15 419 1413 479; baseline 0.001 -15"><span class='ocrx_word' id='word_1_28' title='bbox 15 420 220 478; x_wconf 15' lang='lat' dir='ltr'>‘degener</span> <span class='ocrx_word' id='word_1_29' title='bbox 241 420 357 465; x_wconf 72' lang='lat' dir='ltr'>facta</span> <span class='ocrx_word' id='word_1_30' title='bbox 379 419 514 465; x_wconf 80' lang='lat' dir='ltr'>oblita</span> <span class='ocrx_word' id='word_1_31' title='bbox 532 435 576 463; x_wconf 88' lang='lat' dir='ltr'>es</span> <span class='ocrx_word' id='word_1_32' title='bbox 597 435 620 463; x_wconf 91' lang='lat' dir='ltr'>a</span> <span class='ocrx_word' id='word_1_33' title='bbox 641 434 731 479; x_wconf 84' lang='lat' dir='ltr'>quo</span> <span class='ocrx_word' id='word_1_34' title='bbox 752 429 916 478; x_wconf 84' lang='lat' dir='ltr'>quanta</span> <span class='ocrx_word' id='word_1_35' title='bbox 941 429 1084 465; x_wconf 88' lang='lat' dir='ltr'>creata</span> <span class='ocrx_word' id='word_1_36' title='bbox 1106 421 1160 465; x_wconf 88' lang='lat' dir='ltr'>sis</span> <span class='ocrx_word' id='word_1_37' title='bbox 1178 455 1191 476; x_wconf 84' lang='lat'>‚</span> <span class='ocrx_word' id='word_1_38' title='bbox 1226 421 1298 464; x_wconf 88' lang='lat' dir='ltr'>cui</span> <span class='ocrx_word' id='word_1_39' title='bbox 1319 437 1413 466; x_wconf 88' lang='lat' dir='ltr'>coe-</span> 
     </span>
     <span class='ocr_line' id='line_1_5' title="bbox 28 490 1413 552; baseline 0 -15"><span class='ocrx_word' id='word_1_40' title='bbox 28 491 121 537; x_wconf 83' lang='lat' dir='ltr'>lum</span> <span class='ocrx_word' id='word_1_41' title='bbox 141 501 184 537; x_wconf 87' lang='lat' dir='ltr'>et</span> <span class='ocrx_word' id='word_1_42' title='bbox 205 501 317 536; x_wconf 89' lang='lat' dir='ltr'>terra</span> <span class='ocrx_word' id='word_1_43' title='bbox 339 501 427 536; x_wconf 88' lang='lat' dir='ltr'>tam</span> <span class='ocrx_word' id='word_1_44' title='bbox 447 491 632 550; x_wconf 85' lang='lat' dir='ltr'>pulchra</span> <span class='ocrx_word' id='word_1_45' title='bbox 653 490 808 535; x_wconf 90' lang='lat' dir='ltr'>domus</span> <span class='ocrx_word' id='word_1_46' title='bbox 827 490 958 536; x_wconf 91' lang='lat' dir='ltr'>nullis</span> <span class='ocrx_word' id='word_1_47' title='bbox 980 492 1141 536; x_wconf 85' lang='lat' dir='ltr'>meritis</span> <span class='ocrx_word' id='word_1_48' title='bbox 1158 492 1413 552; x_wconf 78' lang='lat' dir='ltr'>praeceden-</span> 
     </span>
     <span class='ocr_line' id='line_1_6' title="bbox 27 559 1417 623; baseline 0.002 -18"><span class='ocrx_word' id='word_1_49' title='bbox 27 561 144 606; x_wconf 83' lang='lat' dir='ltr'>tibus</span> <span class='ocrx_word' id='word_1_50' title='bbox 160 570 409 606; x_wconf 85' lang='lat' dir='ltr'>constructa</span> <span class='ocrx_word' id='word_1_51' title='bbox 432 562 532 605; x_wconf 84' lang='lat' dir='ltr'>est?</span> <span class='ocrx_word' id='word_1_52' title='bbox 563 559 849 619; x_wconf 87' lang='lat' dir='ltr'>Respondent</span> <span class='ocrx_word' id='word_1_53' title='bbox 865 569 909 604; x_wconf 90' lang='lat' dir='ltr'>et</span> <span class='ocrx_word' id='word_1_54' title='bbox 929 561 1100 619; x_wconf 85' lang='lat' dir='ltr'>singula</span> <span class='ocrx_word' id='word_1_55' title='bbox 1122 577 1310 623; x_wconf 81' lang='lat' dir='ltr'>quaeque</span> <span class='ocrx_word' id='word_1_56' title='bbox 1323 563 1417 608; x_wconf 89' lang='lat' dir='ltr'>ele-</span> 
     </span>
     <span class='ocr_line' id='line_1_7' title="bbox 27 630 1416 690; baseline 0.003 -15"><span class='ocrx_word' id='word_1_57' title='bbox 27 641 174 676; x_wconf 83' lang='lat' dir='ltr'>menta</span> <span class='ocrx_word' id='word_1_58' title='bbox 192 630 427 675; x_wconf 89' lang='lat' dir='ltr'>clamantia</span> <span class='ocrx_word' id='word_1_59' title='bbox 445 665 462 686; x_wconf 86' lang='lat'><em>,</em></span> <span class='ocrx_word' id='word_1_60' title='bbox 502 639 544 675; x_wconf 91' lang='lat' dir='ltr'>et</span> <span class='ocrx_word' id='word_1_61' title='bbox 573 631 674 689; x_wconf 90' lang='lat' dir='ltr'>ipsis</span> <span class='ocrx_word' id='word_1_62' title='bbox 702 631 792 675; x_wconf 84' lang='lat' dir='ltr'>suis</span> <span class='ocrx_word' id='word_1_63' title='bbox 819 631 1025 690; x_wconf 85' lang='lat' dir='ltr'>operibus</span> <span class='ocrx_word' id='word_1_64' title='bbox 1052 645 1180 675; x_wconf 92' lang='lat' dir='ltr'>suum</span> <span class='ocrx_word' id='word_1_65' title='bbox 1213 632 1416 679; x_wconf 88' lang='lat' dir='ltr'>demons-</span> 
     </span>
     <span class='ocr_line' id='line_1_8' title="bbox 26 701 1415 760; baseline 0 -12"><span class='ocrx_word' id='word_1_66' title='bbox 26 701 185 749; x_wconf 79' lang='lat' dir='ltr'>trantia</span> <span class='ocrx_word' id='word_1_67' title='bbox 205 701 431 745; x_wconf 87' lang='lat' dir='ltr'>artificem.</span> <span class='ocrx_word' id='word_1_68' title='bbox 459 702 633 747; x_wconf 28' lang='lat' dir='ltr'>*Clamat</span> <span class='ocrx_word' id='word_1_69' title='bbox 654 701 819 747; x_wconf 88' lang='lat' dir='ltr'>coelum</span> <span class='ocrx_word' id='word_1_70' title='bbox 845 721 855 747; x_wconf 88' lang='lat'>:</span> <span class='ocrx_word' id='word_1_71' title='bbox 887 704 987 748; x_wconf 91' lang='lat' dir='ltr'>Non</span> <span class='ocrx_word' id='word_1_72' title='bbox 1007 716 1104 746; x_wconf 89' lang='lat' dir='ltr'>sum</span> <span class='ocrx_word' id='word_1_73' title='bbox 1133 704 1246 746; x_wconf 92' lang='lat' dir='ltr'>Deus</span> <span class='ocrx_word' id='word_1_74' title='bbox 1272 723 1283 760; x_wconf 77' lang='lat'>3</span> <span class='ocrx_word' id='word_1_75' title='bbox 1314 720 1415 748; x_wconf 91' lang='lat' dir='ltr'>nam</span> 
     </span>
     <span class='ocr_line' id='line_1_9' title="bbox 19 770 1413 831; baseline 0.002 -16"><span class='ocrx_word' id='word_1_76' title='bbox 19 771 61 816; x_wconf 86' lang='lat' dir='ltr'>si</span> <span class='ocrx_word' id='word_1_77' title='bbox 83 773 198 815; x_wconf 92' lang='lat' dir='ltr'>Deus</span> <span class='ocrx_word' id='word_1_78' title='bbox 219 786 353 815; x_wconf 90' lang='lat' dir='ltr'>essem</span> <span class='ocrx_word' id='word_1_79' title='bbox 374 805 386 826; x_wconf 86' lang='lat'>‚</span> <span class='ocrx_word' id='word_1_80' title='bbox 417 770 538 816; x_wconf 90' lang='lat' dir='ltr'>nulla</span> <span class='ocrx_word' id='word_1_81' title='bbox 563 787 633 816; x_wconf 91' lang='lat' dir='ltr'>me</span> <span class='ocrx_word' id='word_1_82' title='bbox 655 771 872 819; x_wconf 75' lang='lat' dir='ltr'>nubilatio</span> <span class='ocrx_word' id='word_1_83' title='bbox 891 772 1156 817; x_wconf 85' lang='lat' dir='ltr'>obumbrare</span> <span class='ocrx_word' id='word_1_84' title='bbox 1175 772 1388 831; x_wconf 89' lang='lat' dir='ltr'>potuisset</span> <span class='ocrx_word' id='word_1_85' title='bbox 1403 809 1413 829; x_wconf 88' lang='lat'>‚</span> 
     </span>
     <span class='ocr_line' id='line_1_10' title="bbox 24 841 1416 901; baseline 0.003 -16"><span class='ocrx_word' id='word_1_86' title='bbox 24 855 105 885; x_wconf 91' lang='lat' dir='ltr'>nec</span> <span class='ocrx_word' id='word_1_87' title='bbox 126 841 321 885; x_wconf 78' lang='lat' dir='ltr'>tenebrae</span> <span class='ocrx_word' id='word_1_88' title='bbox 344 841 628 886; x_wconf 85' lang='lat' dir='ltr'>succederent</span> <span class='ocrx_word' id='word_1_89' title='bbox 649 842 738 886; x_wconf 88' lang='lat' dir='ltr'>luci</span> <span class='ocrx_word' id='word_1_90' title='bbox 763 857 901 899; x_wconf 78' lang='lat' dir='ltr'>meae3</span> <span class='ocrx_word' id='word_1_91' title='bbox 925 841 999 886; x_wconf 89' lang='lat' dir='ltr'>sed</span> <span class='ocrx_word' id='word_1_92' title='bbox 1027 842 1102 886; x_wconf 86' lang='lat' dir='ltr'>lux</span> <span class='ocrx_word' id='word_1_93' title='bbox 1122 842 1291 901; x_wconf 85' lang='lat' dir='ltr'>integra</span> <span class='ocrx_word' id='word_1_94' title='bbox 1309 878 1321 899; x_wconf 87' lang='lat'>‚</span> <span class='ocrx_word' id='word_1_95' title='bbox 1345 844 1416 889; x_wconf 86' lang='lat' dir='ltr'>in·-</span> 
     </span>
     <span class='ocr_line' id='line_1_11' title="bbox 17 911 1416 972; baseline 0.001 -17"><span class='ocrx_word' id='word_1_96' title='bbox 17 920 225 969; x_wconf 83' lang='lat' dir='ltr'>corrupta</span> <span class='ocrx_word' id='word_1_97' title='bbox 245 946 256 967; x_wconf 82' lang='grc'><em>,</em></span> <span class='ocrx_word' id='word_1_98' title='bbox 295 911 592 972; x_wconf 80' lang='lat' dir='ltr'>inviolataque</span> <span class='ocrx_word' id='word_1_99' title='bbox 627 912 853 957; x_wconf 82' lang='lat' dir='ltr'>mansisset</span> <span class='ocrx_word' id='word_1_100' title='bbox 876 947 887 968; x_wconf 90' lang='lat'>,</span> <span class='ocrx_word' id='word_1_101' title='bbox 934 913 1045 957; x_wconf 90' lang='lat' dir='ltr'>sicut</span> <span class='ocrx_word' id='word_1_102' title='bbox 1066 922 1214 957; x_wconf 87' lang='lat' dir='ltr'>manet</span> <span class='ocrx_word' id='word_1_103' title='bbox 1236 913 1312 957; x_wconf 85' lang='lat' dir='ltr'>lux</span> <span class='ocrx_word' id='word_1_104' title='bbox 1342 913 1416 957; x_wconf 89' lang='lat' dir='ltr'>illa</span> 
     </span>
     <span class='ocr_line' id='line_1_12' title="bbox 21 981 1418 1043; baseline 0.001 -17"><span class='ocrx_word' id='word_1_105' title='bbox 21 995 122 1026; x_wconf 72' lang='lat' dir='ltr'>-vera</span> <span class='ocrx_word' id='word_1_106' title='bbox 143 996 243 1040; x_wconf 82' lang='lat' dir='ltr'>quae</span> <span class='ocrx_word' id='word_1_107' title='bbox 263 981 390 1026; x_wconf 87' lang='lat' dir='ltr'>istam</span> <span class='ocrx_word' id='word_1_108' title='bbox 410 981 556 1026; x_wconf 88' lang='lat' dir='ltr'>lucem</span> <span class='ocrx_word' id='word_1_109' title='bbox 577 983 864 1042; x_wconf 82' lang='lat' dir='ltr'>temporalem</span> <span class='ocrx_word' id='word_1_110' title='bbox 891 983 1053 1028; x_wconf 84' lang='lat' dir='ltr'>creavit</span> <span class='ocrx_word' id='word_1_111' title='bbox 1075 984 1120 1027; x_wconf 91' lang='lat' dir='ltr'>in</span> <span class='ocrx_word' id='word_1_112' title='bbox 1142 998 1212 1027; x_wconf 87' lang='lat' dir='ltr'>me</span> <span class='ocrx_word' id='word_1_113' title='bbox 1239 993 1418 1043; x_wconf 90' lang='lat' dir='ltr'>propter</span> 
     </span>
     <span class='ocr_line' id='line_1_13' title="bbox 19 1049 1416 1111; baseline 0.002 -17"><span class='ocrx_word' id='word_1_114' title='bbox 19 1059 77 1094; x_wconf 82' lang='lat' dir='ltr'>te.</span> <span class='ocrx_word' id='word_1_115' title='bbox 105 1049 277 1095; x_wconf 87' lang='lat' dir='ltr'>Clamat</span> <span class='ocrx_word' id='word_1_116' title='bbox 298 1060 341 1094; x_wconf 91' lang='lat' dir='ltr'>et</span> <span class='ocrx_word' id='word_1_117' title='bbox 360 1050 448 1095; x_wconf 86' lang='lat' dir='ltr'>sol:</span> <span class='ocrx_word' id='word_1_118' title='bbox 467 1052 585 1104; x_wconf 88' lang='lat' dir='ltr'>Quid</span> <span class='ocrx_word' id='word_1_119' title='bbox 605 1067 692 1106; x_wconf 88' lang='lat' dir='ltr'>me,</span> <span class='ocrx_word' id='word_1_120' title='bbox 713 1053 863 1108; x_wconf 87' lang='lat' dir='ltr'>homo,</span> <span class='ocrx_word' id='word_1_121' title='bbox 888 1053 995 1097; x_wconf 92' lang='lat' dir='ltr'>colis</span> <span class='ocrx_word' id='word_1_122' title='bbox 1017 1062 1069 1097; x_wconf 89' lang='lat' dir='ltr'>ut</span> <span class='ocrx_word' id='word_1_123' title='bbox 1090 1056 1231 1097; x_wconf 87' lang='lat' dir='ltr'>Deum</span> <span class='ocrx_word' id='word_1_124' title='bbox 1248 1088 1258 1108; x_wconf 85' lang='lat'>‚</span> <span class='ocrx_word' id='word_1_125' title='bbox 1284 1069 1416 1111; x_wconf 85' lang='lat' dir='ltr'>quem</span> 
     </span>
     <span class='ocr_line' id='line_1_14' title="bbox 17 1117 1413 1178; baseline 0.003 -16"><span class='ocrx_word' id='word_1_126' title='bbox 17 1117 139 1163; x_wconf 91' lang='lat' dir='ltr'>vides</span> <span class='ocrx_word' id='word_1_127' title='bbox 161 1126 262 1162; x_wconf 89' lang='lat' dir='ltr'>ortu</span> <span class='ocrx_word' id='word_1_128' title='bbox 283 1132 530 1177; x_wconf 87' lang='lat' dir='ltr'>occasuque</span> <span class='ocrx_word' id='word_1_129' title='bbox 550 1117 788 1163; x_wconf 81' lang='lat' dir='ltr'>concludi?</span> <span class='ocrx_word' id='word_1_130' title='bbox 812 1122 927 1163; x_wconf 93' lang='lat' dir='ltr'>Deus</span> <span class='ocrx_word' id='word_1_131' title='bbox 963 1134 1044 1163; x_wconf 90' lang='lat' dir='ltr'>nec</span> <span class='ocrx_word' id='word_1_132' title='bbox 1080 1129 1225 1165; x_wconf 90' lang='lat' dir='ltr'>ortum</span> <span class='ocrx_word' id='word_1_133' title='bbox 1251 1122 1387 1167; x_wconf 88' lang='lat' dir='ltr'>habet</span> <span class='ocrx_word' id='word_1_134' title='bbox 1402 1159 1413 1178; x_wconf 82' lang='grc'>,</span> 
     </span>
     <span class='ocr_line' id='line_1_15' title="bbox 15 1186 1416 1249; baseline 0.001 -15"><span class='ocrx_word' id='word_1_135' title='bbox 15 1202 100 1235; x_wconf 85' lang='lat' dir='ltr'>nec</span> <span class='ocrx_word' id='word_1_136' title='bbox 117 1188 347 1232; x_wconf 80' lang='lat' dir='ltr'>occasum?</span> <span class='ocrx_word' id='word_1_137' title='bbox 369 1187 446 1232; x_wconf 92' lang='lat' dir='ltr'>sed</span> <span class='ocrx_word' id='word_1_138' title='bbox 474 1196 524 1232; x_wconf 88' lang='lat' dir='ltr'>tu</span> <span class='ocrx_word' id='word_1_139' title='bbox 544 1186 670 1232; x_wconf 84' lang='lat' dir='ltr'>illum</span> <span class='ocrx_word' id='word_1_140' title='bbox 694 1189 935 1233; x_wconf 88' lang='lat' dir='ltr'>deserendo</span> <span class='ocrx_word' id='word_1_141' title='bbox 956 1205 1167 1249; x_wconf 84' lang='lat' dir='ltr'>magnum</span> <span class='ocrx_word' id='word_1_142' title='bbox 1198 1192 1416 1236; x_wconf 84' lang='lat' dir='ltr'>incurristi</span> 
     </span>
     <span class='ocr_line' id='line_1_16' title="bbox 18 1257 1412 1319; baseline 0.002 -17"><span class='ocrx_word' id='word_1_143' title='bbox 18 1272 184 1302; x_wconf 86' lang='lat' dir='ltr'>casum.</span> <span class='ocrx_word' id='word_1_144' title='bbox 209 1258 296 1303; x_wconf 90' lang='lat' dir='ltr'>Sed</span> <span class='ocrx_word' id='word_1_145' title='bbox 310 1257 555 1302; x_wconf 86' lang='lat' dir='ltr'>consideras</span> <span class='ocrx_word' id='word_1_146' title='bbox 572 1273 780 1318; x_wconf 85' lang='lat' dir='ltr'>magnum</span> <span class='ocrx_word' id='word_1_147' title='bbox 797 1268 930 1319; x_wconf 87' lang='lat' dir='ltr'>atque</span> <span class='ocrx_word' id='word_1_148' title='bbox 946 1258 1189 1303; x_wconf 87' lang='lat' dir='ltr'>mirabilem</span> <span class='ocrx_word' id='word_1_149' title='bbox 1212 1276 1302 1306; x_wconf 91' lang='lat' dir='ltr'>esse</span> <span class='ocrx_word' id='word_1_150' title='bbox 1320 1277 1412 1306; x_wconf 86' lang='lat' dir='ltr'>me:</span> 
     </span>
     <span class='ocr_line' id='line_1_17' title="bbox 18 1328 1416 1390; baseline 0.003 -18"><span class='ocrx_word' id='word_1_151' title='bbox 18 1342 98 1385; x_wconf 88' lang='lat' dir='ltr'>ego</span> <span class='ocrx_word' id='word_1_152' title='bbox 120 1336 265 1371; x_wconf 90' lang='lat' dir='ltr'>autem</span> <span class='ocrx_word' id='word_1_153' title='bbox 289 1342 478 1385; x_wconf 85' lang='lat' dir='ltr'>agnosco</span> <span class='ocrx_word' id='word_1_154' title='bbox 509 1328 672 1371; x_wconf 86' lang='lat' dir='ltr'>habere</span> <span class='ocrx_word' id='word_1_155' title='bbox 706 1344 836 1387; x_wconf 90' lang='lat' dir='ltr'>super</span> <span class='ocrx_word' id='word_1_156' title='bbox 859 1345 929 1373; x_wconf 91' lang='lat' dir='ltr'>me</span> <span class='ocrx_word' id='word_1_157' title='bbox 947 1364 959 1384; x_wconf 85' lang='lat'>‚</span> <span class='ocrx_word' id='word_1_158' title='bbox 984 1330 1063 1390; x_wconf 88' lang='lat' dir='ltr'>qui</span> <span class='ocrx_word' id='word_1_159' title='bbox 1091 1340 1134 1374; x_wconf 90' lang='lat' dir='ltr'>et</span> <span class='ocrx_word' id='word_1_160' title='bbox 1163 1346 1232 1375; x_wconf 90' lang='lat' dir='ltr'>me</span> <span class='ocrx_word' id='word_1_161' title='bbox 1254 1332 1416 1376; x_wconf 86' lang='lat' dir='ltr'>creavit</span> 
     </span>
     <span class='ocr_line' id='line_1_18' title="bbox 15 1396 1414 1456; baseline 0.004 -15"><span class='ocrx_word' id='word_1_162' title='bbox 15 1405 62 1441; x_wconf 86' lang='lat' dir='ltr'>et</span> <span class='ocrx_word' id='word_1_163' title='bbox 89 1405 147 1440; x_wconf 89' lang='lat' dir='ltr'>te.</span> <span class='ocrx_word' id='word_1_164' title='bbox 174 1398 286 1441; x_wconf 90' lang='lat' dir='ltr'>Cum</span> <span class='ocrx_word' id='word_1_165' title='bbox 318 1406 466 1440; x_wconf 89' lang='lat' dir='ltr'>autem</span> <span class='ocrx_word' id='word_1_166' title='bbox 488 1411 621 1456; x_wconf 90' lang='lat' dir='ltr'>opera</span> <span class='ocrx_word' id='word_1_167' title='bbox 649 1405 693 1441; x_wconf 90' lang='lat' dir='ltr'>et</span> <span class='ocrx_word' id='word_1_168' title='bbox 713 1396 958 1456; x_wconf 88' lang='lat' dir='ltr'>splendoris</span> <span class='ocrx_word' id='word_1_169' title='bbox 986 1408 1030 1440; x_wconf 87' lang='lat' dir='ltr'>et</span> <span class='ocrx_word' id='word_1_170' title='bbox 1051 1399 1204 1444; x_wconf 78' lang='lat' dir='ltr'>caloris</span> <span class='ocrx_word' id='word_1_171' title='bbox 1227 1402 1312 1446; x_wconf 92' lang='lat' dir='ltr'>mei</span> <span class='ocrx_word' id='word_1_172' title='bbox 1334 1401 1414 1446; x_wconf 90' lang='lat' dir='ltr'>tibi</span> 
     </span>
     <span class='ocr_line' id='line_1_19' title="bbox 19 1464 1415 1525; baseline 0.001 -15"><span class='ocrx_word' id='word_1_173' title='bbox 19 1466 263 1510; x_wconf 89' lang='lat' dir='ltr'>deserviant</span> <span class='ocrx_word' id='word_1_174' title='bbox 280 1500 291 1520; x_wconf 89' lang='lat'>‚</span> <span class='ocrx_word' id='word_1_175' title='bbox 323 1464 547 1525; x_wconf 89' lang='lat' dir='ltr'>quomodo</span> <span class='ocrx_word' id='word_1_176' title='bbox 569 1481 640 1509; x_wconf 90' lang='lat' dir='ltr'>me</span> <span class='ocrx_word' id='word_1_177' title='bbox 671 1481 751 1525; x_wconf 89' lang='lat' dir='ltr'>pro</span> <span class='ocrx_word' id='word_1_178' title='bbox 779 1469 870 1510; x_wconf 92' lang='lat' dir='ltr'>Deo</span> <span class='ocrx_word' id='word_1_179' title='bbox 892 1465 1127 1510; x_wconf 89' lang='lat' dir='ltr'>colendum</span> <span class='ocrx_word' id='word_1_180' title='bbox 1151 1466 1274 1511; x_wconf 87' lang='lat' dir='ltr'>ducis</span> <span class='ocrx_word' id='word_1_181' title='bbox 1289 1502 1300 1523; x_wconf 86' lang='lat'>‚</span> <span class='ocrx_word' id='word_1_182' title='bbox 1333 1472 1415 1515; x_wconf 83' lang='lat' dir='ltr'>nisi</span> 
     </span>
     <span class='ocr_line' id='line_1_20' title="bbox 18 1533 1414 1595; baseline 0.002 -16"><span class='ocrx_word' id='word_1_183' title='bbox 18 1536 121 1595; x_wconf 86' lang='lat' dir='ltr'>quia</span> <span class='ocrx_word' id='word_1_184' title='bbox 142 1549 293 1579; x_wconf 88' lang='lat' dir='ltr'>verum</span> <span class='ocrx_word' id='word_1_185' title='bbox 317 1538 456 1579; x_wconf 87' lang='lat' dir='ltr'>Deum</span> <span class='ocrx_word' id='word_1_186' title='bbox 487 1533 629 1578; x_wconf 90' lang='lat' dir='ltr'>colere</span> <span class='ocrx_word' id='word_1_187' title='bbox 649 1536 819 1579; x_wconf 77' lang='lat' dir='ltr'>nescis?</span> <span class='ocrx_word' id='word_1_188' title='bbox 843 1538 908 1579; x_wconf 88' lang='lat' dir='ltr'>Ita</span> <span class='ocrx_word' id='word_1_189' title='bbox 935 1535 1041 1579; x_wconf 91' lang='lat' dir='ltr'>luna</span> <span class='ocrx_word' id='word_1_190' title='bbox 1064 1544 1106 1579; x_wconf 89' lang='lat' dir='ltr'>et</span> <span class='ocrx_word' id='word_1_191' title='bbox 1127 1536 1264 1580; x_wconf 83' lang='lat' dir='ltr'>stellae</span> <span class='ocrx_word' id='word_1_192' title='bbox 1289 1537 1414 1582; x_wconf 88' lang='lat' dir='ltr'>istam</span> 
     </span>
     <span class='ocr_line' id='line_1_21' title="bbox 21 1604 1410 1666; baseline 0.003 -16"><span class='ocrx_word' id='word_1_193' title='bbox 21 1605 203 1651; x_wconf 89' lang='lat' dir='ltr'>similem</span> <span class='ocrx_word' id='word_1_194' title='bbox 225 1604 455 1664; x_wconf 86' lang='lat' dir='ltr'>proferunt</span> <span class='ocrx_word' id='word_1_195' title='bbox 477 1620 626 1650; x_wconf 89' lang='lat' dir='ltr'>vocem</span> <span class='ocrx_word' id='word_1_196' title='bbox 649 1625 658 1650; x_wconf 89' lang='lat'>:</span> <span class='ocrx_word' id='word_1_197' title='bbox 678 1608 777 1651; x_wconf 93' lang='lat' dir='ltr'>Non</span> <span class='ocrx_word' id='word_1_198' title='bbox 789 1606 911 1650; x_wconf 91' lang='lat' dir='ltr'>vides</span> <span class='ocrx_word' id='word_1_199' title='bbox 926 1641 937 1661; x_wconf 82' lang='grc'>,</span> <span class='ocrx_word' id='word_1_200' title='bbox 957 1606 1165 1666; x_wconf 89' lang='lat' dir='ltr'>inquiunt</span> <span class='ocrx_word' id='word_1_201' title='bbox 1181 1641 1192 1662; x_wconf 89' lang='lat'>,</span> <span class='ocrx_word' id='word_1_202' title='bbox 1218 1623 1244 1652; x_wconf 94' lang='grc' dir='ltr'>ο</span> <span class='ocrx_word' id='word_1_203' title='bbox 1260 1609 1410 1665; x_wconf 84' lang='lat' dir='ltr'>homo,</span> 
     </span>
     <span class='ocr_line' id='line_1_22' title="bbox 18 1676 1413 1736; baseline 0.002 -15"><span class='ocrx_word' id='word_1_204' title='bbox 18 1677 205 1736; x_wconf 88' lang='lat' dir='ltr'>spatium</span> <span class='ocrx_word' id='word_1_205' title='bbox 240 1691 318 1721; x_wconf 87' lang='lat' dir='ltr'>nos</span> <span class='ocrx_word' id='word_1_206' title='bbox 350 1691 476 1735; x_wconf 81' lang='lat' dir='ltr'>agere</span> <span class='ocrx_word' id='word_1_207' title='bbox 498 1685 764 1720; x_wconf 87' lang='lat' dir='ltr'>nocturnum</span> <span class='ocrx_word' id='word_1_208' title='bbox 779 1711 795 1732; x_wconf 89' lang='lat'><em>,</em></span> <span class='ocrx_word' id='word_1_209' title='bbox 818 1676 993 1721; x_wconf 79' lang='lat' dir='ltr'>excludi</span> <span class='ocrx_word' id='word_1_210' title='bbox 1015 1677 1114 1721; x_wconf 87' lang='lat' dir='ltr'>luce</span> <span class='ocrx_word' id='word_1_211' title='bbox 1129 1713 1139 1733; x_wconf 88' lang='lat'>‚</span> <span class='ocrx_word' id='word_1_212' title='bbox 1164 1694 1244 1723; x_wconf 90' lang='lat' dir='ltr'>nec</span> <span class='ocrx_word' id='word_1_213' title='bbox 1264 1681 1413 1724; x_wconf 86' lang='lat' dir='ltr'>termi-</span> 
     </span>
     <span class='ocr_line' id='line_1_23' title="bbox 18 1746 1414 1808; baseline 0.002 -16"><span class='ocrx_word' id='word_1_214' title='bbox 18 1762 98 1793; x_wconf 89' lang='lat' dir='ltr'>nos</span> <span class='ocrx_word' id='word_1_215' title='bbox 117 1746 360 1805; x_wconf 82' lang='lat' dir='ltr'>transgredi</span> <span class='ocrx_word' id='word_1_216' title='bbox 381 1746 662 1801; x_wconf 86' lang='lat' dir='ltr'>constitutos,</span> <span class='ocrx_word' id='word_1_217' title='bbox 696 1762 806 1806; x_wconf 91' lang='lat' dir='ltr'>quos</span> <span class='ocrx_word' id='word_1_218' title='bbox 828 1746 885 1791; x_wconf 85' lang='lat' dir='ltr'>ad</span> <span class='ocrx_word' id='word_1_219' title='bbox 912 1747 1116 1791; x_wconf 87' lang='lat' dir='ltr'>solatium</span> <span class='ocrx_word' id='word_1_220' title='bbox 1146 1748 1304 1808; x_wconf 83' lang='lat' dir='ltr'>quietis</span> <span class='ocrx_word' id='word_1_221' title='bbox 1327 1759 1414 1795; x_wconf 84' lang='lat' dir='ltr'>tuae</span> 
     </span>
     <span class='ocr_line' id='line_1_24' title="bbox 19 1815 1414 1876; baseline 0.004 -15"><span class='ocrx_word' id='word_1_222' title='bbox 19 1817 296 1876; x_wconf 87' lang='lat' dir='ltr'>omnipotens</span> <span class='ocrx_word' id='word_1_223' title='bbox 319 1815 472 1860; x_wconf 82' lang='lat' dir='ltr'>artifex</span> <span class='ocrx_word' id='word_1_224' title='bbox 492 1817 769 1861; x_wconf 80' lang='lat' dir='ltr'>terminavit?</span> <span class='ocrx_word' id='word_1_225' title='bbox 790 1819 888 1863; x_wconf 91' lang='lat' dir='ltr'>Non</span> <span class='ocrx_word' id='word_1_226' title='bbox 905 1833 1055 1862; x_wconf 91' lang='lat' dir='ltr'>sumus</span> <span class='ocrx_word' id='word_1_227' title='bbox 1072 1821 1187 1863; x_wconf 87' lang='lat' dir='ltr'>Deus</span> <span class='ocrx_word' id='word_1_228' title='bbox 1209 1838 1218 1864; x_wconf 90' lang='lat'>:</span> <span class='ocrx_word' id='word_1_229' title='bbox 1238 1822 1414 1866; x_wconf 87' lang='lat' dir='ltr'>convin-</span> 
     </span>
     <span class='ocr_line' id='line_1_25' title="bbox 20 1886 1415 1949; baseline 0.002 -16"><span class='ocrx_word' id='word_1_230' title='bbox 20 1888 157 1933; x_wconf 90' lang='lat' dir='ltr'>cimus</span> <span class='ocrx_word' id='word_1_231' title='bbox 171 1886 405 1932; x_wconf 85' lang='lat' dir='ltr'>falsitatem</span> <span class='ocrx_word' id='word_1_232' title='bbox 419 1896 538 1931; x_wconf 87' lang='lat' dir='ltr'>tuam</span> <span class='ocrx_word' id='word_1_233' title='bbox 554 1888 782 1933; x_wconf 89' lang='lat' dir='ltr'>serviendo</span> <span class='ocrx_word' id='word_1_234' title='bbox 798 1889 880 1933; x_wconf 85' lang='lat' dir='ltr'>tibi</span> <span class='ocrx_word' id='word_1_235' title='bbox 896 1889 952 1934; x_wconf 87' lang='lat' dir='ltr'>ad</span> <span class='ocrx_word' id='word_1_236' title='bbox 967 1905 1146 1949; x_wconf 88' lang='lat' dir='ltr'>poenam</span> <span class='ocrx_word' id='word_1_237' title='bbox 1163 1900 1299 1935; x_wconf 86' lang='lat' dir='ltr'>tuam.</span> <span class='ocrx_word' id='word_1_238' title='bbox 1319 1892 1415 1938; x_wconf 92' lang='lat' dir='ltr'>Cla-</span> 
     </span>
     <span class='ocr_line' id='line_1_26' title="bbox 19 1957 1407 2018; baseline 0.004 -16"><span class='ocrx_word' id='word_1_239' title='bbox 19 1966 109 2002; x_wconf 88' lang='lat' dir='ltr'>mat</span> <span class='ocrx_word' id='word_1_240' title='bbox 129 1972 246 2001; x_wconf 88' lang='lat' dir='ltr'>mare</span> <span class='ocrx_word' id='word_1_241' title='bbox 263 1992 274 2012; x_wconf 85' lang='lat'><strong><em>‚</em></strong></span> <span class='ocrx_word' id='word_1_242' title='bbox 300 1966 343 2002; x_wconf 89' lang='lat' dir='ltr'>et</span> <span class='ocrx_word' id='word_1_243' title='bbox 365 1957 511 2002; x_wconf 88' lang='lat' dir='ltr'>omnia</span> <span class='ocrx_word' id='word_1_244' title='bbox 532 1974 632 2018; x_wconf 86' lang='lat' dir='ltr'>quae</span> <span class='ocrx_word' id='word_1_245' title='bbox 659 1958 706 2002; x_wconf 91' lang='lat' dir='ltr'>in</span> <span class='ocrx_word' id='word_1_246' title='bbox 739 1973 791 2004; x_wconf 89' lang='lat' dir='ltr'>eo</span> <span class='ocrx_word' id='word_1_247' title='bbox 815 1968 946 2004; x_wconf 90' lang='lat' dir='ltr'>sunt:</span> <span class='ocrx_word' id='word_1_248' title='bbox 971 1962 1070 2005; x_wconf 90' lang='lat' dir='ltr'>Non</span> <span class='ocrx_word' id='word_1_249' title='bbox 1096 1977 1245 2006; x_wconf 89' lang='lat' dir='ltr'>sumus</span> <span class='ocrx_word' id='word_1_250' title='bbox 1277 1965 1407 2008; x_wconf 91' lang='lat' dir='ltr'>Deus.</span> 
     </span>
     <span class='ocr_line' id='line_1_27' title="bbox 20 2028 1412 2092; baseline 0.004 -18"><span class='ocrx_word' id='word_1_251' title='bbox 20 2028 201 2074; x_wconf 85' lang='lat' dir='ltr'>Praebeo</span> <span class='ocrx_word' id='word_1_252' title='bbox 218 2029 359 2084; x_wconf 79' lang='lat' dir='ltr'>enim,</span> <span class='ocrx_word' id='word_1_253' title='bbox 384 2042 433 2073; x_wconf 90' lang='lat' dir='ltr'>ut</span> <span class='ocrx_word' id='word_1_254' title='bbox 455 2029 562 2074; x_wconf 90' lang='lat' dir='ltr'>mihi</span> <span class='ocrx_word' id='word_1_255' title='bbox 577 2031 747 2090; x_wconf 87' lang='lat' dir='ltr'>jussum</span> <span class='ocrx_word' id='word_1_256' title='bbox 770 2039 834 2075; x_wconf 89' lang='lat' dir='ltr'>est</span> <span class='ocrx_word' id='word_1_257' title='bbox 848 2066 860 2086; x_wconf 83' lang='grc'>,</span> <span class='ocrx_word' id='word_1_258' title='bbox 885 2031 1149 2076; x_wconf 88' lang='lat' dir='ltr'>famulatum</span> <span class='ocrx_word' id='word_1_259' title='bbox 1164 2067 1175 2088; x_wconf 87' lang='lat'><strong>‚</strong></span> <span class='ocrx_word' id='word_1_260' title='bbox 1211 2035 1412 2092; x_wconf 88' lang='lat' dir='ltr'>pervium</span> 
     </span>
     <span class='ocr_line' id='line_1_28' title="bbox 19 2099 1409 2162; baseline 0.004 -19"><span class='ocrx_word' id='word_1_261' title='bbox 19 2100 102 2144; x_wconf 88' lang='lat' dir='ltr'>iter</span> <span class='ocrx_word' id='word_1_262' title='bbox 117 2099 278 2143; x_wconf 84' lang='lat' dir='ltr'>carinae</span> <span class='ocrx_word' id='word_1_263' title='bbox 294 2100 529 2158; x_wconf 89' lang='lat' dir='ltr'>suscipiens</span> <span class='ocrx_word' id='word_1_264' title='bbox 547 2136 558 2156; x_wconf 89' lang='lat'>,</span> <span class='ocrx_word' id='word_1_265' title='bbox 582 2111 728 2146; x_wconf 91' lang='lat' dir='ltr'>motus</span> <span class='ocrx_word' id='word_1_266' title='bbox 743 2117 959 2162; x_wconf 89' lang='lat' dir='ltr'>congruos</span> <span class='ocrx_word' id='word_1_267' title='bbox 976 2138 987 2159; x_wconf 87' lang='lat'>‚</span> <span class='ocrx_word' id='word_1_268' title='bbox 1013 2103 1142 2148; x_wconf 88' lang='lat' dir='ltr'>flatus</span> <span class='ocrx_word' id='word_1_269' title='bbox 1159 2113 1409 2162; x_wconf 81' lang='lat' dir='ltr'>ventorum3</span> 
     </span>
     <span class='ocr_line' id='line_1_29' title="bbox 17 2168 1410 2230; baseline 0.005 -17"><span class='ocrx_word' id='word_1_270' title='bbox 17 2168 209 2227; x_wconf 81' lang='lat' dir='ltr'>dirigens</span> <span class='ocrx_word' id='word_1_271' title='bbox 242 2182 435 2226; x_wconf 85' lang='lat' dir='ltr'>gressus,</span> <span class='ocrx_word' id='word_1_272' title='bbox 475 2179 525 2214; x_wconf 87' lang='lat' dir='ltr'>ut</span> <span class='ocrx_word' id='word_1_273' title='bbox 555 2170 612 2214; x_wconf 89' lang='lat' dir='ltr'>ad</span> <span class='ocrx_word' id='word_1_274' title='bbox 642 2181 820 2230; x_wconf 88' lang='lat' dir='ltr'>portum</span> <span class='ocrx_word' id='word_1_275' title='bbox 848 2172 1143 2218; x_wconf 91' lang='lat' dir='ltr'>desideratum</span> <span class='ocrx_word' id='word_1_276' title='bbox 1180 2175 1314 2219; x_wconf 90' lang='lat' dir='ltr'>etiam</span> <span class='ocrx_word' id='word_1_277' title='bbox 1337 2191 1410 2220; x_wconf 88' lang='lat' dir='ltr'>ra-</span> 
     </span>
     <span class='ocr_line' id='line_1_30' title="bbox 20 2240 1407 2304; baseline 0.006 -21"><span class='ocrx_word' id='word_1_278' title='bbox 20 2240 167 2299; x_wconf 84' lang='lat' dir='ltr'>piente</span> <span class='ocrx_word' id='word_1_279' title='bbox 188 2248 231 2283; x_wconf 88' lang='lat' dir='ltr'>te</span> <span class='ocrx_word' id='word_1_280' title='bbox 253 2240 430 2284; x_wconf 88' lang='lat' dir='ltr'>avaritia</span> <span class='ocrx_word' id='word_1_281' title='bbox 451 2275 462 2294; x_wconf 90' lang='lat'>,</span> <span class='ocrx_word' id='word_1_282' title='bbox 493 2240 614 2284; x_wconf 88' lang='lat' dir='ltr'>nulla</span> <span class='ocrx_word' id='word_1_283' title='bbox 643 2241 895 2302; x_wconf 90' lang='lat' dir='ltr'>interposita</span> <span class='ocrx_word' id='word_1_284' title='bbox 922 2245 1126 2290; x_wconf 82' lang='lat' dir='ltr'>tarditate</span> <span class='ocrx_word' id='word_1_285' title='bbox 1154 2245 1407 2304; x_wconf 85' lang='lat' dir='ltr'>perducam.</span> 
     </span>
     <span class='ocr_line' id='line_1_31' title="bbox 20 2308 1409 2369; baseline 0.006 -16"><span class='ocrx_word' id='word_1_286' title='bbox 20 2308 237 2356; x_wconf 83' lang='lat' dir='ltr'>Animalia</span> <span class='ocrx_word' id='word_1_287' title='bbox 263 2324 366 2353; x_wconf 87' lang='lat' dir='ltr'>vero</span> <span class='ocrx_word' id='word_1_288' title='bbox 388 2325 488 2369; x_wconf 85' lang='lat' dir='ltr'>quae</span> <span class='ocrx_word' id='word_1_289' title='bbox 516 2310 755 2369; x_wconf 80' lang='lat' dir='ltr'>gignuntur</span> <span class='ocrx_word' id='word_1_290' title='bbox 777 2327 827 2355; x_wconf 89' lang='lat' dir='ltr'>ex</span> <span class='ocrx_word' id='word_1_291' title='bbox 848 2327 918 2356; x_wconf 89' lang='lat' dir='ltr'>me</span> <span class='ocrx_word' id='word_1_292' title='bbox 934 2348 946 2368; x_wconf 77' lang='grc'><strong>,</strong></span> <span class='ocrx_word' id='word_1_293' title='bbox 972 2315 1052 2358; x_wconf 89' lang='lat' dir='ltr'>tibi</span> <span class='ocrx_word' id='word_1_294' title='bbox 1079 2315 1125 2359; x_wconf 92' lang='lat' dir='ltr'>in</span> <span class='ocrx_word' id='word_1_295' title='bbox 1152 2330 1294 2359; x_wconf 88' lang='lat' dir='ltr'>escam</span> <span class='ocrx_word' id='word_1_296' title='bbox 1326 2316 1409 2360; x_wconf 90' lang='lat' dir='ltr'>do-</span> 
     </span>
     <span class='ocr_line' id='line_1_32' title="bbox 21 2381 1410 2443; baseline 0.004 -18"><span class='ocrx_word' id='word_1_297' title='bbox 21 2389 122 2425; x_wconf 86' lang='lat' dir='ltr'>nata</span> <span class='ocrx_word' id='word_1_298' title='bbox 145 2394 234 2424; x_wconf 89' lang='lat' dir='ltr'>esse</span> <span class='ocrx_word' id='word_1_299' title='bbox 256 2381 491 2438; x_wconf 81' lang='lat' dir='ltr'>cognoscis.</span> <span class='ocrx_word' id='word_1_300' title='bbox 520 2384 632 2426; x_wconf 91' lang='lat' dir='ltr'>Cum</span> <span class='ocrx_word' id='word_1_301' title='bbox 659 2397 762 2441; x_wconf 85' lang='lat' dir='ltr'>ergo</span> <span class='ocrx_word' id='word_1_302' title='bbox 785 2398 861 2442; x_wconf 89' lang='lat' dir='ltr'>per</span> <span class='ocrx_word' id='word_1_303' title='bbox 884 2385 1029 2428; x_wconf 89' lang='lat' dir='ltr'>omnia</span> <span class='ocrx_word' id='word_1_304' title='bbox 1058 2400 1289 2443; x_wconf 83' lang='lat' dir='ltr'>agnoscam</span> <span class='ocrx_word' id='word_1_305' title='bbox 1310 2401 1410 2431; x_wconf 88' lang='lat' dir='ltr'>mo-</span> 
     </span>
     <span class='ocr_line' id='line_1_33' title="bbox 21 2448 1409 2511; baseline 0.005 -18"><span class='ocrx_word' id='word_1_306' title='bbox 21 2448 178 2494; x_wconf 89' lang='lat' dir='ltr'>dulum</span> <span class='ocrx_word' id='word_1_307' title='bbox 199 2464 345 2493; x_wconf 88' lang='lat' dir='ltr'>meum</span> <span class='ocrx_word' id='word_1_308' title='bbox 363 2486 374 2505; x_wconf 81' lang='grc'>,</span> <span class='ocrx_word' id='word_1_309' title='bbox 415 2460 465 2495; x_wconf 87' lang='lat' dir='ltr'>tu</span> <span class='ocrx_word' id='word_1_310' title='bbox 495 2467 628 2510; x_wconf 89' lang='lat' dir='ltr'>quare</span> <span class='ocrx_word' id='word_1_311' title='bbox 665 2451 824 2498; x_wconf 90' lang='lat' dir='ltr'>deseris</span> <span class='ocrx_word' id='word_1_312' title='bbox 861 2453 1060 2498; x_wconf 89' lang='lat' dir='ltr'>ordinem</span> <span class='ocrx_word' id='word_1_313' title='bbox 1097 2464 1223 2499; x_wconf 90' lang='lat' dir='ltr'>tuum</span> <span class='ocrx_word' id='word_1_314' title='bbox 1238 2490 1249 2511; x_wconf 89' lang='lat'><strong>,</strong></span> <span class='ocrx_word' id='word_1_315' title='bbox 1284 2455 1409 2500; x_wconf 91' lang='lat' dir='ltr'>dese-</span> 
     </span>
     <span class='ocr_line' id='line_1_34' title="bbox 23 2518 1402 2585; baseline 0.005 -22"><span class='ocrx_word' id='word_1_316' title='bbox 23 2518 161 2564; x_wconf 86' lang='lat' dir='ltr'>rendo</span> <span class='ocrx_word' id='word_1_317' title='bbox 178 2520 373 2566; x_wconf 89' lang='lat' dir='ltr'>omnium</span> <span class='ocrx_word' id='word_1_318' title='bbox 393 2531 632 2567; x_wconf 87' lang='lat' dir='ltr'>creatorem</span> <span class='ocrx_word' id='word_1_319' title='bbox 653 2525 821 2568; x_wconf 78' lang='lat' dir='ltr'>Deum?</span> <span class='ocrx_word' id='word_1_320' title='bbox 842 2524 1011 2570; x_wconf 89' lang='lat' dir='ltr'>Clamat</span> <span class='ocrx_word' id='word_1_321' title='bbox 1033 2534 1172 2571; x_wconf 88' lang='lat' dir='ltr'>terra:</span> <span class='ocrx_word' id='word_1_322' title='bbox 1190 2528 1402 2585; x_wconf 84' lang='lat' dir='ltr'>Ergo-ne,</span> 
     </span>
    </p>
   </div>
  </div>
 </body>
</html>
