1729 3143
469 232 523 258 DE
555 231 763 269 sYMBoLo,
798 231 936 259 sERMO
967 232 1015 258 11.
1379 221 1434 261 49

59 295 114 338 de
147 309 237 354 quo
277 294 382 339 dicit
417 295 714 353 Evangelista‚
755 296 875 353 quod
903 295 994 339 sine
1026 293 1137 339 Filio
1171 294 1337 339 factum
1373 306 1438 341 est

56 364 206 409 nihil?
247 366 290 411 Si
314 375 459 410 autem
478 400 490 420 ‚
524 365 638 410 sicut
671 378 772 409 vera
806 365 913 409 fides
950 365 1160 410 catholica
1194 366 1352 421 habet,
1391 367 1438 410 in

57 433 169 479 Filio
204 445 411 495 operante
441 435 676 479 constituas
709 436 906 489 Patrem,
931 445 975 479 et
1004 436 1050 479 in
1072 439 1197 480 Patre
1230 445 1438 495 operante

55 505 291 549 constituas
317 505 478 548 Filium
501 538 513 559 ‚
552 502 759 562 quoniam
787 503 923 546 Filius
944 504 988 548 in
1010 509 1136 550 Patre
1157 515 1221 550 est
1248 515 1291 550 et
1313 510 1440 550 Pater

54 573 99 616 in
122 573 232 618 Filio
248 608 260 629 ‚
285 574 559 632 omnipotens
580 573 827 617 invenietur
847 572 983 617 Filius
1002 607 1013 628 ‚
1048 575 1082 617 si
1116 575 1160 618 in
1194 576 1285 634 ipso
1304 577 1440 620 omni-

54 652 207 701 potens
228 651 293 686 est
315 646 441 686 Pater
465 662 474 686 ε
511 643 546 686 si
578 651 723 686 autem
753 657 843 686 non
872 651 936 686 est
969 643 1244 701 omnipotens
1275 645 1439 700 Filius,

54 721 105 756 ut
124 711 331 770 praedicat
350 713 579 756 haereticus
600 712 811 767 Arianus‚
846 728 937 757 non
970 722 1034 757 est
1064 714 1109 756 in
1138 712 1214 757 illo
1237 716 1440 773 omnipo-

54 791 148 825 tens
171 785 296 826 Pater
312 815 323 836 ‚
347 781 593 842 salsumque
615 782 696 826 erit
719 782 960 826 seeundum
983 783 1098 841 ipsos
1118 783 1239 842 quod
1261 784 1350 842 ipse
1373 785 1444 827 Fi-

52 849 135 894 lius
166 852 224 895 ait
253 871 263 896 ι
294 855 428 910 «Ego
449 853 494 895 in
528 856 682 906 Patre,
723 861 767 895 et
797 856 924 896 Pater
950 853 995 895 in
1029 867 1100 896 me
1129 861 1193 896 est
1212 855 1242 896 1.
1273 871 1292 893 n
1318 852 1444 897 Absit

53 930 200 965 autem
233 931 284 966 ut
319 921 478 966 falsum
512 923 566 966 sit
597 924 717 982 quod
761 923 928 967 Veritas
962 922 1068 967 dicit
1101 941 1109 966 :
1146 922 1443 967 confundatur

53 993 237 1034 Arianus
255 1026 266 1045 ,
290 992 366 1050 qui
390 992 563 1035 veritati
585 992 857 1036 contradicit.

112 1062 190 1103 IX.
218 1063 572 1105 Demonstremus
596 1070 741 1104 tamen
762 1075 812 1103 ex
837 1061 1068 1119 Scripturis
1091 1061 1259 1105 dictum
1282 1062 1444 1105 Filium

52 1129 396 1187 omnipotentem
418 1129 529 1171 sicut
550 1138 593 1172 et
612 1133 785 1171 Patrem
800 1163 810 1181 ‚
845 1138 893 1172 ut
914 1145 1004 1172 non
1022 1129 1163 1173 solum
1186 1131 1295 1175 ratio
1314 1147 1414 1174 vera
1432 1166 1441 1185 ,

52 1197 129 1242 sed
151 1197 280 1241 etiam
303 1197 447 1241 divina
469 1198 716 1241 testimonia
739 1198 1046 1241 haereticorum
1070 1199 1260 1243 frontem
1286 1215 1444 1257 percu-

51 1267 161 1310 tiant
193 1267 511 1324 impudentem.
548 1267 699 1311 Dictus
738 1276 801 1310 est
836 1270 963 1310 Pater
996 1268 1300 1325 omnipotens,
1338 1272 1447 1312 Pro-

50 1337 181 1395 pheta
200 1335 373 1380 dicente
392 1355 400 1380 :
427 1355 447 1377 «
467 1338 572 1379 Haec
590 1334 695 1378 dicit
711 1336 921 1378 Dominus
939 1339 1229 1394 omnipotens.
1254 1355 1274 1378 »
1298 1338 1447 1382 Dictus

52 1414 116 1449 est
136 1414 178 1448 et
202 1405 336 1449 Filius
359 1405 635 1463 omnipotens
651 1439 661 1458 ,
687 1406 857 1448 Joanne
880 1408 1074 1463 apostolo
1104 1406 1151 1449 in
1183 1407 1446 1466 Apocalypsi

52 1473 250 1518 dicente:
281 1492 302 1514 «
326 1473 394 1517 Ab
423 1476 527 1516 Jesu
556 1473 729 1517 Christo
760 1474 947 1517 Domino
975 1483 1151 1528 nostro,
1185 1475 1262 1533 qui
1284 1485 1375 1531 est,
1403 1487 1446 1520 et

56 1563 76 1586 »
100 1544 176 1602 qui
198 1541 284 1586 fuit
300 1577 311 1595 ‚
336 1551 379 1585 et
399 1542 475 1600 qui
496 1551 706 1585 venturus
727 1550 790 1585 est
811 1543 1088 1601 omnipotens
1106 1546 1138 1586 2.
1165 1560 1185 1584 »
1213 1544 1364 1588 Dictus
1383 1555 1445 1589 est

53 1623 96 1657 et
125 1612 310 1670 Spiritus
329 1620 503 1655 sanctus
537 1611 814 1669 omnipotens
835 1646 845 1665 ‚
885 1611 1116 1656 Salomone
1135 1614 1440 1671 prophetante:

0 1687 1 1727 ἰ
57 1682 285 1740 «Spiritus
327 1681 505 1724 Domini
545 1680 729 1739 replevit
765 1680 917 1724 orbem
953 1690 1167 1725 terrarum
1190 1716 1200 1736 ‚
1235 1691 1278 1725 et
1306 1684 1339 1727 is
1367 1685 1444 1742 qui

0 1737 1 1750 ¹
54 1769 76 1793 »
101 1751 294 1796 continet
316 1750 461 1794 omnia
478 1784 488 1804 ,
514 1750 738 1793 scientiam
757 1751 891 1794 habet
912 1751 943 1793 ³.
972 1769 992 1792 »
1020 1755 1181 1795 Annon
1201 1761 1268 1796 est
1299 1754 1441 1797 omni-

54 1830 210 1881 potens
232 1819 309 1879 qui
330 1819 526 1863 continet
548 1819 694 1863 omnia
715 1821 733 1863 Ξ)
770 1820 884 1863 Dicit
915 1819 1030 1863 enim
1070 1821 1291 1880 Scriptura
1323 1824 1443 1881 quod

54 1893 168 1935 Deus
201 1888 336 1948 judex
358 1887 438 1943 sit,
483 1887 654 1932 dicente
686 1888 895 1947 Apostolo
930 1909 938 1932 2
977 1890 1183 1934 «Omnes
1206 1891 1443 1936 astabimus

58 1978 80 2003 »
106 1968 206 2003 ante
223 1957 416 2002 tribunal
433 1957 616 2013 Christi,
636 1967 686 2002 ut
703 1957 862 2002 referat
879 1960 1180 2018 unusquisque
1199 1961 1440 2006 secundum-

58 2046 80 2070 »
107 2044 156 2072 ea
179 2043 278 2088 quae
299 2043 376 2087 per
403 2041 560 2085 corpus
583 2027 733 2085 gessit,
758 2028 846 2071 sive
868 2028 1034 2072 honum
1063 2030 1152 2073 sive
1173 2029 1337 2074 malum
1357 2033 1388 2075 4.
1419 2050 1439 2072 »

59 2097 145 2143 Sed
162 2111 240 2141 nos
261 2096 438 2155 quando
460 2096 660 2140 audimus
683 2099 822 2141 Deum
839 2097 1054 2157 jndicem,
1076 2107 1212 2142 totam
1235 2099 1443 2158 intelligi-

58 2182 155 2212 mus
187 2166 457 2209 Trinitatem.
502 2169 568 2209 Tu
604 2176 775 2222 autem,
808 2169 1039 2224 haeretice,
1066 2170 1134 2214 dic
1168 2169 1265 2229 quis
1286 2171 1340 2214 sit
1362 2171 1441 2215 iste

57 2240 172 2281 Deus
194 2235 336 2279 Judex
351 2269 363 2289 ‚
390 2238 517 2278 Pater
541 2250 595 2279 an
617 2238 650 2278 F
656 2235 782 2278 ilius?
811 2238 853 2281 Si
878 2237 1033 2282 dixeris
1063 2257 1072 2282 2
1098 2242 1226 2282 Pater
1247 2248 1334 2294 est,
1360 2255 1439 2283 ne-

61 2321 134 2365 gas
156 2305 317 2350 Filium
333 2302 527 2364 judicem
547 2325 558 2361 3
592 2319 722 2364 quem
744 2305 790 2348 in
807 2306 1014 2362 Symbolo
1036 2308 1167 2352 etiam
1186 2317 1235 2352 tu
1257 2309 1442 2353 confite-

0 2392 1 2396 *
60 2375 117 2419 ris
139 2384 373 2420 venturum
393 2374 512 2419 vivos
534 2383 816 2435 mortuosque
834 2374 1148 2434 judicaturum.
1175 2378 1444 2423 Contradicis

0 2466 1 2469 ¹
61 2445 192 2489 etiam
223 2444 460 2503 Evangelio
491 2444 679 2489 dicenti:
710 2464 732 2488 «
755 2447 869 2491 Cum
891 2445 1026 2490 Filius
1055 2447 1242 2491 hominis
1275 2450 1437 2496 venerit

113 2536 123 2552 ¹
143 2533 234 2562 Joan.
255 2539 321 2570 xiv,
342 2540 390 2561 ιο.
408 2545 449 2552 -
469 2536 482 2552 ²
501 2532 600 2573 Apoc.
622 2541 645 2572 ι,
665 2530 736 2564 5-8.
753 2548 793 2555 --
810 2529 823 2555 3
841 2533 915 2574 Sap.
935 2545 956 2574 i,
979 2544 1008 2575 7.
1026 2532 1097 2563 -ίι
1115 2541 1134 2566 2
1153 2535 1226 2567 Cor.
1247 2544 1282 2574 v,
1302 2545 1352 2568 xo.

250 2606 437 2637 cxxxiv.
1231 2602 1256 2637 4
