1729 3143
237 227 290 267 58
669 233 703 263 s.
738 232 969 262 Aue-usuum
1001 233 1183 263 muscom

235 303 367 364 plexu
395 301 593 347 membra
626 300 716 359 ejus
747 298 943 358 quotidie
963 299 1106 358 parit?
1137 299 1243 353 Quis
1264 308 1327 344 est
1358 300 1437 345 iste
1464 301 1541 361 qui
1559 301 1618 346 sic

237 384 365 418 natus
387 382 473 427 est,
494 373 553 416 sic
571 370 706 415 crevit
719 405 732 425 ‚
756 370 817 414 sic
832 379 1030 415 mortuus
1049 372 1140 415 est?
1157 371 1263 424 Quis
1283 379 1347 415 est
1367 371 1446 416 iste
1465 372 1543 432 qui
1555 373 1618 417 in-

233 443 330 487 fans
357 457 504 501 regem
526 440 680 484 terruit
695 475 706 495 ‚
743 456 853 500 puer
874 442 1049 486 Judaeos
1070 441 1259 487 convicit
1274 477 1286 497 ‚
1307 442 1478 500 juvenis
1499 446 1618 488 Pon-

232 514 342 558 tium
365 512 553 556 Pilatum
572 511 793 555 turbavit?
816 514 920 564 Quis
940 522 1002 556 est
1019 513 1129 557 iste?
1150 512 1293 556 Vultis
1311 514 1467 556 nosse?
1492 531 1513 555 «
1529 515 1618 558 Do-

234 602 254 625 »
280 584 422 626 minus
447 582 659 626 virtutum
684 616 695 636 ‚
728 583 820 641 ipse
847 592 911 626 est
954 597 1029 626 rex
1058 582 1206 641 gloriae
1225 585 1258 627 1.
1285 601 1306 624 »
1343 583 1387 628 Si
1408 583 1618 628 Dominus

230 654 442 698 virtutum
471 653 562 712 ipse
598 662 662 697 est
692 667 770 697 rex
802 653 950 712 gloriae
977 687 989 708 ,
1019 668 1123 712 ergo
1159 667 1240 697 nec
1274 652 1452 698 Judaeos
1473 653 1620 698 timuit

231 723 409 783 quando
432 723 586 767 armati
615 732 851 777 venerant,
891 737 970 767 nec
1000 722 1193 782 judicem
1227 723 1384 782 injuste
1413 722 1619 779 judican-

229 803 319 838 tem
332 827 344 848 ,
371 808 452 837 nec
474 792 634 837 milites
654 792 881 837 irridentes
902 827 914 846 ,
943 807 1024 836 nec
1052 793 1249 837 inimicos
1270 793 1586 838 subsannantes
1603 828 1615 848 ‚

229 879 311 908 nec
342 878 547 909 coronam
580 864 774 922 spineam
806 864 1082 922 imponentes
1104 897 1115 917 ,
1151 877 1232 906 nec
1252 877 1329 906 sua
1360 863 1619 908 vestimenta

230 932 475 978 dividentes
492 967 504 987 ,
528 948 609 976 nec
630 932 692 976 fel
707 967 719 987 ‚
749 947 830 976 nec
851 941 1022 976 acetum
1040 966 1051 987 ,
1088 946 1170 976 nec
1198 946 1375 976 crucem
1392 965 1404 987 ,
1427 946 1509 976 nec
1528 931 1620 976 lan·

230 1018 352 1048 ceam
368 1038 384 1058 ,
411 1018 493 1048 nec
513 1012 716 1047 mortem.
739 1003 927 1055 Quando
949 1003 1064 1046 enim
1093 1002 1173 1046 ista
1189 1001 1334 1046 Judaei
1351 1002 1620 1061 Pontiusque

231 1073 396 1117 Pilatus
416 1073 638 1117 faciebant
655 1106 666 1122 ,
692 1073 900 1116 Dominus
921 1072 1136 1116 virtutum
1163 1072 1391 1128 negotium
1420 1081 1618 1116 nostrum

229 1143 409 1201 agebat3
433 1157 534 1201 quae
567 1155 659 1184 non
693 1149 921 1198 rapuerat,
951 1149 1059 1183 tunc
1092 1138 1320 1182 reddebat.
1353 1140 1452 1184 Non
1477 1142 1622 1199 rapuit

226 1212 504 1270 iniquitatem
519 1244 530 1264 ‚
551 1218 595 1253 et
616 1224 695 1267 pro
718 1210 877 1267 iniquis
897 1209 1086 1267 suscepit
1108 1217 1294 1252 mortem
1313 1242 1325 1261 ‚
1350 1217 1400 1252 ut
1416 1209 1621 1268 implere-

229 1290 301 1325 tur
314 1281 435 1340 quod
458 1279 514 1322 de
536 1294 588 1322 eo
604 1279 814 1336 scriptum
833 1287 895 1321 est
915 1297 924 1322 :
955 1296 975 1320 «
996 1281 1104 1330 Quae
1125 1292 1215 1321 non
1233 1292 1463 1336 rapueram
1478 1313 1489 1332 ,
1515 1288 1621 1323 tunc

231 1369 251 1392 »
278 1350 516 1394 reddebam
529 1353 561 1391 ².
585 1367 606 1389 »
633 1349 829 1405 Denique
846 1357 896 1391 ut
913 1349 1119 1392 noveritis
1138 1363 1218 1407 pro
1234 1349 1363 1393 nobis
1379 1349 1622 1394 reddidisse
1690 1361 1691 1367 ¹

227 1419 351 1480 quod
371 1435 462 1463 non
484 1417 707 1473 debebat(
731 1435 752 1458 «
776 1417 974 1461 Christus
997 1418 1112 1460 enim
1142 1433 1222 1476 pro
1256 1419 1398 1477 impiis
1420 1428 1621 1464 mortuus
1689 1431 1691 1434 ⁴

228 1508 248 1531 >³
275 1498 338 1532 est
354 1489 368 1514 3
387 1522 397 1542 ,
423 1505 443 1527 »
469 1489 486 1544 )
508 1501 607 1531 mox
634 1495 684 1530 ut
716 1485 936 1530 sacculum
968 1487 1109 1530 carnis
1131 1501 1221 1530 suae
1251 1487 1297 1530 in
1330 1489 1471 1532 crucis
1503 1488 1620 1546 ligno

226 1558 379 1612 solvit,
405 1566 448 1600 et
469 1558 659 1615 pretium
682 1565 881 1600 nostrum
903 1557 1093 1600 exactori
1123 1555 1313 1601 reddidit
1334 1577 1345 1613 3
1376 1558 1438 1602 ibi
1473 1561 1618 1603 statim

226 1628 349 1673 illum
373 1629 587 1673 latronem
610 1626 713 1672 fecit
734 1626 1026 1672 confessorem
1040 1628 1055 1651 ²¹
1064 1662 1080 1682 ,
1104 1637 1155 1671 ut
1172 1643 1248 1686 per
1265 1643 1364 1671 eum
1383 1629 1618 1688 impiorum

226 1707 486 1744 restauraret
520 1698 706 1741 ruinam.
746 1697 902 1741 Videte
937 1697 1211 1753 redemptum
1248 1713 1380 1757 quem
1418 1699 1619 1745 diabolus

226 1766 475 1830 possederat
496 1767 761 1812 homicidam
795 1786 803 1811 :
841 1768 984 1811 videte
1008 1768 1245 1811 Dominum
1268 1768 1481 1812 virtutum
1502 1779 1546 1814 et
1573 1771 1619 1814 in

225 1841 316 1899 ipsa
340 1849 480 1883 morte
501 1838 710 1882 miracula
731 1838 978 1882 facientem.
1011 1840 1134 1881 Tunc
1156 1837 1268 1881 latro
1291 1840 1588 1884 confitebatur
1603 1875 1615 1896 ‚

226 1909 404 1970 quando
430 1913 581 1953 Petrus
606 1909 866 1953 turbabatur
899 1927 908 1952 z
942 1917 1048 1952 tunc
1075 1908 1156 1952 iste
1189 1910 1365 1966 agnovit
1388 1944 1400 1965 ‚
1439 1911 1619 1970 quando

227 1981 300 2025 ille
321 1980 510 2039 negavit.
540 1978 625 2024 Sed
645 1979 863 2038 numquid
884 1978 985 2037 quia
1007 1980 1216 2022 Dominus
1235 1979 1462 2038 acquisivit
1481 1980 1620 2025 latro-

228 2066 328 2095 nem
345 2085 356 2106 ,
383 2054 561 2095 Petrum
590 2051 781 2109 perdidit
813 2051 1093 2108 negatorem?
1114 2050 1240 2093 Absit
1256 2084 1267 2104 ‚
1293 2049 1421 2094 absit.
1446 2052 1618 2109 Agebat

229 2122 483 2178 mysterium
504 2121 581 2179 qui
606 2119 822 2164 fundebat
848 2120 1035 2178 pretium
1055 2154 1066 2173 ‚
1091 2120 1138 2162 in
1162 2123 1289 2163 Petro
1312 2119 1616 2165 demonstrans

227 2206 318 2235 non
347 2191 393 2234 in
420 2205 465 2234 se
491 2205 754 2250 quemquam
786 2191 950 2249 justum
983 2190 1143 2232 debere
1172 2204 1462 2249 praesumere3
1485 2190 1529 2233 in
1556 2190 1617 2234 la-

228 2271 352 2306 trone
369 2296 379 2316 ‚
414 2261 586 2305 nullum
614 2262 796 2320 impium
819 2275 1076 2304 conversum
1109 2275 1232 2319 posse
1258 2260 1414 2318 perire.
1447 2261 1614 2305 Timeat

231 2332 371 2375 bonus
388 2366 398 2386 ,
424 2347 479 2375 ne
501 2341 649 2391 pereat
671 2347 747 2390 per
768 2331 1017 2389 superbiam
1041 2349 1050 2375 ε
1075 2346 1166 2375 non
1186 2329 1387 2388 desperet
1404 2330 1544 2374 malus
1560 2331 1616 2374 de

232 2400 370 2443 multa
386 2402 564 2445 malitia.
589 2400 860 2459 Colligantur
879 2409 1190 2459 praesumentes
1204 2435 1220 2455 ,
1243 2399 1503 2457 colligantur
1523 2400 1617 2445 des-

232 2480 444 2529 perantes.
469 2475 674 2528 Magnum
693 2471 877 2530 pretium
903 2486 981 2529 pro
999 2470 1124 2515 nobis
1146 2470 1295 2514 datum
1321 2485 1410 2515 esse
1430 2486 1615 2530 cognos-

279 2556 292 2574 ἵ
309 2554 389 2593 Psal,
410 2565 495 2593 xxm>
519 2565 566 2586 10.
589 2570 629 2576 —
653 2561 664 2576 ²
678 2555 722 2586 111.
746 2565 860 2594 vaur,
880 2554 909 2585 5.
933 2571 968 2579 —
987 2553 1002 2577 3
1020 2557 1110 2586 Rom.
1131 2565 1166 2591 ν,
1185 2555 1216 2585 6.
1238 2571 1278 2577 -
1294 2553 1310 2584 4
1329 2555 1405 2587 Luc.
1424 2565 1491 2595 xm,
1510 2554 1563 2595 43.

1684 1655 1691 1748 .-.Μ
1689 1629 1691 1634 .
1687 1589 1691 1592 .
1688 1509 1691 1527 .,

1664 2798 1665 2802 ⁴
1662 1937 1690 2777 masotn-mmssmQQm—Q
1684 1802 1691 1936 ...w
1686 1787 1691 1802 q
