1729 3143
229 199 314 239 470
666 209 699 235 s.
735 208 966 237 Ancus-nm
996 209 1179 239 11⁵1scoi³1

227 278 272 321 in
284 275 354 319 illa
367 282 490 333 parte
503 271 651 327 animi,
665 287 765 331 quae
778 271 910 317 debet
920 272 1221 334 obtemperare
1232 275 1388 319 rationi
1401 283 1606 336 tanquam

226 355 381 390 rectori
395 356 503 387 V1ro.

283 414 406 460 XXI.
442 411 585 456 Etiam
605 426 725 456 nunc
744 411 791 456 in
811 427 1081 473 unoquoque
1115 423 1314 459 nostrum
1346 413 1456 458 nihil
1490 415 1608 461 aliud
1670 431 1672 442 ·

224 485 380 543 agitur,
405 497 506 527 cum
525 481 581 526 ad
604 491 832 542 peccatum
861 484 1044 543 quisque
1074 483 1309 540 delabitur,
1339 500 1474 544 quam
1504 495 1608 532 tunc

220 563 368 600 actum
389 561 453 597 est
473 553 519 597 in
539 552 622 597 illis
644 553 799 609 tribus,
823 564 1039 613 serpente,
1062 553 1245 598 muliere
1280 563 1323 599 et
1353 555 1462 599 viro.
1497 557 1607 601 Nam

219 625 361 686 primo
387 624 438 668 fit
459 623 676 683 suggestio
696 624 784 669 sive
801 639 878 683 per
899 625 1230 683 cogitationem,
1254 625 1343 669 sive
1367 640 1445 684 per
1460 640 1608 671 sensus

217 694 426 755 corporis,
462 693 534 739 vel
558 693 771 750 ¹videndo,
804 693 874 738 vel
905 693 1141 752 tangendo,
1171 693 1243 738 vel
1269 694 1504 750 audiendo,
1538 695 1609 740 vel

219 765 449 826 gustando,
468 764 538 809 vel
554 763 800 809 olfaciendo
819 782 829 808 2
853 780 953 823 quae
969 765 1187 823 suggestio
1203 780 1306 809 cum
1322 763 1437 810 facta
1453 766 1604 821 fuerit,

217 837 252 881 si
273 834 487 895 cupiditas
507 842 652 879 nostra
674 849 763 878 non
781 834 1029 878 movebitur
1049 835 1105 878 ad
1132 834 1422 893 peccandum,
1457 834 1609 880 exclu-

218 906 348 951 detur
363 905 574 964 serpentis
591 905 767 960 astutia,
784 904 817 946 si
834 912 980 946 autem
996 913 1114 947 mota
1131 903 1278 959 fuerit,
1299 905 1422 965 quasi
1438 906 1609 951 mulieri

212 979 303 1039 jam
338 988 591 1035 persuasum
621 972 716 1016 erit.
755 971 840 1017 Sed
870 971 1106 1032 aliquando
1139 974 1249 1018 ratio
1277 974 1456 1019 viriliter
1482 976 1610 1020 etiam

216 1053 482 1092 commotam
509 1042 795 1102 cupiditatem
826 1041 1017 1087 refrenat
1043 1052 1174 1103 atque
1207 1045 1458 1104 compescit.
1481 1045 1611 1098 Quod

215 1132 318 1163 cum
339 1116 405 1170 fit,
426 1129 516 1159 non
537 1113 727 1158 labimur
742 1113 787 1157 in
803 1122 1048 1173 peccatum,
1066 1114 1141 1158 sed
1159 1130 1258 1158 cum
1277 1115 1496 1175 aliquanta
1514 1115 1609 1160 luc-

213 1188 378 1233 tatione
410 1199 686 1230 coronamur.
725 1184 766 1228 Si
797 1192 945 1228 autem
974 1183 1083 1228 ratio
1116 1185 1375 1240 consentiat,
1411 1195 1455 1230 et
1488 1187 1609 1246 quod

212 1257 350 1304 libido
371 1256 670 1311 commoverit,
691 1253 944 1299 faciendum
962 1269 1053 1298 esse
1070 1254 1291 1310 decernat,
1314 1256 1368 1300 ab
1384 1257 1504 1300 omni
1519 1258 1609 1302 vita

213 1330 341 1374 beata
368 1336 580 1387 tanquam
610 1325 665 1369 de
697 1324 895 1384 paradiso
929 1323 1163 1383 expellitur
1196 1325 1344 1369 homo.
1373 1328 1470 1370 Jam
1492 1327 1608 1371 enim

213 1408 443 1461 peccatum
475 1398 735 1457 imputatur,
768 1396 936 1441 etiamsi
969 1411 1060 1441 non
1088 1396 1381 1456 subsequatur
1411 1396 1605 1456 sactum,

216 1471 423 1533 quoniam
442 1483 514 1513 rea
530 1477 705 1513 tenetur
720 1468 767 1511 in
783 1468 1066 1512 consensione
1083 1468 1361 1513 conscientia.

276 1543 422 1587 XXII.
457 1543 556 1594 Quo
576 1549 722 1584 autem
742 1539 877 1584 modo
895 1554 1070 1599 serpens
1086 1539 1160 1583 ille
1177 1548 1407 1599 peccatum
1427 1555 1607 1599 persua-

218 1615 337 1669 serit,
357 1611 589 1672 diligenter
606 1610 970 1657 considerandum
988 1620 1068 1667 est,
1087 1611 1277 1670 pertinet
1290 1612 1406 1656 enim
1422 1615 1608 1657 maxime

220 1686 277 1729 ad
306 1692 498 1728 nostram
531 1681 742 1726 salutem:
767 1697 869 1725 nam
901 1682 1002 1726 ideo
1023 1681 1119 1726 haec
1140 1682 1298 1742 scripta
1328 1691 1431 1726 sunt
1451 1691 1502 1726 ut
1517 1684 1607 1741 J'am

218 1755 321 1801 talia
342 1768 586 1800 caveamus.
605 1755 714 1798 Nam
734 1767 836 1797 cum
857 1752 1121 1811 interrogata
1141 1752 1298 1796 mulier
1319 1752 1609 1812 respondisset

220 1826 330 1888 quid
344 1827 404 1871 eis
417 1833 684 1885 praeceptum
699 1833 830 1881 esset,
846 1824 906 1867 ait
918 1823 992 1868 ille
1007 1842 1016 1868 :
1034 1826 1164 1869 «Non
1178 1832 1318 1868 morte
1332 1824 1578 1868 moriemini
1595 1843 1605 1870 z

221 1916 244 1941 »
279 1897 441 1942 sciebat
457 1896 573 1940 enim
591 1898 721 1950 Deus,
744 1895 952 1955 quoniam
973 1910 1060 1954 qua
1077 1894 1147 1938 die
1164 1895 1529 1939 manducaveritis
1557 1911 1607 1939 ex

223 1986 245 2010 »
278 1967 382 2022 illo,
418 1966 667 2026 aperientur
698 1964 814 2010 oculi
835 1965 982 2019 vestri,
1008 1973 1052 2008 et
1068 1965 1184 2009 eritis
1209 1965 1321 2009 sicut
1342 1964 1403 2010 dii
1426 1965 1607 2011 scientes

225 2058 246 2081 n
280 2039 449 2084 bonum
465 2046 508 2082 et
524 2035 688 2081 malum
703 2039 733 2081 ¹.
752 2036 999 2081 »Videmus
1019 2035 1085 2080 his
1105 2035 1248 2080 verbis
1267 2050 1344 2095 per
1360 2037 1607 2095 superbiam

221 2118 450 2170 peccatum
466 2123 556 2152 esse
573 2121 823 2167 persuasum
844 2125 854 2151 ε
873 2105 929 2150 ad
944 2106 1028 2151 hoc
1039 2106 1155 2150 enim
1171 2106 1287 2151 valet
1305 2105 1425 2166 quod
1441 2105 1608 2152 dictum

223 2190 309 2225 est:
328 2179 494 2224 «Eritis
515 2179 627 2224 sicut
647 2177 758 2222 dii.»
784 2178 903 2223 Sicut
925 2177 1055 2221 etiam
1074 2177 1158 2222 hoc
1181 2176 1302 2237 quod
1323 2176 1491 2221 dictum
1512 2186 1576 2222 est
1594 2196 1603 2222 :

228 2271 250 2294 «
285 2251 457 2296 Sciebat
473 2251 591 2295 enim
613 2253 744 2305 Deus,
764 2248 970 2310 quoniam
990 2264 1077 2308 qua
1094 2249 1164 2292 die
1179 2247 1540 2293 manducaveritis
1556 2263 1608 2292 ex

228 2339 249 2363 ³)
283 2337 351 2377 eo,
377 2322 625 2381 aperientur
647 2319 760 2365 oculi
778 2320 906 2365 vestri
917 2323 950 2375 ²,
970 2337 990 2361 »
1009 2319 1116 2379 quid
1141 2319 1214 2364 hic
1239 2319 1496 2378 intelligitur
1524 2319 1606 2362 nisi

223 2405 473 2450 persuasum
489 2406 593 2446 esse,
613 2399 664 2435 ut
684 2390 766 2435 sub
787 2393 877 2435 Deo
893 2405 982 2434 esse
1003 2388 1188 2445 nollent,
1207 2389 1283 2433 sed
1307 2390 1352 2433 in
1368 2404 1444 2433 sua
1460 2397 1605 2448 potes-

223 2471 311 2506 tate
329 2464 473 2521 potius
493 2463 583 2507 sine
605 2463 813 2519 Domino,
845 2471 896 2507 ut
911 2461 1054 2520 legem
1075 2462 1165 2521 ejus
1186 2476 1275 2506 non
1294 2460 1574 2506 observarent
1589 2495 1600 2514 ,

272 2548 286 2567 ἵ
302 2549 383 2578 Gen.
406 2558 451 2581 ιιι,
479 2547 512 2588 4.
527 2547 677 2580 —21bid.
698 2547 728 2579 5.
