1729 3143
580 186 791 215 Anvssusus
821 188 999 215 JUDAEos.
1397 182 1479 219 257

106 250 208 293 bata
227 258 271 293 et
291 250 541 293 neomenias
567 259 611 294 et
637 249 726 294 dies
755 250 886 294 festos
913 266 1064 295 eorum
1086 252 1314 296 carnaliter
1337 254 1486 298 obser-

104 334 283 374 vamus,
307 335 389 364 nec
406 320 592 364 victimis
614 335 822 379 pecorum
844 321 1134 366 sacrificamus
1150 325 1262 375 Deo,
1287 337 1367 366 nec
1389 327 1490 368 Pas-

103 388 184 432 cha
205 389 251 432 in
275 404 355 434 ove
377 398 420 434 et
443 389 603 447 azymis
631 388 827 433 similiter
854 389 1124 435 celebramus
1150 410 1158 436 :
1183 400 1226 436 et
1247 392 1281 436 si
1302 408 1388 452 qua
1410 393 1491 438 alia

100 468 247 503 vetera
269 469 537 505 sacramenta
566 459 757 518 generali
787 459 1002 504 vocabulo
1032 462 1207 507 umbras
1240 462 1492 508 futurorum

101 529 293 587 appellat
313 529 547 589 Apostolus
561 563 572 582 ‚
596 529 699 588 quia
719 543 769 571 ea
788 529 1094 587 significabant
1111 547 1189 576 suo
1208 542 1402 592 tempore
1422 549 1493 578 re-

100 597 287 642 velanda
303 633 315 651 ‚
344 615 446 658 quae
466 613 545 643 nos
568 597 757 642 revelata
779 598 1045 656 suscepimus
1062 601 1077 625 1
1097 634 1108 654 ‚
1142 610 1192 644 ut
1213 613 1375 647 remota
1395 620 1496 647 um—

102 665 180 711 bra
211 666 330 711 nuda
361 682 512 712 eorum
545 667 644 711 luce
676 666 937 711 frueremur.
973 671 1035 712 De
1064 670 1225 728 quibus
1246 672 1493 730 singillatim

101 735 229 780 nimis
249 736 432 795 longum
454 745 518 780 est
537 737 757 795 disputare
776 772 787 791 ‚
814 736 1190 796 quemadmodum
1213 742 1412 786 exuendo
1429 759 1496 787 ve·

101 813 237 849 terem
254 807 479 850 hominem
502 806 857 851 circumcidimur
871 842 882 862 ,
908 823 998 852 non
1020 809 1066 851 in
1088 808 1381 868 expoliatione
1398 828 1497 857 cor-

102 875 216 934 poris
245 877 412 934 carnis3
437 886 480 921 et
510 892 620 936 quos
644 877 764 922 cibos
788 878 929 922 vitant
955 880 1002 922 in
1031 881 1261 937 pecoribus
1278 916 1289 935 ‚
1315 884 1501 927 vitamus

102 945 149 988 in
169 947 388 1003 moribus3
411 955 455 989 et
474 946 728 990 exhibemus
747 962 930 1005 corpora
950 958 1098 993 nostra
1119 951 1307 995 hostiam
1328 951 1472 996 vivam
1487 989 1498 1008 ,

104 1025 296 1060 sanctam
313 1051 324 1071 ,
350 1020 439 1060 Deo
455 1016 702 1075 placentem
720 1052 730 1071 ‚
757 1018 827 1061 cui
843 1028 887 1062 et
905 1019 1067 1064 animas
1085 1030 1252 1065 nostras
1273 1022 1319 1066 in
1339 1024 1501 1067 deside-

103 1084 175 1128 riis
211 1086 368 1129 sanctis
402 1101 480 1143 pro
518 1086 730 1143 sanguine
772 1087 1068 1143 intelligenter
1101 1090 1374 1135 effundimus
1399 1128 1410 1147 ‚
1460 1103 1503 1138 et

104 1153 264 1198 Christi
287 1154 409 1199 velut
426 1155 524 1212 agni
541 1154 806 1197 immaculati
828 1154 1042 1210 sanguine
1061 1156 1115 1197 ab
1134 1160 1255 1200 omni
1271 1161 1502 1219 iniquitate

104 1227 384 1270 mundamur.
428 1225 515 1277 Qui
552 1232 729 1283 propter
776 1221 1107 1267 similitudinem
1153 1229 1292 1271 carnis
1334 1233 1501 1287 peccati

106 1297 237 1340 etiam
260 1294 438 1353 caprino
456 1307 612 1350 pecore
628 1294 676 1334 in
690 1292 911 1335 veteribus
928 1293 1144 1338 sacrificiis
1160 1296 1372 1353 figuratur
1391 1319 1401 1343 ·.
1420 1316 1500 1345 nec

107 1380 207 1410 eum
232 1372 362 1422 negat
382 1363 429 1406 in
448 1362 587 1406 crucis
610 1361 817 1405 cornibus
840 1370 1017 1405 taurum
1033 1397 1045 1416 ‚
1071 1364 1147 1421 qui
1168 1365 1214 1408 in
1241 1365 1317 1410 illo
1340 1384 1499 1426 agnos-

107 1436 167 1480 cit
187 1434 418 1478 maximam
439 1432 676 1476 victimam.
706 1434 757 1473 In
781 1430 858 1474 illo
886 1432 1080 1489 requiem
1102 1448 1202 1477 cum
1225 1435 1470 1484 invenimus
1484 1475 1495 1495 ‚

106 1521 207 1551 vere
229 1504 548 1549 sabbatizamus
572 1521 580 1546 :
607 1510 650 1544 et
667 1500 786 1544 lunae
811 1516 936 1544 novae
958 1502 1224 1559 observatio,
1255 1506 1355 1550 vitae
1373 1524 1498 1554 novae

108 1585 173 1620 est
194 1573 492 1618 sanctificatio.
510 1574 568 1615 Et
583 1571 746 1614 Pascha
759 1579 956 1614 nostrum
970 1571 1167 1617 Christus
1184 1583 1246 1618 est
1260 1595 1270 1631 3
1288 1586 1330 1620 et
1345 1593 1495 1635 azyma

109 1653 308 1689 nostrum
334 1643 552 1687 sinceritas
580 1639 792 1694 veritatis,
817 1640 1084 1684 fermentum
1114 1658 1204 1687 non
1231 1644 1397 1691 habens
1421 1664 1495 1693 ve-

107 1714 278 1760 tustatis
300 1732 309 1758 :
333 1722 376 1756 et
392 1713 426 1756 si
439 1727 525 1771 qua
539 1711 622 1754 alia
637 1718 756 1763 sunt,
772 1709 817 1752 in
834 1710 994 1769 quibus
1012 1727 1130 1757 nunc
1148 1714 1369 1760 immorari
1386 1734 1495 1777 opus

107 1799 197 1829 non
219 1792 309 1837 est,
334 1797 433 1841 quae
450 1780 533 1824 illis
548 1780 765 1825 veteribus
782 1778 1041 1824 adumbrata
1055 1791 1155 1826 sunt
1173 1784 1304 1843 signis
1320 1821 1330 1840 ‚
1355 1787 1402 1831 in
1419 1789 1495 1835 illo

106 1854 272 1898 habent
291 1853 426 1896 finem
442 1886 453 1906 ‚
478 1853 602 1911 cujus
630 1850 752 1909 regni
785 1865 875 1894 non
900 1851 981 1895 erit
1007 1852 1118 1896 finis.
1147 1856 1196 1897 In
1223 1855 1299 1900 illo
1331 1859 1494 1918 quippe

108 1923 254 1968 omnia
286 1921 517 1981 oportebat
545 1920 741 1979 impleri,
766 1920 843 1980 qui
865 1921 983 1965 venit
1004 1924 1164 1981 Legem
1190 1933 1234 1969 et
1256 1929 1493 1985 Prophetas

109 2008 199 2038 non
214 1991 380 2037 solvere
394 2026 405 2046 ‚
431 1991 507 2035 sed
526 1990 708 2049 implere
720 1993 752 2033 2.

168 2064 244 2106 IV.
272 2061 458 2105 Proinde
482 2059 557 2103 illa
584 2069 730 2104 vetera
752 2061 871 2118 signa
899 2075 1044 2105 rerum
1067 2077 1156 2107 non
1177 2067 1401 2112 evacuavit
1423 2085 1493 2114 ar-

109 2131 309 2191 guendo5
332 2130 410 2175 sed
429 2129 652 2189 implendo
673 2131 857 2175 mutavit
883 2150 892 2175 :
921 2141 971 2176 ut
993 2131 1073 2177 alia
1096 2145 1236 2180 essent
1257 2153 1356 2197 quae
1377 2155 1493 2185 nun-

107 2203 267 2246 tiarent
287 2201 451 2245 venisse
470 2201 560 2260 jam
581 2199 828 2254 Christum,
853 2216 941 2259 qua
961 2201 1136 2248 fuerant
1156 2204 1230 2249 illa
1255 2223 1355 2267 quae
1381 2224 1492 2267 prae-

108 2270 371 2316 nuntiabant
391 2284 479 2314 esse
499 2278 748 2313 venturum.
785 2268 901 2322 Quid
927 2270 1008 2314 sibi
1041 2282 1187 2318 autem
1211 2276 1330 2332 vult,
1369 2281 1488 2338 quod

110 2343 169 2385 sic
203 2349 501 2396 praenotantur
531 2338 708 2397 quidam
740 2338 926 2392 Psalmi,
962 2356 1071 2400 quos
1099 2352 1141 2386 et
1169 2345 1249 2403 ipsi
1270 2345 1424 2405 legunt
1445 2360 1489 2395 et

110 2413 274 2456 habent
294 2412 339 2453 in
362 2411 621 2454 Litterarum
639 2410 891 2454 auctoritate
908 2421 1154 2458 sanctarum
1173 2450 1184 2468 ,
1211 2425 1260 2460 ut
1273 2418 1318 2461 in
1337 2436 1488 2465 eorum

160 2502 169 2518 ¹
191 2494 308 2527 Coloss.
330 2505 366 2533 11,
389 2505 496 2533 17.-
511 2499 523 2515 ²
542 2493 654 2525 Matth.
674 2504 729 2533 vn,
754 2504 803 2534 17.

307 2558 492 2588 CXXXIV.
1262 2557 1308 2593 17
