1729 3143
495 250 549 275 niz
581 248 788 285 SYMBOLO‚
823 247 959 274 sumo
991 247 1038 273 11.
1407 227 1456 267 41

87 311 331 356 humilitate
354 312 516 370 pedum
551 311 689 355 cilicio
721 310 938 354 substrato
965 310 1009 352 in
1030 307 1150 353 vobis
1171 305 1463 350 celebraretur

87 397 283 436 examen,
308 391 438 440 atque
468 396 518 424 ex
546 381 668 425 vobis
698 380 984 438 extirparetur
1005 378 1202 423 diabolus
1221 375 1434 434 superbus
1449 407 1460 425 ,

84 451 189 495 dum
209 467 336 510 super
357 466 430 495 vos
456 451 682 495 invocatus
704 458 769 492 est
790 449 965 492 humilis
998 449 1227 493 altissimus
1249 446 1461 491 Christus.

84 522 245 564 Omnes
287 522 432 579 itaque
462 519 647 563 humiles
683 519 809 563 eratis
824 553 834 572 ,
871 517 1182 577 humiliterque
1221 516 1432 575 petebatis
1450 549 1461 568 ,

84 590 264 643 orando,
284 588 507 647 psallendo
524 598 655 648 atque
673 587 882 633 dicendo:
903 587 1076 631 «Proba
1097 602 1182 641 me,
1205 586 1402 637 Domine,
1422 592 1465 626 et

86 678 107 701 »
132 660 238 704 scito
260 673 335 703 cor
350 661 540 703 meum1.
562 676 582 699 »
604 659 826 712 Probavit,
850 657 1134 711 examinavit,
1166 657 1296 700 corda
1321 668 1468 699 servo-

83 744 180 772 rum
202 743 380 773 suorum
403 744 480 773 suo
495 729 651 773 timore
673 728 814 787 tetigit
831 763 841 783 ,
863 727 1089 772 diabolum
1112 741 1188 770 sua
1212 725 1373 768 virtute
1396 724 1467 767 fu-

82 798 214 855 gavit,
239 807 368 857 atque
385 798 440 841 ab
453 799 543 857 ejus
560 798 754 843 dominio
773 813 894 842 suam
907 796 1117 841 familiam
1135 794 1348 839 liberavit.
1370 796 1467 837 Non

81 866 202 910 aliter
222 867 293 911 hic
318 876 437 911 actus
455 878 518 912 est
541 883 704 927 pauper
721 902 733 923 ‚
757 868 880 912 aliter
903 866 1021 911 dives
1037 901 1048 921 ,
1077 865 1202 910 aliter
1232 864 1434 907 dominus
1449 897 1465 917 ,

80 935 204 980 aliter
227 952 403 981 servus:
437 957 456 979 ιι
479 938 589 990 Quia
616 952 728 982 unus
761 947 826 982 est
853 936 1053 981 omnibus
1086 934 1290 978 introitus
1320 932 1373 975 ad
1403 933 1466 974 vi-

85 1023 106 1045 »
133 1015 218 1049 tam
231 1010 264 1050 ².
285 1025 305 1047 »
322 1017 364 1051 et
377 1008 477 1051 sisic
492 1007 546 1051 ad
568 1007 680 1051 hanc
698 1006 895 1065 fragilem
912 1015 1043 1065 atque
1056 1004 1284 1059 caducam,
1301 1010 1468 1060 quanto

77 1076 212 1131 magis
236 1075 291 1117 ad
305 1075 421 1118 illam
442 1075 732 1119 immortalem
757 1084 890 1135 atque
910 1074 1244 1133 sempiternam?

136 1147 192 1187 ΙΙ.
230 1147 416 1201 Purgata
446 1146 594 1202 itaque
628 1145 790 1188 familia
814 1145 1146 1203 Redemptoris‚
1181 1151 1465 1200 posteaquam

75 1214 263 1257 cantavit
280 1214 498 1257 canticum
521 1213 684 1265 salutis,
707 1215 870 1271 accepit
887 1214 1084 1269 Symboli
1108 1212 1349 1253 remedium
1365 1225 1467 1253 con-

78 1291 142 1325 tra
165 1283 372 1340 serpentis
398 1297 612 1325 venenum
638 1302 645 1326 ι
671 1291 720 1325 ut
743 1283 776 1325 si
801 1281 979 1340 quando
993 1279 1180 1323 voluerit
1198 1279 1467 1322 adversarius

77 1350 275 1395 diabolus
297 1352 442 1394 denuo
464 1349 672 1403 insidiari,
688 1351 856 1393 noverit
882 1349 1131 1407 redemptus
1155 1363 1255 1391 cum
1268 1347 1467 1404 Symboli

77 1430 346 1464 sacramento
370 1430 412 1464 et
436 1420 575 1463 crucis
591 1419 748 1463 vexillo
771 1420 808 1461 ei
832 1418 991 1461 debere
1013 1418 1182 1461 occurri
1205 1437 1213 1460 2
1236 1427 1283 1459 ut
1307 1417 1466 1460 talibus

78 1490 205 1533 armis
238 1489 416 1533 indutus
435 1489 561 1533 facile
581 1490 727 1531 vincat
745 1487 1037 1540 Christianus,
1063 1486 1118 1530 de
1140 1488 1208 1545 cuj
1219 1502 1265 1528 us
1287 1502 1464 1544 oppres-

75 1560 196 1604 sione
217 1559 329 1602 male
347 1569 472 1602 antea
493 1559 835 1617 triumphaverat
859 1558 1147 1616 nequissimus
1169 1556 1382 1600 diabolus.
1402 1560 1466 1600 Ex

76 1646 160 1688 qua
185 1645 229 1672 re
252 1629 377 1673 nobis
400 1628 539 1672 factus
562 1638 625 1672 est
642 1627 910 1671 adversarius
932 1626 1156 1679 diabolus,
1184 1627 1263 1669 nisi
1286 1643 1335 1669 ex
1359 1628 1463 1681 hac,

76 1701 176 1758 quia
198 1700 315 1743 videt
337 1699 496 1743 liberos
524 1714 632 1758 quos
655 1698 833 1742 tenebat
857 1708 956 1742 ante
979 1698 1188 1757 captivos,
1219 1699 1319 1757 quia
1346 1698 1466 1742 videt

74 1784 198 1812 sanos
219 1784 328 1827 quos
345 1770 431 1811 suis
445 1768 598 1827 jaculis
614 1777 904 1826 prostraverat
926 1767 1191 1821 vulneratos,
1217 1768 1319 1826 quia
1341 1767 1466 1811 videt

74 1839 217 1881 vestiri
251 1838 397 1881 denuo
430 1837 755 1881 immortalitate
787 1853 896 1897 quos
921 1839 1164 1881 nudaverat
1186 1839 1464 1896 propinando

76 1908 346 1965 iniquitatem
366 1928 377 1964 3
403 1908 503 1966 quia
523 1927 541 1948 «
566 1907 823 1966 fiiuscipulae
846 1909 938 1966 ejus
962 1908 1243 1950 comminutae
1264 1916 1391 1963 sunt3
1419 1919 1463 1950 et

81 1996 98 2018 υ
123 1993 201 2019 nos
225 1978 334 2020 eruti
369 1993 538 2031 sumus,
573 1978 835 2036 adjutorium
872 1988 1069 2021 nostrum
1106 1979 1148 2020 in
1172 1977 1347 2021 nomine
1375 1981 1463 2020 Do-

81 2065 98 2085 »
122 2047 302 2090 mmm»
319 2047 360 2090 Si
378 2046 639 2105 adjutorium
652 2057 848 2090 nostrum
861 2048 1092 2091 innomine
1105 2049 1194 2106 ejus
1212 2057 1289 2101 cst,
1304 2062 1464 2089 renun-

79 2117 232 2159 tiemus
254 2116 445 2169 diabolo,
470 2119 638 2176 pompis
654 2127 696 2161 et
720 2118 884 2176 angelis
909 2119 1012 2177 ejus.
1042 2120 1135 2161 Hoc
1153 2116 1353 2164 audistis„
1381 2118 1463 2160 hoc

76 2194 118 2228 et
141 2201 215 2229 vos
238 2185 415 2243 professi
450 2187 574 2239 estis,
608 2189 855 2231 renuntiare
883 2204 959 2233 vos
989 2187 1166 2232 diabolo
1183 2223 1193 2242 ‚
1229 2188 1399 2246 pompis
1421 2195 1464 2230 et

76 2255 238 2313 angelis
260 2257 364 2314 ejus.
394 2256 562 2310 Videte,
588 2257 879 2309 dilectissimi,
900 2259 999 2316 quia
1018 2259 1130 2302 hanc
1152 2257 1464 2317 p1·ofi.=ssionein

75 2333 260 2368 vestram
275 2326 319 2368 in
339 2325 503 2368 curiam
529 2323 728 2384 profertis
757 2326 996 2383 angelicam
1019 2347 1027 2372 :
1055 2329 1230 2372 nomina
1253 2327 1463 2384 profiten-

78 2394 185 2438 tium
214 2394 259 2437 in
288 2393 398 2438 libro
421 2396 699 2454 excipiuntur
727 2396 827 2439 vitae
843 2431 853 2449 ‚
880 2412 969 2439 non
991 2413 1013 2440 a
1037 2398 1238 2456 quolibet
1260 2398 1459 2451 homine,

75 2464 150 2508 sed
170 2481 193 2508 a
210 2466 428 2523 superiore
443 2465 614 2510 coelitus
637 2474 863 2524 potestate.
889 2467 1052 2525 Optimi
1065 2468 1155 2525 jam
1176 2476 1347 2523 tyrones
1367 2467 1459 2521 Dei,

121 2549 133 2565 ¹
155 2547 235 2578 Psal.
256 2558 407 2586 cxxxvlii,
430 2550 502 2580 23.-
524 2566 539 2571 -
557 2557 569 2571 ⁷
591 2550 664 2589 Sap.
687 2559 743 2587 vn,
762 2548 794 2579 6.
815 2565 855 2571 --
875 2547 887 2570 3
906 2550 984 2581 Psal.
1011 2561 1118 2582 cxxiii.
1140 2553 1169 2580 8.
