1729 3143
226 159 307 195 208
663 162 697 191 5.
732 162 963 190 Auensnm
994 164 1176 192 Emscom

221 231 445 276 ecclesiam
457 226 787 285 confugiebant,
805 241 894 270 non
907 226 1106 285 capiebat
1122 226 1449 273 multitudinem
1468 229 1606 285 locuS,

222 301 486 360 baptismum
503 296 792 356 extorquebat
805 297 989 356 quisque
1004 312 1027 340 a
1041 312 1129 356 quo
1148 306 1332 356 poterat.
1349 301 1450 345 Non
1467 299 1612 344 solum

221 371 267 415 in
283 369 473 423 ecclesia,
493 366 569 411 sed
585 368 715 412 etiam
733 383 810 427 per
831 368 999 422 domos,
1020 383 1098 427 per
1115 369 1230 413 vicos
1246 384 1295 413 ac
1312 367 1478 428 plateas
1497 369 1611 414 salus

220 438 474 485 sacramenti
495 438 747 497 exigebatur
765 459 773 484 ε
799 448 849 483 ut
869 438 1093 498 fugeretur
1114 439 1192 494 ira,
1213 455 1300 484 non
1318 455 1509 499 praesens
1527 441 1612 485 uti-

221 525 322 569 que,
338 508 414 552 sed
431 507 593 553 futura.
614 511 776 553 Tamen
797 518 895 568 post
911 523 1114 567 magnam
1126 508 1243 552 illam
1259 509 1609 564 tribulationem,

220 580 297 623 ubi
314 578 514 623 exhibuit
526 581 640 623 Deus
654 578 788 623 fidem
807 579 948 623 verbis
962 578 1064 633 suis,
1080 587 1123 621 et
1136 577 1387 621 revelationi
1404 580 1514 621 servi
1528 579 1611 634 sui,

222 649 358 709 coepit
379 658 430 693 ut
451 658 643 693 creverat
665 649 805 692 minui
836 649 992 704 nubes,
1029 646 1330 707 paulatimque
1356 656 1615 706 consumpta

220 729 298 765 est.
326 720 518 780 Populus
541 736 716 765 securus
734 720 962 779 paululum
980 719 1137 773 factus,
1158 719 1317 763 iterum
1340 717 1508 763 audivit
1524 733 1616 763 om-

220 791 326 836 nino
347 806 436 836 esse
459 791 752 850 migrandum,
775 790 896 850 quod
911 791 1059 835 civitas
1083 799 1191 834 esset
1212 789 1410 849 proximo
1432 789 1618 833 sabbato

220 863 438 921 peritura?
459 861 662 920 Migravit
683 876 785 905 cum
806 861 1066 919 imperatore
1097 869 1189 904 tota
1217 860 1366 904 civitas
1386 878 1396 903 ε
1421 875 1551 901 nemo
1573 858 1618 899 in

222 931 353 976 domo
384 933 600 972 remaneif,
635 946 764 962 nomn
790 931 972 962 Anxanum
1002 930 1157 966 elausit
1175 949 1184 964 z
1211 929 1339 979 longe
1369 926 1575 967 recedenS
1595 941 1620 969 a

222 991 460 1044 moenibus,
498 998 542 1034 et
573 986 717 1031 dulcia
745 997 860 1032 tecta
882 990 1128 1048 respiciens,
1165 990 1322 1036 relictis
1359 993 1619 1038 charissimis

224 1064 399 1109 sedibus
416 1075 523 1105 voce
545 1057 780 1103 miserabili
795 1058 1009 1104 valefecit.
1027 1063 1084 1104 Et
1101 1060 1269 1121 aliquot
1285 1061 1479 1107 millibus
1496 1073 1619 1109 tanta

224 1134 298 1178 illa
326 1129 566 1176 multitudo
598 1144 837 1189 progressa,
875 1144 964 1173 uno
999 1139 1147 1174 tamen
1180 1130 1275 1175 loco
1303 1130 1538 1177 fundendis
1562 1133 1618 1177 ad

225 1209 365 1249 Deum
398 1200 664 1246 orationibus
696 1208 980 1257 congregata,
1018 1215 1226 1258 magnum
1257 1201 1431 1246 fumum
1470 1204 1616 1248 subito

225 1274 349 1328 vidit,
370 1281 410 1316 et
426 1287 577 1316 vocem,
594 1285 794 1329 magnam
812 1270 951 1314 emisit
965 1271 1020 1314 ad
1035 1274 1195 1315 Deum:
1214 1272 1480 1331 tandemque
1498 1282 1620 1317 tran-

226 1343 439 1406 quillitate
456 1350 702 1400 conspecta,
722 1341 858 1384 missis
875 1340 951 1400 qui
973 1342 1288 1396 renuntiarent,
1311 1341 1495 1387 sollicita
1514 1359 1615 1403 quae

227 1412 432 1475 praedicta
468 1411 610 1455 fuerat
644 1413 751 1455 hora
786 1420 1015 1465 transacta,
1042 1420 1085 1455 et
1107 1412 1458 1456 renuntiantibus
1493 1414 1616 1473 quod

226 1485 340 1529 salva
363 1483 561 1527 universa
582 1482 747 1526 moenia
759 1490 802 1525 et
819 1490 932 1526 tecta
949 1482 1248 1536 consisterent,
1267 1498 1416 1527 omnes
1432 1499 1534 1528 cum
1556 1485 1619 1528 in-

229 1555 344 1614 genti
361 1553 648 1613 gratulatione
664 1552 903 1597 redierunt.
918 1555 1055 1598 Nemo
1071 1552 1124 1596 de
1140 1552 1272 1597 domo
1289 1569 1365 1597 sua
1379 1553 1620 1614 quidquam

229 1623 433 1684 perdidit,
454 1632 677 1682 patentem
692 1622 831 1666 omnis
849 1623 981 1665 homo
1003 1623 1113 1665 sicut
1135 1622 1296 1666 dimisit
1318 1624 1498 1668 invenit.

288 1697 410 1738 VIII.
447 1693 563 1746 Quid
585 1693 806 1736 dicemus?
844 1694 1000 1735 Utrum
1036 1693 1116 1735 ista
1155 1693 1216 1735 ira
1252 1695 1346 1747 Dei,
1387 1711 1443 1738 an
1476 1697 1620 1753 potius

229 1762 520 1810 misericordia
539 1763 649 1806 fuit?
671 1762 773 1815 Quis
794 1761 968 1805 dubitet
990 1761 1436 1806 misericordissimum
1455 1774 1622 1822 patrem

229 1837 443 1894 corrigere
478 1833 680 1887 voluisse,
716 1841 758 1875 et
794 1831 1016 1886 terrendo,
1057 1846 1147 1875 non
1183 1831 1408 1890 perdendo
1443 1835 1617 1891 punire,

230 1905 407 1967 quando
443 1903 553 1947 nihil
590 1902 834 1956 hominum,
863 1901 972 1944 nihil
993 1900 1242 1955 domorum,
1275 1901 1384 1945 nihil
1405 1904 1622 1948 moenium

233 1987 352 2023 tanta
386 1975 643 2036 impendens
667 1988 854 2033 praesens
883 1971 1103 2016 calamitas
1125 1972 1260 2016 laesit?
1296 1976 1474 2018 Prorsus
1510 1975 1622 2019 sicut

232 2049 371 2094 solent
399 2062 552 2092 manus
574 2045 680 2104 erigi
703 2044 757 2088 ad
780 2042 1023 2087 feriendum
1037 2077 1047 2097 ,
1081 2052 1124 2087 et
1146 2052 1423 2088 consternato
1444 2044 1520 2088 illo
1543 2045 1621 2104 qui

233 2119 452 2163 feriendus
474 2126 581 2171 erat,
607 2114 879 2159 miseratione
898 2113 1104 2168 revocari,
1130 2113 1188 2157 ita
1208 2111 1375 2158 factum
1394 2123 1458 2157 est
1479 2114 1544 2158 illi
1561 2115 1623 2158 ci-

234 2191 367 2236 vitati.
393 2192 704 2234 Verumtamen
735 2187 767 2230 si
791 2201 842 2229 eo
865 2194 1083 2243 tempore,
1108 2199 1196 2243 quo
1218 2183 1291 2227 illa
1308 2182 1515 2227 derelicta
1538 2199 1620 2242 po-

235 2261 360 2316 pulus
378 2260 602 2304 universus
620 2256 837 2310 abscessit,
857 2255 1039 2298 irrueret
1057 2253 1227 2297 vastitas
1249 2252 1364 2305 loco,
1390 2261 1618 2312 totamque

238 2330 388 2375 urbem
415 2332 527 2375 sicut
550 2328 784 2375 Sodomam
805 2325 936 2370 nullis
960 2324 1113 2368 saltem
1136 2323 1270 2365 ruinis
1292 2323 1619 2367 remanentibus

239 2398 510 2457 perdidisset,
535 2399 631 2459 quis
654 2398 784 2442 etiam
806 2397 864 2441 sic
886 2395 1105 2439 dubitaret
1127 2391 1246 2450 qaod
1269 2395 1382 2435 Deus
1407 2393 1622 2450 pepercis-

240 2476 303 2511 set
324 2467 386 2511 illi
403 2470 582 2524 civitati,
610 2483 697 2527 qua
720 2465 976 2525 praemonita
994 2472 1037 2508 et
1056 2462 1205 2507 territa
1223 2472 1265 2506 ct
1285 2460 1534 2509 discedente
1553 2471 1620 2507 at-
