1729 3143
204 223 256 259 28
605 229 638 257 s.
673 229 754 256 Aue
761 229 902 255 USTINI
935 229 1116 256 emscom

201 296 337 354 maJ'or
362 297 476 338 Deus
500 297 624 337 Pater
639 326 649 345 ‚
670 292 812 335 minor
843 294 955 336 Deus
984 291 1132 336 Filius.
1159 293 1302 336 Ambo
1329 293 1582 351 quidPDuo

202 364 292 407 dii?
314 363 540 407 Erubescis
573 360 742 414 dicere,
767 361 974 405 erubesce
1003 361 1196 406 credere.
1224 361 1434 405 Dominus
1466 365 1583 405 Deus

202 437 328 478 Pater
341 433 445 476 dicis
459 466 470 486 ‚
490 440 533 474 et
553 430 764 474 Dominus
787 433 900 474 Deus
922 431 1056 476 Filius
1075 451 1084 476 :
1111 441 1155 475 et
1171 432 1277 475 dicit
1298 432 1388 489 ipsc
1416 431 1553 475 Filius
1569 466 1581 486 ,

204 521 226 546 «
249 506 386 548 Nemo
408 508 548 559 potest
564 500 736 543 duobus
754 499 941 545 dominis
952 501 1153 545 servire1.
1176 520 1196 543 »
1216 504 1267 545 In
1283 500 1586 558 familiaipsius

199 573 257 616 sic
279 573 452 624 erimus,
478 579 543 624 ut,
569 569 791 630 quomodo
808 571 854 613 in
875 571 1007 616 domo
1025 587 1182 629 magna
1204 571 1282 614 ubi
1303 580 1365 615 est
1387 571 1582 629 paterfa-

199 641 338 685 milias
361 649 405 683 et
435 640 570 683 habet
598 639 735 683 filium
752 675 762 694 ‚
791 639 984 684 dicamus
1005 650 1049 684 et
1070 656 1148 684 nos
1163 675 1174 694 ‚
1191 641 1403 684 Dominus
1424 641 1581 698 major,

199 710 410 753 Dominus
433 709 605 753 minor?
628 709 897 753 Aversamini
919 710 1049 753 talem
1066 710 1389 766 cogitationem.
1413 709 1587 753 Sivobis

198 779 298 823 talia
320 779 504 823 feceritis
532 780 578 823 in
600 780 752 833 corde,
776 779 891 824 idola
914 779 1075 838 ponitis
1097 781 1143 822 in
1164 780 1306 822 anima
1329 795 1431 823 una.
1457 782 1589 822 Pror-

199 864 271 892 sus
293 849 503 908 repellite.
535 850 656 893 Prius
677 849 839 894 credite
855 885 866 904 ‚
892 859 1042 909 postea
1063 848 1309 907 intelligite.
1335 849 1419 894 Cui
1441 857 1588 892 autem

200 919 335 964 donat
356 923 486 974 Deus⁷
511 929 561 964 ut
574 936 673 964 cum
688 920 937 975 crediderit,
963 922 1050 965 cito
1067 919 1309 978 intelligat:
1327 920 1406 963 Dei
1421 919 1587 963 donum

201 999 281 1045 est⁷
306 1006 395 1034 non
417 992 605 1035 humana
627 991 851 1049 fragilitas.
880 994 1043 1035 Tamen
1064 990 1308 1034 sinondum
1329 990 1588 1048 intelligitis,

201 1061 388 1105 credite:
406 1064 519 1105 Deus
533 1078 645 1106 unus
659 1065 808 1116 Pater,
830 1064 944 1105 Deus
961 1062 1159 1106 Christus
1174 1061 1310 1105 Filius
1333 1061 1425 1104 Dei.
1449 1060 1593 1104 Ambo

201 1129 340 1188 quid?
363 1132 484 1174 Unus
506 1134 635 1174 Deus.
656 1133 714 1174 Et
730 1130 953 1189 quomodo
976 1131 1107 1173 ambo
1128 1144 1243 1172 unus
1257 1134 1371 1172 Deus
1402 1130 1594 1173 dicitur?

203 1200 466 1250 Quomodo?
488 1200 682 1240 miraris?
705 1202 757 1240 In
779 1199 963 1241 Actibus
985 1197 1313 1256 Apostolorum,
1345 1216 1365 1238 «
1392 1201 1448 1241 Et
1470 1208 1589 1253 erat,

205 1285 226 1307 »
256 1267 423 1325 inquit,
442 1265 716 1309 credentium
748 1268 894 1311 animi
920 1282 1008 1310 una
1038 1276 1081 1310 et
1110 1282 1183 1311 cor
1210 1282 1365 1310 unum.
1394 1285 1414 1308 »
1441 1268 1595 1312 Multae

208 1337 363 1380 animae
385 1345 524 1390 erant,
549 1335 656 1380 fides
678 1335 851 1380 easdem
874 1351 1004 1380 unam
1031 1336 1206 1380 fecerat.
1236 1340 1318 1380 Tot
1340 1336 1474 1380 millia
1499 1338 1595 1381 ani-

208 1421 378 1450 marum
401 1415 541 1460 erant,
567 1415 822 1450 amaverunt
842 1421 886 1449 se
903 1441 914 1460 ‚
937 1415 980 1449 et
1001 1405 1152 1449 multae
1170 1415 1271 1448 sunt
1286 1421 1373 1449 una
1393 1425 1401 1449 :
1423 1421 1596 1450 amave-

205 1485 307 1519 runt
329 1479 467 1519 Deum
485 1476 530 1518 in
548 1475 647 1533 igne
664 1475 900 1529 charitatis,
913 1484 956 1517 et
973 1490 1023 1517 ex
1035 1474 1321 1517 multitudine
1335 1475 1389 1517 ad
1406 1475 1596 1533 pulchri-

206 1544 368 1587 tudinis
398 1545 611 1588 unitatem
643 1553 874 1588 venerunt.
915 1544 958 1588 Si
987 1552 1076 1586 tam
1115 1543 1274 1586 multas
1306 1545 1470 1588 animas
1492 1544 1596 1589 fecit

208 1615 396 1658 animam
420 1629 553 1658 unam
573 1614 758 1658 charitas
778 1633 786 1658 :
816 1613 953 1673 qualis
992 1613 1176 1657 charitas
1199 1622 1262 1657 est
1285 1615 1402 1672 apud
1430 1617 1567 1658 Deum
1583 1651 1593 1669 ‚

210 1684 287 1728 ubi
309 1684 428 1727 nulla
452 1684 695 1738 diversitas,
718 1683 793 1728 sed
812 1684 979 1740 integra
999 1682 1247 1743 aequalitas?
1272 1684 1315 1728 Si
1339 1684 1384 1726 in
1406 1686 1531 1729 terris
1555 1695 1598 1730 et

209 1753 510 1797 inhominibus
532 1754 676 1812 potuit
693 1769 782 1798 esse
800 1762 919 1797 tanta
937 1753 1138 1807 charitas,
1155 1761 1206 1795 ut
1218 1753 1273 1796 de
1294 1762 1359 1796 tot
1373 1754 1598 1798 animabus

212 1822 371 1867 faceret
391 1839 521 1867 unam
544 1824 733 1867 animam
753 1842 761 1867 :
782 1824 860 1867 ubi
877 1838 1045 1882 semper
1061 1823 1358 1881 inseparabilis
1373 1822 1457 1868 fuit
1473 1828 1599 1868 Pater

211 1908 235 1937 a
271 1893 403 1947 Filio,
430 1892 564 1937 Filius
589 1909 612 1936 a
642 1896 767 1936 Patre
785 1928 796 1948 ‚
821 1902 1061 1952 potuerunt
1083 1893 1213 1936 ambo
1246 1908 1336 1937 esse
1367 1894 1450 1937 nisi
1483 1897 1597 1938 Deus

212 1978 323 2006 unus
338 1964 356 2006 P
374 1962 459 2007 Sed
482 1962 567 2005 illae
598 1963 776 2017 animae,
801 1971 844 2006 et
865 1962 1016 2006 multae
1034 1963 1190 2006 animae
1216 1962 1302 2007 dici
1330 1972 1569 2021 potuerunt
1584 2000 1595 2020 ‚

211 2043 255 2076 et
271 2034 411 2076 anima
430 2048 516 2076 una
534 2052 543 2077 ;
569 2035 686 2077 Deus
703 2042 848 2077 autem
863 2068 875 2088 ,
896 2033 973 2076 ubi
1005 2042 1068 2077 est
1089 2033 1322 2077 ineffabilis
1353 2043 1396 2077 et
1429 2049 1598 2078 summa

214 2103 480 2162 conjunctio,
505 2118 618 2147 unus
640 2106 753 2146 Deus
777 2103 862 2147 dici
877 2112 1035 2161 potest,
1061 2118 1151 2146 non
1169 2102 1227 2145 dii
1250 2103 1354 2146 duo.

272 2176 325 2217 V.
363 2173 485 2216 Facit
507 2172 626 2232 quod
648 2173 741 2217 vult
773 2177 915 2227 Pater,
940 2173 1045 2217 facit
1067 2173 1187 2233 quod
1211 2172 1307 2217 vult
1330 2173 1480 2217 Filius.
1506 2176 1598 2219 No-

214 2244 289 2287 lite
312 2251 466 2301 putare
491 2243 836 2302 omnipotentem
865 2246 1037 2286 Patrem
1064 2252 1108 2287 et
1140 2258 1229 2287 non
1251 2242 1597 2300 omnipotentem

218 2312 402 2356 Filium:
430 2328 547 2358 error
569 2322 647 2368 est,
674 2313 814 2358 delete
836 2313 920 2358 hoc
943 2314 989 2357 in
1011 2314 1150 2367 vobis,
1175 2328 1263 2357 non
1276 2313 1438 2357 haereat
1453 2314 1498 2358 in
1511 2329 1598 2359 me-

218 2381 355 2425 moria
370 2392 509 2427 vestra
526 2417 537 2438 ‚
563 2398 652 2428 non
672 2383 845 2428 bibatur
866 2383 912 2426 in
925 2383 1012 2427 fide
1026 2393 1180 2438 vestra,
1197 2392 1241 2426 et
1262 2383 1294 2426 si
1315 2382 1427 2427 forte
1445 2384 1600 2444 aliquis

219 2460 409 2495 vestrum
444 2453 623 2509 biberit,
643 2462 803 2498 vomat.
843 2453 1128 2512 Omnipotens
1146 2461 1209 2497 est
1231 2456 1373 2508 Pater,
1399 2454 1598 2513 omnipo-

269 2541 278 2556 1
300 2534 413 2566 Matth.
434 2545 473 2567 vi.
496 2536 546 2576 24.
