1729 3143
20 2750 27 2880 unu-*⁴*
23 2682 27 2694 v
31 2626 33 2639 -
25 2599 27 2610 -
20 2534 26 2549 s

415 254 497 280 LIB.
534 254 580 280 11.
619 252 672 278 DE
704 253 888 278 Monums
920 249 1261 277 MANICHAEORUM.
1445 237 1528 276 549

151 317 291 362 studia
314 320 500 378 partium
518 354 529 373 ,
560 328 602 363 ct
636 333 784 361 verum
815 333 902 361 non
930 315 1152 370 vincendi,
1183 314 1258 359 sed
1280 315 1529 359 inveniendi

151 388 283 445 gratia
301 389 497 447 quaerite.
525 386 745 448 Quidquid
768 387 882 430 enim
905 396 1055 440 nocet,
1083 386 1198 430 bono
1222 384 1368 445 aliquo
1389 385 1531 445 privat

151 472 245 501 eam
268 472 357 501 rem
380 458 449 501 cui
466 468 593 502 nocet
614 478 623 503 :
652 472 750 501 nam
774 457 808 501 si
830 455 1000 501 nullum
1022 457 1189 501 bonum
1217 456 1368 500 adimit
1384 491 1394 511 ,
1422 454 1532 500 nihil

149 543 322 586 prorsus
345 537 487 572 nocet.
510 528 625 581 Quid
642 529 724 573 hoc
742 528 952 586 apertius,
984 527 1164 573 obsecro
1179 529 1286 572 vos?
1308 526 1416 587 quid
1437 526 1532 586 pla-

149 598 247 643 nius
270 600 288 643 P
311 599 419 658 quid
451 609 539 644 tam
573 600 813 659 expositum
845 598 978 643 cuivis
1009 599 1216 643 mediocri
1242 597 1528 652 intellectori,

148 667 280 713 modo
302 684 392 715 non
415 670 655 728 pertinaci?
675 672 767 714 Hoc
790 677 935 713 autem
958 669 1097 727 posito
1113 704 1123 723 ,
1157 668 1330 713 videtur
1340 669 1431 728 jam
1447 702 1458 722 ,
1481 677 1530 712 ut

150 741 320 799 opinor,
335 739 444 800 quid
460 753 679 801 sequatur.
697 742 748 784 In
759 738 833 783 illa
846 740 1008 799 quippe
1024 749 1151 798 gente
1163 755 1294 800 quam
1311 754 1531 784 summum

150 810 313 855 malum
331 826 420 855 esse
434 812 726 871 suspicamini,
742 811 887 855 noceri
901 811 1105 870 cuiquam
1116 811 1175 855 rei
1188 819 1441 871 nonpotest,
1455 809 1532 853 ubi

149 881 258 925 nihil
275 893 339 926 est
360 882 478 927 boni.
502 882 630 935 Quod
648 881 682 925 si
696 881 795 925 duoe
814 890 979 925 naturae
999 891 1116 936 sunt,
1135 891 1184 925 ut
1197 883 1418 926 affirmatis
1433 896 1532 939 reg·
1562 928 1565 936 ,Ἰ

147 968 255 996 num
272 952 396 1007 lucis,
413 963 455 997 et
474 968 656 1011 regnum
675 952 1185 1012 tenebrarum,quoniam
1206 967 1388 1011 regnum
1406 952 1529 1006 lucis,
1564 948 1565 952 ¹

147 1025 286 1067 Deum
319 1038 408 1067 esse
439 1021 657 1077 fatemini,
694 1023 765 1066 cui
798 1021 1034 1082 simplicem
1067 1021 1302 1082 quamdam
1332 1031 1532 1066 naturam

147 1093 409 1148 conceditis,
449 1094 506 1137 ita
529 1103 578 1138 ut
607 1094 668 1137 ibi
703 1109 791 1138 non
823 1093 876 1138 sit
902 1092 1021 1137 aliud
1042 1092 1125 1137 alio
1144 1092 1358 1148 deterius,
1396 1092 1535 1137 confi-

147 1162 323 1207 teamini
346 1179 517 1208 necesse
536 1173 615 1218 est,
649 1162 769 1223 quod
792 1165 1069 1208 vehementer
1090 1162 1267 1223 quidem
1291 1171 1354 1207 est
1380 1163 1533 1207 adver-

144 1248 242 1278 sum
249 1249 339 1289 VOS,
351 1235 428 1278 sed
440 1243 587 1278 tamen
598 1249 769 1278 necesse
781 1235 1161 1289 estconfiteamini,
1175 1235 1299 1278 istam
1312 1242 1511 1277 naturam
1522 1268 1533 1288 ,

145 1319 275 1364 quam
299 1319 518 1348 summum
536 1305 703 1348 bonum
726 1320 816 1349 non
838 1305 971 1350 modo
986 1320 1076 1349 non
1098 1305 1279 1363 negatis,
1306 1304 1380 1348 sed
1403 1304 1532 1348 etiam

145 1374 425 1419 vehementer
449 1374 708 1434 persuadere
730 1376 973 1430 conamini,
1000 1390 1089 1420 esse
1111 1374 1531 1429 incommutabilem,

146 1455 188 1490 et
198 1445 569 1504 impenetrabilem
578 1480 588 1499 ,
601 1454 641 1489 et
654 1445 1047 1504 incorruptibilem,
1060 1455 1102 1490 et
1114 1445 1410 1491 inviolabilem
1423 1465 1431 1490 :
1444 1461 1533 1489 non

145 1515 260 1559 enim
279 1515 359 1559 erit
381 1515 503 1559 aliter
522 1530 741 1559 summum
760 1514 944 1569 bonum,
959 1515 1004 1558 id
1026 1524 1090 1559 est
1111 1516 1226 1558 enim
1243 1530 1331 1574 quo
1344 1514 1455 1558 nihil
1469 1524 1532 1559 est

144 1586 297 1630 melius
319 1605 326 1630 :
353 1585 427 1630 tali
459 1595 604 1630 autem
634 1596 801 1629 naturae
823 1585 970 1630 noceri
991 1583 1116 1629 nullo
1138 1593 1266 1644 pacto
1290 1593 1445 1644 potest.
1475 1588 1549 1629 At

145 1657 178 1700 si
202 1672 372 1711 nocere,
399 1657 516 1701 bono
535 1657 702 1716 privare
724 1665 802 1710 est,
827 1656 937 1700 sicut
954 1656 1150 1713 ostendi,
1174 1657 1320 1700 noceri
1338 1672 1427 1701 non
1447 1672 1530 1715 po-

145 1735 225 1772 test
247 1743 379 1785 regno
403 1726 696 1780 tenebrarum,
723 1727 824 1786 quia
844 1725 952 1769 nihil
968 1726 1027 1769 ibi
1044 1727 1149 1770 boni
1169 1736 1260 1782 est,
1281 1727 1427 1771 noceri
1441 1743 1529 1772 non

144 1807 286 1856 potest
306 1813 440 1856 regno
457 1798 581 1850 lucis,
608 1797 708 1856 quia
730 1795 980 1840 inviolabile
1003 1804 1066 1840 est
1090 1815 1099 1840 ε
1125 1796 1196 1840 cui
1207 1797 1338 1854 igitur
1354 1796 1530 1841 nocebit

143 1868 264 1928 quod
284 1867 424 1912 dicitis
447 1868 644 1912 malum?

203 1942 279 1982 VI.
315 1938 610 1991 Quamobrem
643 1952 743 1981 cum
771 1951 847 1981 vos
876 1936 1076 1996 expedire
1102 1938 1354 1996 nequeatis,
1385 1938 1530 1983 videte

142 2025 274 2070 quam
289 2009 486 2068 expedita
498 2009 551 2052 sit
564 2008 776 2052 sententia
790 2007 1013 2051 catholicae
1024 2006 1278 2066 disciplinae,
1295 2023 1393 2067 quae
1408 2007 1528 2053 aliud

143 2081 248 2125 dicit
268 2080 450 2134 bonum,
476 2078 595 2139 quod
619 2093 784 2122 summe
811 2092 859 2121 ac
881 2091 958 2136 per
985 2092 1028 2120 se
1054 2077 1219 2121 bonum
1238 2087 1328 2132 est,
1365 2087 1408 2121 et
1437 2095 1526 2123 non

143 2150 472 2210 participatione
494 2148 675 2208 alicujus
698 2148 800 2192 boni
814 2182 825 2203 ,
848 2147 923 2192 sed
945 2148 1118 2207 propria
1139 2156 1294 2191 natura
1315 2157 1358 2191 et
1378 2163 1524 2192 essen-

143 2221 228 2278 tia,
253 2219 371 2265 aliud
393 2218 514 2279 quod
543 2217 841 2278 participando
870 2218 1037 2261 honum
1066 2226 1108 2260 et
1132 2216 1358 2275 habendo3
1391 2219 1524 2263 habet

144 2299 289 2335 autem
311 2289 366 2334 de
385 2289 461 2334 illo
483 2304 652 2333 summo
670 2288 787 2333 bono
805 2297 855 2332 ut
876 2288 1041 2332 bonum
1060 2288 1134 2342 sit,
1152 2288 1197 2331 in
1213 2303 1257 2332 se
1273 2297 1416 2332 tamen
1429 2304 1513 2333 ma⁴

144 2370 274 2405 nente
294 2360 391 2415 illo,
425 2360 621 2420 nihilque
651 2359 890 2403 amittente.
918 2361 1010 2402 Hoc
1039 2367 1183 2402 autem
1211 2358 1377 2402 bonum
1401 2359 1520 2418 quod

143 2440 291 2491 postea
314 2430 521 2486 diximus,
546 2439 786 2475 creaturam
803 2437 943 2483 vocat,
962 2429 1033 2473 cui
1050 2429 1194 2473 noceri
1211 2444 1288 2488 per
1304 2428 1524 2474 defectum
1558 2448 1561 2490 g

143 2511 286 2562 potest
304 2521 312 2546 :
328 2503 451 2562 cujus
466 2501 661 2546 defectus
679 2503 791 2545 Deus
808 2509 957 2545 auctor
975 2515 1064 2544 non
1082 2509 1160 2554 est,
1182 2500 1282 2560 quia
1298 2500 1522 2555 existendi,
1560 2500 1562 2507 ’

144 2582 187 2617 et
200 2572 317 2616 utita
332 2571 490 2629 dicam,
512 2570 679 2617 essendi
699 2580 848 2615 auctor
867 2579 945 2615 est.
970 2573 1033 2615 lta
1049 2579 1091 2614 et
1105 2569 1269 2616 malum
1287 2570 1529 2616 ostenditur
1557 2619 1563 2622 ,
