1729 3143
225 236 307 274 536
319 237 325 241 “
662 240 696 269 s.
732 239 962 269 Aucvs'rmi
993 241 1174 269 Emscom

220 327 319 372 quae
341 317 496 369 praesto
526 316 627 351 sunt
653 322 783 366 parca
804 315 847 350 et
869 305 1086 351 vilissima.
1115 310 1179 350 Ita
1201 322 1289 351 non
1309 306 1451 352 solum
1469 323 1492 352 a
1511 324 1605 353 car-
1672 345 1675 355 .

221 383 348 426 nibus
366 388 408 423 et
429 379 530 423 vino
551 378 770 422 abstinent
791 393 868 436 pro
886 377 1144 421 sufficientia
1166 377 1486 423 domandarum
1506 378 1607 423 libi-

219 452 373 495 dinum
389 483 400 503 ‚
426 447 501 492 sed
524 448 577 491 ab
606 448 656 491 iis
678 448 808 492 etiam
838 463 937 508 quae
959 456 1082 492 ‘tanto
1104 449 1361 493 concitatius
1382 450 1543 494 ventris
1565 459 1609 494 et

218 520 402 579 gutturis
444 529 680 578 provocant
716 520 958 578 appetitum
977 554 987 574 ,
1022 527 1187 578 quanto
1217 520 1340 579 quasi
1372 519 1604 565 mundiora

216 590 440 636 nonnullis
457 592 472 615 1
491 589 698 634 videntur
717 608 726 634 :
747 605 835 650 quo
860 591 1037 635 nomine
1060 589 1171 635 solet
1199 599 1326 650 turpe
1348 590 1610 636 desiderium

217 662 531 723 exquisitorum
553 661 753 706 ciborum
770 696 780 716 ‚
807 662 928 721 quod
949 677 973 704 a
997 661 1200 706 carnibus
1223 660 1414 705 alienum
1437 670 1501 706 est
1517 697 1527 717 ‚
1553 663 1613 705 ri-

218 731 364 776 dicule
386 730 658 792 turpiterque
686 729 880 775 defendi.
916 732 1026 774 Sane
1048 730 1237 790 quiquid
1257 731 1497 775 necessario
1523 733 1613 775 vic-

219 804 284 848 tui
308 801 526 846 redundat
547 803 674 859 (nam
704 799 923 845 redundat
951 800 1192 857 plurimum
1215 817 1265 845 ex
1288 802 1494 861 operibus
1516 817 1612 846 ma-

219 888 388 926 nuum,
414 882 457 915 et
487 870 716 930 epularum
753 868 1050 926 restrictione)
1084 877 1205 913 tanta
1242 887 1345 915 cura
1386 872 1614 929 egentibus

219 942 496 988 distribuitur
517 976 527 995 ‚
553 948 717 999 quanta
742 953 832 982 non
854 939 910 982 ab
927 938 1028 997 ipsis
1051 938 1126 998 qui
1148 937 1418 984 distribuunt
1438 956 1616 1000 compa-

222 1022 365 1057 ratum
401 1020 479 1055 est.
514 1009 646 1055 Nullo
678 1007 811 1052 modo
843 1022 1034 1067 namque
1069 1016 1297 1066 satagunt,
1329 1018 1379 1053 ut
1409 1010 1504 1053 haec
1534 1011 1615 1054 sibi

221 1083 449 1128 abundent
471 1117 481 1136 ‚
509 1078 584 1124 sed
607 1079 727 1123 omni
750 1077 883 1123 modo
908 1086 1045 1136 agunt
1064 1113 1075 1133 ,
1100 1087 1257 1123 utnon
1275 1078 1392 1138 apud
1413 1095 1457 1124 se
1476 1095 1617 1125 rema-

222 1163 323 1197 neat
353 1152 475 1213 quod
513 1148 830 1205 abundaverit,
855 1164 994 1209 usque
1029 1149 1137 1192 adeo
1172 1158 1222 1192 ut
1255 1159 1452 1194 oneratas
1487 1151 1617 1195 etiam

222 1239 352 1268 naves
374 1224 418 1267 in
436 1238 486 1267 ea
508 1221 604 1266 loca
626 1222 803 1266 mittant
820 1256 831 1276 ,
857 1236 956 1281 quae
974 1221 1123 1279 inopes
1145 1219 1361 1264 incolunt.
1389 1223 1486 1265 Non
1509 1237 1617 1280 opus

224 1305 287 1339 est
306 1294 434 1353 plura
454 1293 508 1338 de
532 1308 578 1337 re
600 1293 823 1337 notissima
844 1291 1007 1336 dicere.

280 1367 481 1409 LXVIII.
509 1366 614 1408 Haec
637 1372 700 1406 est
725 1363 854 1406 etiam
883 1362 973 1406 vita
1004 1359 1292 1404 foeminarum
1324 1361 1415 1404 Deo
1436 1359 1619 1405 sollicite

220 1444 424 1492 casteque
457 1433 766 1487 servientium,
793 1447 891 1488 quae
914 1427 1177 1475 habitaculis
1210 1439 1443 1488 segregatae
1475 1446 1523 1475 ac
1551 1446 1619 1475 re-

223 1513 355 1548 motae
395 1518 418 1546 a
455 1501 555 1546 viris
587 1514 721 1559 quam
756 1499 1004 1558 longissime
1037 1499 1190 1555 decet,
1221 1501 1294 1559 pia
1330 1506 1504 1546 tantum
1535 1501 1618 1546 illis

221 1574 432 1618 charitate
448 1573 700 1631 junguntur
722 1579 765 1615 et
788 1569 1032 1614 imitatione
1057 1571 1229 1615 virtutis
1250 1590 1258 1616 ε
1284 1570 1339 1616 ad
1362 1588 1469 1632 quas
1489 1573 1619 1632 juve-

225 1658 333 1687 num
355 1641 504 1686 nullus
526 1655 719 1685 accessus
742 1649 804 1683 est
820 1674 831 1695 ,
856 1655 1000 1699 neque
1021 1641 1215 1700 ipsorum
1238 1642 1435 1701 quamvis
1456 1643 1618 1701 gravis-

227 1715 436 1758 simorum
457 1720 502 1755 et
516 1710 924 1769 probatissimorum
949 1725 1102 1754 senum
1123 1746 1133 1766 ‚
1166 1711 1247 1755 nisi
1269 1727 1410 1772 usque
1438 1711 1493 1756 ad
1524 1727 1620 1757 ves-

231 1781 420 1827 tibulum
457 1779 697 1822 necessaria
739 1779 968 1837 praebendi
1017 1781 1177 1839 quibus
1226 1781 1426 1840 indigent
1467 1783 1616 1840 gratia.

230 1852 439 1898 Lanificio
461 1866 653 1910 namque
675 1866 832 1910 corpus
854 1860 1055 1894 exercent
1077 1861 1207 1909 atque
1230 1859 1474 1896 sustentant
1488 1889 1499 1907 ‚
1533 1869 1622 1899 ves-
1674 1892 1678 1894 .

233 1934 381 1983 tesque
397 1923 508 1981 ipsas
528 1920 734 1964 fratribus
756 1919 938 1964 tradunt
957 1954 968 1971 ,
994 1919 1048 1963 ab
1066 1920 1115 1964 iis
1136 1920 1324 1964 invicem
1344 1922 1465 1981 quod
1485 1923 1620 1968 victui

233 2008 342 2054 opus
371 2001 435 2037 est
467 1999 750 2035 resumentes.
777 1992 867 2034 Hos
888 2005 1052 2046 moreS‚
1077 1990 1192 2034 hanc
1213 1990 1347 2035 vitam
1365 2026 1376 2046 ‚
1407 1993 1527 2037 hunc
1547 2009 1622 2039 or-

231 2065 378 2109 dinem
397 2099 408 2120 ,
434 2064 517 2107 hoc
539 2062 788 2106 institutum
810 2061 845 2104 si
865 2059 1042 2105 laudare
1064 2059 1194 2105 velim
1209 2096 1220 2116 ‚
1243 2077 1386 2122 neque
1403 2061 1535 2122 digne
1553 2079 1622 2110 va-

231 2134 299 2180 leo
316 2170 327 2190 ‚
360 2143 403 2178 et
432 2147 585 2178 vereor
616 2147 671 2176 ne
688 2132 886 2192 judicare
908 2130 1057 2176 videar
1077 2146 1154 2190 per
1178 2147 1224 2176 se
1250 2132 1393 2191 ipsum
1422 2141 1620 2178 tantum-

230 2206 363 2249 modo
389 2205 632 2264 expositum
663 2203 835 2263 placere
873 2217 962 2247 non
994 2217 1117 2261 posse
1135 2237 1147 2257 ‚
1178 2203 1213 2246 si
1235 2217 1364 2262 super
1387 2205 1619 2249 narratoris

231 2275 552 2334 simplicitatem
575 2275 842 2319 cothurnum
860 2275 988 2318 etiam
1010 2273 1248 2318 laudatoris
1271 2272 1522 2319 addendum
1540 2291 1619 2335 pu-

233 2358 392 2393 tavero.
420 2350 545 2402 Haec,
571 2347 826 2402 Manichaei,
850 2345 1153 2406 reprehendite
1169 2381 1180 2401 ‚
1205 2346 1239 2390 si
1256 2347 1449 2405 potestis.
1474 2346 1618 2391 Nolite

233 2419 354 2462 caecis
374 2419 625 2463 hominibus
655 2428 698 2463 et
725 2418 966 2463 discerncre
992 2415 1192 2462 invalidis
1225 2426 1440 2464 ostentare
1472 2425 1615 2461 nostra

236 2504 410 2533 ZlZanla.

287 2581 297 2598 ¹
319 2575 513 2608 Manicllaeis.
