1729 3143
232 171 319 212 464
661 179 695 207 s.
730 177 961 208 mensum
993 180 1173 211 zmscom

231 246 498 306 significatur
518 244 564 286 iu
586 242 781 298 Psalmis,
806 258 906 288 cum
933 243 1039 289 dicit
1066 264 1076 290 2
1112 263 1134 288 «
1152 247 1359 290 Torrente
1380 237 1614 306 voluptatis

233 336 256 360 »
283 326 371 361 tuae
393 313 561 374 potabis
583 315 697 369 e0s1,
720 331 740 355 »
765 314 850 360 hoc
872 324 936 359 est
950 315 1067 360 enim
1086 316 1228 372 Eden,
1247 316 1368 377 quod
1382 316 1514 362 latine
1534 332 1615 362 vo·
1667 361 1670 369 ,

232 387 377 445 luptas
404 383 594 428 dicitur:
621 382 831 429 dividitur
865 385 911 430 in
938 395 1127 446 quatuor
1158 395 1322 446 partes,
1358 395 1402 431 et
1429 396 1616 447 quatuor

232 458 414 502 virtutes
434 455 665 515 significat,
689 456 989 516 prudentiam,
1012 457 1316 503 fortitudinem
1331 492 1343 511 ,
1369 467 1617 518 temperan-
1670 453 1673 462 ¹

232 528 336 572 tiam
352 562 364 584 ,
393 527 620 587 justitiam.
646 526 814 572 Dicitur
843 538 989 574 autem
1012 530 1174 574 Phison
1194 531 1285 590 ipse
1308 544 1398 574 esse
1419 530 1590 588 Ganges
1604 563 1616 584 ‚

231 598 356 643 Geon
377 607 524 642 autem
545 596 688 655 Nilus,
722 597 844 659 quod
865 600 995 644 etiam
1016 600 1062 644 in
1085 601 1271 646 Jeremia
1294 601 1506 661 propheta
1528 599 1622 643 ani-

231 670 445 715 madverti
467 678 610 729 potest
631 688 640 716 z
666 685 786 716 nunc
801 670 895 716 aliis
918 672 1170 717 nominibus
1188 672 1478 734 appellantur.
1503 671 1624 716 Sicut
1651 707 1654 708 γ

232 757 352 786 nunc
376 742 556 800 Tyberis
577 741 738 787 dicitur
760 742 938 798 fluvius,
963 745 1041 804 qui
1058 745 1176 803 prius
1195 744 1358 789 Albula
1381 743 1620 787 dicebatur.

234 813 388 873 Tygris
408 829 511 860 vero
533 823 577 859 et
597 814 843 873 Euphrates
865 815 994 860 etiam
1023 831 1143 861 nunc
1171 815 1324 860 eadem
1353 814 1532 860 nomina
1556 822 1624 856 te—

233 895 367 930 nent:
389 886 550 946 quibus
568 895 717 930 tamen
731 886 982 930 nominibus
1000 887 1201 942 virtutes,
1219 896 1270 931 ut
1285 886 1374 930 dixi
1386 921 1397 942 ,
1417 884 1629 945 spiritales
1676 891 1680 939 ξ

233 956 563 1015 significantur:
581 952 702 1014 quod
716 954 848 998 etiam
869 954 1064 1013 ipsorum
1085 956 1315 999 nominum
1332 955 1631 1015 interpretatio

234 1025 385 1081 docet,
410 1026 444 1069 si
479 1025 574 1084 quis
608 1023 832 1068 hebraeam
869 1023 1067 1082 linguam
1098 1025 1168 1069 vel
1197 1040 1340 1083 syram
1365 1025 1624 1069 consideret.

239 1097 361 1142 Sicut
381 1093 623 1139 Jerusalem
642 1095 840 1155 quamvis
854 1095 908 1139 sit
921 1095 1098 1140 visibilis
1113 1105 1156 1141 et
1177 1105 1374 1140 terrenus
1391 1096 1528 1151 locus,
1548 1095 1631 1153 sig—

236 1167 386 1211 nificat
407 1174 556 1210 tamen
573 1165 795 1210 civitatem
812 1166 929 1225 pacis
950 1166 1197 1226 spiritaliter
1218 1185 1228 1213 2
1253 1176 1295 1211 et
1312 1168 1414 1212 Sion
1432 1165 1632 1226 quamvis

238 1239 293 1283 sit
312 1251 438 1282 mons
456 1238 503 1281 in
525 1245 662 1292 terra,
688 1236 1033 1296 speculationem
1056 1246 1203 1281 tamen
1223 1237 1461 1295 significat3
1487 1245 1530 1280 et
1549 1237 1633 1280 hoc

238 1324 402 1354 nomen
422 1308 468 1352 in
493 1308 817 1367 Scripturarum
830 1307 1045 1367 allegoriis
1059 1307 1114 1352 ad
1126 1306 1333 1367 spiritalia
1350 1305 1634 1366 intelligenda

240 1396 353 1441 saepe
377 1378 639 1424 transfertur
659 1397 669 1423 z
695 1388 740 1422 et
759 1378 834 1422 ille
851 1379 928 1439 qui
943 1377 1236 1423 descendebat
1255 1378 1309 1422 ab
1332 1376 1573 1422 Jerusalem
1590 1376 1635 1420 in

242 1452 417 1497 Jericho
427 1452 459 1506 ²,
485 1450 598 1495 sicut
619 1449 830 1494 Dominus
854 1448 987 1505 dicit,
1013 1449 1119 1493 etin
1136 1449 1205 1494 via
1225 1448 1478 1494 vulneratus
1493 1483 1505 1504 ,
1532 1462 1636 1493 sau-

243 1525 335 1569 cius
347 1532 391 1568 et
404 1521 637 1567 semivivus
650 1520 824 1566 relictus
837 1530 900 1565 est
917 1536 941 1565 a
955 1519 1217 1577 latronibus,
1233 1521 1386 1581 utique
1402 1521 1521 1566 locos
1534 1519 1636 1565 istos

244 1605 476 1649 terrarum,
502 1593 700 1654 quamvis
713 1591 960 1636 secundum
973 1591 1197 1636 historiam
1214 1591 1261 1636 in
1275 1600 1388 1636 terra
1407 1591 1637 1637 invenian-

246 1676 335 1723 tur,
361 1665 612 1726 spiritaliter
633 1665 751 1724 cogit
771 1662 972 1722 intelligi.

308 1739 432 1782 XIV.
468 1734 706 1780 Prudentia
729 1750 847 1794 ergo,
873 1749 972 1794 quae
993 1733 1208 1792 significat
1223 1735 1360 1794 ipsam
1377 1734 1641 1794 contempla-

251 1809 415 1854 tionem
437 1805 653 1860 veritatis,
685 1805 739 1850 ab
762 1805 883 1849 omni
904 1820 977 1849 ore
999 1805 1192 1849 humano
1215 1804 1399 1849 alienam
1414 1839 1425 1860 ,
1453 1806 1555 1865 quia
1578 1813 1642 1850 est

254 1878 488 1924 ineffabilis
499 1913 510 1934 ‚
532 1892 666 1938 quam
682 1877 716 1921 si
730 1876 878 1937 eloqui
894 1875 1015 1931 velis,
1035 1876 1225 1935 parturis
1239 1891 1333 1920 eam
1348 1877 1492 1935 potius
1508 1891 1641 1936 quam

257 1951 393 2012 paris,
418 1950 522 2011 quia
537 1949 599 1994 ibi
622 1948 788 1993 audivit
809 1956 851 1992 et
871 1947 1105 2007 Apostolus
1119 1946 1361 1991 ineffabilia
1379 1947 1526 2004 verba,
1544 1963 1644 2008 quae

257 2037 349 2067 non
371 2020 472 2066 licet
490 2018 658 2065 homini
677 2018 798 2080 loqui
812 2019 845 2061 3.
871 2020 975 2064 Haec
997 2032 1098 2076 ergo
1119 2017 1353 2078 prudentia
1379 2027 1537 2063 terram
1560 2018 1647 2062 cir-

260 2092 419 2147 cumit,
446 2107 545 2152 quae
566 2090 702 2136 habet
733 2104 911 2144 aurum,
944 2098 988 2133 et
1014 2089 1361 2145 carbunculum,
1397 2098 1440 2134 et
1457 2088 1648 2149 lapidem
1704 2128 1706 2133 ,

263 2164 508 2225 prasinum,
539 2161 586 2207 id
613 2171 689 2218 est,
716 2160 988 2222 disciplinam
1010 2161 1207 2217 vivendi,
1235 2176 1335 2221 quae
1358 2160 1412 2206 ab
1445 2161 1649 2206 omnibus

264 2235 446 2280 terrenis
464 2233 663 2279 sordibus
686 2233 808 2294 quasi
824 2231 1003 2277 decocta
1025 2232 1211 2287 nitescit,
1231 2232 1343 2277 sicut
1359 2247 1515 2276 aurum
1536 2231 1651 2291 opti-

267 2322 389 2351 mum
406 2342 417 2362 ,
442 2316 484 2351 ct
505 2305 746 2359 veritatem,
773 2318 904 2364 quam
927 2302 1047 2347 nulla
1066 2302 1229 2347 falsitas
1246 2301 1381 2346 vincit
1395 2336 1407 2355 ,
1427 2302 1538 2347 sicut
1554 2316 1651 2345 car-

271 2378 456 2423 bunculi
487 2377 634 2437 fulgor
659 2385 786 2421 nocte
817 2390 907 2420 non
942 2375 1158 2431 vincitur,
1193 2383 1236 2418 et
1264 2374 1398 2418 vitam
1419 2382 1650 2426 aeternam,

273 2466 373 2508 quae
393 2449 610 2496 viriditate
641 2447 796 2508 lapidis
825 2447 985 2507 prasini
1012 2446 1307 2506 significatur,
1332 2454 1509 2504 propter
1534 2443 1654 2501 vigo-

327 2540 336 2558 ¹
359 2534 440 2568 Psal.
461 2544 536 2577 γαν,
553 2546 587 2577 9.
607 2551 648 2558 —
664 2540 676 2557 2
696 2535 772 2567 Luc.
794 2543 828 2575 x,
848 2533 902 2567 30.
916 2549 958 2558 --
976 2531 989 2556 3
1006 2541 1025 2565 2
1043 2534 1113 2566 Cor.
1131 2543 1184 2574 κη,
1205 2530 1235 2572 4.
