1729 3143
249 188 334 227 512
689 195 724 225 s.
761 196 992 225 AUGUSTIM
1024 196 1207 225 13121500121

246 282 267 306 n
285 263 414 308 dibus
427 263 583 306 nostris
595 276 672 320 per
688 261 896 321 Spiritum
908 269 1106 305 sanctum
1116 262 1192 321 qui
1205 262 1332 307 datus
1345 271 1409 307 est
1421 264 1545 308 nobis
1556 266 1585 309 ¹:
1602 282 1622 305 »

242 334 355 378 Dicit
378 332 621 390 Propheta:
652 350 672 374 «
694 334 875 377 Sanctus
897 331 1012 376 enim
1042 331 1225 391 Spiritus
1252 331 1492 393 disciplinae
1514 335 1628 378 effu-

247 424 264 446 »
292 405 379 462 giet
398 401 592 447 dolum2.
617 421 636 444 »
664 403 748 448 Ubi
765 403 882 447 enim
899 402 1049 459 dolus,
1079 404 1263 448 charitas
1281 403 1403 449 nulla
1419 413 1497 450 est.
1518 405 1631 450 Dicit

242 474 402 519 Paulus
425 493 434 520 :
464 493 484 516 «
504 474 760 520 Conformes
778 475 871 519 fieri
887 490 966 520 nos
983 475 1181 534 imaginis
1201 474 1300 519 Filii
1318 476 1420 520 Dei3
1443 495 1451 521 :
1484 497 1500 518 »
1527 475 1630 520 dicit

242 543 459 605 Propheta
481 564 489 590 :
515 545 768 604 «Signatum
789 554 853 590 est
869 560 999 605 super
1016 561 1094 590 nos
1110 544 1260 590 lumen
1276 546 1424 591 vultus
1442 547 1521 602 tui,
1541 549 1629 591 Do·
1694 534 1696 582 Ῐ

243 634 263 657 »
290 617 452 661 mine&
473 635 494 658 »
518 616 718 662 Ostendit
734 617 894 662 Paulus
915 620 1055 662 Deum
1075 632 1165 662 esse
1185 618 1394 678 Spiritum
1410 626 1627 673 sanctum,
1694 642 1696 649 ·

240 696 284 731 et
305 686 404 732 ideo
427 703 516 732 non
539 703 629 733 esse
653 697 894 733 creaturam
916 706 926 733 ι
945 687 1051 733 dicit
1073 689 1291 748 Propheta
1311 707 1320 733 :
1352 707 1372 730 «
1391 691 1449 733 Et
1465 688 1631 732 miseris

243 775 263 797 »
291 757 503 815 Spiritum
520 768 719 802 sanctum
740 759 795 803 de
810 757 1025 803 altissimis
1040 761 1070 803 ⁵.
1093 777 1113 801 »
1149 758 1274 804 Solus
1297 759 1413 803 enim
1436 761 1551 802 Deus
1569 757 1633 802 al-

241 827 453 882 tissimus,
479 842 569 887 quo
590 827 701 870 nihil
722 837 785 870 est
807 829 951 869 altiuS.
969 828 1171 874 Ostendit
1194 829 1354 874 Paulus
1377 829 1632 873 Trinitatem

240 899 365 944 istam
383 913 522 942 unum
535 900 676 943 Deum
694 911 800 951 esse,
816 911 919 939 cum
933 895 1061 940 dicit.-
1088 896 1206 955 «Ipsi
1229 896 1403 955 gloriae.
1424 917 1444 938 »
1471 899 1632 942 dicitur
1697 928 1700 946 2

240 970 286 1014 in
309 970 456 1015 Veteri
479 972 755 1014 Testamento
788 986 797 1013 :
841 986 863 1010 «
880 966 1024 1023 Audi,
1067 967 1222 1024 Israel,
1264 968 1476 1014 Dominus
1517 972 1632 1014 Deus
1697 953 1703 978 Τ

242 1059 263 1083 »
281 1050 382 1086 tuus
398 1076 409 1096 ‚
439 1044 555 1086 Deus
574 1055 688 1084 unus
709 1041 814 1084 est⁷.
836 1058 855 1081 »

297 1114 439 1156 XXX.
476 1110 592 1165 Quid
611 1110 741 1156 vultis
763 1109 983 1171 amplius?
1000 1109 1118 1164 Quid
1135 1110 1334 1170 imperite
1352 1119 1483 1170 atque
1499 1111 1631 1171 impie

237 1184 428 1228 saevitis?
451 1182 570 1237 Quid
585 1182 781 1228 indoctas
804 1182 968 1227 animas
991 1182 1118 1227 noxia
1138 1183 1337 1227 suasione
1352 1183 1598 1242 pervertitis
1616 1184 1634 1225 ‘3
1694 1205 1698 1243 5

243 1255 476 1314 Utriusque
512 1253 776 1298 Testamenti
808 1256 923 1297 Deus
957 1268 1071 1297 unus
1103 1262 1181 1297 est.
1213 1255 1323 1298 Nam
1354 1262 1407 1297 ut
1434 1253 1515 1298 ista
1553 1253 1633 1297 sibi
1694 1253 1706 1306 ’ζ

237 1334 514 1385 congruunt,
535 1341 635 1385 quae
654 1324 708 1369 de
729 1333 916 1385 utroque
938 1325 1186 1384 posuimus3
1210 1325 1269 1370 ita
1287 1325 1417 1370 etiam
1439 1334 1598 1370 caetera
1618 1360 1629 1381 ‚
1697 1340 1699 1345 ¹

238 1398 271 1442 si
301 1397 531 1455 diligenter
557 1405 600 1440 et
629 1411 757 1456 aequo
783 1395 949 1456 judicio
980 1395 1121 1439 velitis
1152 1395 1391 1440 attendere.
1421 1395 1506 1442 Sed
1530 1396 1633 1456 quia
1698 1382 1713 1436 „²

235 1468 375 1512 multa
411 1467 619 1511 dicuntur
652 1466 928 1522 submissius,
967 1474 1010 1509 et
1040 1466 1162 1510 humi
1185 1466 1440 1526 repentibus
1471 1466 1628 1511 animis

239 1537 632 1593 accommodatius,
666 1546 715 1581 ut
744 1553 820 1597 per
851 1537 1043 1581 humana
1073 1537 1119 1580 in
1152 1536 1299 1582 divina
1332 1546 1630 1598 consurgant3

239 1609 378 1654 multa
400 1610 531 1654 etiam
553 1610 752 1667 figurate,
779 1617 829 1652 ut
850 1607 1040 1653 studiosa
1064 1623 1184 1653 mens
1217 1617 1260 1652 et
1283 1609 1474 1668 quaesitis
1504 1624 1630 1653 exer·
1694 1659 1713 1673 Η

239 1690 388 1726 ceatur
411 1680 576 1735 utilius,
597 1689 640 1724 et
656 1679 832 1724 uberius
852 1678 1026 1723 laetetur
1047 1678 1235 1723 inventis
1253 1695 1327 1724 vos
1345 1679 1525 1724 mirifica
1542 1679 1631 1724 dis·
1698 1685 1713 1734 ῥῑ

238 1753 451 1812 positione
475 1751 656 1811 Spiritus
678 1750 832 1803 sancti,
859 1749 914 1793 ad
932 1749 1212 1808 decipiendos
1230 1759 1393 1794 vestros
1412 1749 1630 1794 auditores

239 1832 283 1867 et
303 1821 602 1883 illaqueandos
624 1821 870 1865 abutimini.
896 1821 1023 1874 Quod
1046 1821 1187 1879 ipsum
1218 1835 1296 1864 cur
1319 1820 1467 1864 divina
1490 1822 1632 1880 provi-

238 1893 384 1937 dentia
395 1908 471 1938 vos
489 1891 629 1938 facere
645 1891 775 1946 sinat‚·
789 1906 1010 1951 quamque
1025 1891 1244 1935 verissime
1263 1891 1497 1950 Apostolus
1514 1891 1628 1935 dixe-

238 1965 295 2009 rit
316 1984 325 2010 :
354 1966 575 2024 «Oportet
596 1962 754 2008 multas
775 1964 960 2008 haereses
982 1977 1071 2006 esse
1088 1997 1099 2017 ‚
1133 1971 1182 2006 ut
1212 1962 1388 2022 probati
1408 1962 1628 2007 manifesti

243 2054 262 2077 »
292 2036 398 2080 fiant
427 2034 540 2080 inter
571 2049 647 2080 vos
661 2036 694 2089 S,
731 2053 748 2075 »
776 2043 819 2078 et
846 2033 1027 2092 longum
1061 2041 1124 2077 est
1156 2032 1403 2092 disputare,
1433 2042 1477 2077 et
1508 2031 1630 2093 quod

239 2105 475 2151 dicendum
506 2115 568 2150 est
597 2105 720 2150 vobis
757 2123 766 2148 z
803 2106 899 2150 Non
930 2113 993 2148 est
1027 2113 1219 2148 vestrum
1249 2105 1329 2148 ista
1370 2102 1625 2163 intelligere.

240 2180 337 2223 Non
360 2191 513 2237 parum
544 2175 650 2220 mihi
682 2175 842 2234 cogniti
865 2175 978 2218 estis.
1007 2176 1178 2219 Crassas
1196 2175 1375 2219 omnino
1398 2183 1568 2219 mentes
1587 2182 1630 2219 et

241 2263 551 2309 corporeorum
577 2246 908 2292 simulacrorum
931 2244 1137 2306 pestifero
1168 2255 1295 2305 pastu
1326 2244 1546 2290 morbidas
1573 2244 1629 2290 ad

242 2320 388 2365 divina
406 2319 644 2380 judicanda
668 2317 846 2362 defertis
862 2352 873 2372 ‚
899 2333 998 2376 quae
1028 2316 1169 2361 multo
1193 2316 1344 2361 altiora
1367 2325 1469 2361 sunt
1497 2330 1627 2376 quam

243 2391 423 2449 putatis.

769 2485 784 2503 Γ

291 2492 299 2506 ¹
320 2491 412 2521 Rom.
432 2500 465 2528 v,
487 2488 519 2520 5.
534 2505 574 2511 —
589 2494 601 2509 ²
622 2489 695 2529 Sap.
720 2498 743 2527 1,
769 2497 800 2518 ο.
822 2503 858 2509 --
877 2484 890 2509 3
909 2489 999 2519 Rom.
1021 2497 1093 2527 vm,
1117 2489 1148 2518 9.
1166 2485 1234 2516 -4
1255 2485 1335 2518 Psal.
1355 2498 1402 2527 xv,
1424 2496 1455 2527 7.
1472 2502 1505 2510 v·
1525 2484 1626 2527 ⁵Sap.

247 2556 293 2584 ix,
316 2556 365 2588 17·
385 2543 456 2569 —6
475 2547 568 2579 Rom.
590 2555 634 2585 xi,
655 2543 710 2576 36.
726 2550 794 2577 —7
814 2546 909 2577 Deut.
930 2542 1086 2586 v1,4.-
1101 2542 1115 2566 8
1138 2555 1151 2576 1
1172 2545 1243 2576 Cor.
1266 2554 1310 2583 xi,
1334 2554 1384 2585 ις).
