1729 3143
218 194 300 234 448
656 203 688 230 s.
724 202 955 231 Auensnm
978 203 1158 232 Emscom

217 270 463 331 duplicatus
495 268 721 312 denarium
752 282 983 312 numerum
1012 267 1131 312 facit.
1164 269 1366 313 Jamvero
1399 271 1453 314 ab
1489 271 1599 315 ado-

214 341 418 386 lescentia
455 348 497 383 et
527 338 757 399 deinceps,
788 339 864 383 ubi
900 339 1008 383 ratio
1035 340 1123 399 jam
1159 339 1312 399 incipit
1340 340 1386 383 in
1421 341 1598 386 homine
1662 361 1666 414 2
1715 336 1719 351 l

215 409 448 470 praevalere
466 442 477 463 ,
519 407 685 453 accedit
716 409 913 470 quinque
942 409 1137 453 sensibus
1169 409 1361 468 cognitio
1392 419 1435 454 et
1456 412 1595 466 actio,

213 481 373 541 quibus
393 480 482 525 vita
505 481 667 539 regitur
685 490 729 525 et
750 479 1074 526 administratur
1093 515 1105 536 ,
1139 489 1190 526 ut
1211 482 1302 540 jam
1332 483 1598 540 septenarius

213 565 420 595 numerus
449 551 627 611 incipiat
655 566 744 596 esse
770 571 779 596 :
810 552 888 612 qui
911 551 1107 596 similiter
1128 550 1396 610 duplicatus,
1422 561 1599 611 propter
1665 545 1668 586 3
1708 594 1722 612 2<

212 622 431 682 duplicem
447 637 595 667 sexum
613 657 624 678 ‚
655 622 702 667 in
719 621 1050 684 quatuordecim
1070 623 1420 682 generationibus
1439 624 1600 668 eminet
1666 623 1669 665 ἶ

212 701 255 737 et
285 701 490 752 apparet,
513 707 622 753 quas
644 693 811 737 habent
843 702 928 736 tres
956 701 1104 737 aetates
1125 703 1466 753 consequentes,
1501 702 1600 738 tan·
1668 697 1672 743 ζ
1722 748 1726 764 1

210 779 344 824 quam
365 762 648 809 adolescentis
677 772 720 808 et
741 763 912 824 juvenis
941 773 983 808 et
1010 764 1202 809 senioris.
1235 765 1475 809 Senectutis
1497 780 1599 809 vero

211 842 314 878 aetas
340 834 451 879 sicut
476 834 522 879 in
542 834 669 879 nobis
690 833 814 878 nullo
835 842 999 878 statuto
1031 850 1245 879 annorum
1278 844 1473 894 tempore
1494 834 1602 879 defi-

212 905 362 961 nitur,
398 904 472 950 sed
498 916 596 964 post
627 905 824 962 quinque
856 904 951 945 illas
987 914 1134 945 aetates
1168 914 1385 961 quantum
1413 906 1599 966 quisque

212 975 392 1030 vixerit,
422 972 636 1018 senectuti
660 971 897 1030 deputatur
920 990 928 1015 ι
955 972 1013 1015 sic
1047 981 1090 1015 et
1122 972 1166 1015 in
1199 972 1279 1016 ista
1301 984 1429 1018 aetate
1451 976 1598 1020 saeculi

208 1063 299 1093 non
324 1054 536 1107 apparent
555 1043 853 1103 generationes
870 1078 880 1098 ,
912 1052 960 1087 ut
983 1043 1114 1087 etiam
1131 1035 1326 1088 eccultus
1343 1046 1397 1089 sit
1418 1045 1598 1090 ultimus

208 1118 299 1163 dies
320 1152 331 1173 ,
372 1131 504 1178 quem
541 1115 704 1160 utiliter
742 1115 950 1160 Dominus
987 1114 1120 1159 latere
1155 1125 1356 1175 oportere
1391 1118 1597 1162 demons-

209 1188 340 1234 travit
356 1189 388 1231 ².

266 1260 430 1302 XLIII.
451 1257 594 1302 Habet
610 1256 741 1301 etiam
758 1257 1058 1316 unusquisque
1076 1266 1275 1301 nostrum
1288 1258 1333 1302 in
1353 1258 1479 1303 bonis
1497 1274 1598 1318 ope-

208 1329 327 1374 ribus
349 1338 393 1373 et
419 1337 534 1372 recta
558 1329 644 1372 vita
668 1337 876 1386 tanquam
899 1327 1123 1372 distinctos
1145 1328 1248 1373 istos
1270 1344 1343 1373 sex
1363 1329 1474 1385 dies,
1502 1340 1597 1389 post

207 1416 317 1461 quos
361 1399 493 1444 debet
530 1399 720 1459 quietem
761 1414 946 1458 sperare.
992 1399 1134 1443 Primo
1172 1399 1241 1442 die
1274 1398 1418 1444 lucem
1454 1400 1554 1445 fidei
1581 1436 1592 1457 ‚

207 1470 386 1531 quando
405 1471 525 1530 prius
541 1470 784 1514 visibilibus
801 1470 939 1514 credit
957 1504 967 1523 ,
993 1479 1168 1529 propter
1195 1486 1326 1530 quam
1350 1470 1484 1515 fidem
1507 1475 1595 1516 Do-

207 1543 350 1587 minus
372 1541 598 1586 visibiliter
621 1556 826 1600 apparere
856 1541 1060 1599 dignatus
1084 1553 1162 1585 est.
1191 1542 1393 1587 Secundo
1411 1543 1481 1587 die
1498 1552 1596 1587 tan-

207 1628 340 1674 quam
370 1614 695 1657 firmamentum
718 1611 986 1672 disciplinae,
1025 1628 1113 1672 quo
1136 1613 1340 1657 discernit
1368 1614 1481 1658 inter
1497 1630 1594 1658 car-

208 1684 323 1728 nalia
340 1693 384 1728 et
399 1683 620 1742 spiritalia,
640 1683 753 1727 sicut
767 1683 879 1726 inter
893 1698 1026 1742 aquas
1041 1683 1264 1728 inferiores
1277 1693 1319 1728 et
1334 1685 1590 1743 superiores.

211 1755 354 1798 Tertio
372 1754 464 1808 die,
488 1769 576 1813 quo
600 1762 789 1797 mentem
811 1768 933 1796 suam
956 1752 1011 1796 ad
1033 1752 1233 1798 ferendos
1251 1754 1467 1799 bonorum
1490 1771 1595 1815 ope-

208 1840 305 1868 rum
327 1823 495 1869 fructus
511 1859 521 1878 ,
548 1839 570 1867 a
592 1823 691 1867 labe
715 1833 757 1866 et
780 1824 988 1867 fluctibus
1011 1823 1303 1867 tentationum
1326 1825 1563 1869 carnalium
1580 1861 1590 1880 ,

209 1905 417 1955 tanquam
439 1894 603 1938 aridam
630 1903 789 1938 terram
816 1910 839 1937 a
870 1894 1268 1952 perturbationibus
1298 1896 1426 1940 maris
1452 1911 1594 1940 secer-

209 1967 297 2020 nit,
322 1975 371 2010 ut
387 1967 476 2026 jam
498 1964 633 2025 possit
650 1964 794 2009 dicere
820 1983 828 2008 ε
859 1983 878 2005 «
903 1967 1050 2008 Mente
1071 1965 1210 2009 servio
1231 1965 1314 2023 legi
1337 1966 1441 2021 Dei,
1466 1982 1595 2011 carne

211 2055 231 2079 »
251 2047 396 2082 autem
417 2036 501 2096 legi
520 2036 726 2097 peccati2.
748 2054 766 2076 »
790 2037 953 2089 Quarto
971 2035 1062 2090 die,
1083 2051 1171 2095 quo
1182 2036 1271 2095 jam
1289 2037 1335 2080 in
1351 2036 1427 2081 illo
1445 2038 1595 2082 firma-

209 2118 358 2154 mento
386 2107 625 2168 disciplinae
657 2105 867 2167 spiritales
898 2106 1207 2166 intelligentias
1233 2117 1436 2167 operatur
1465 2118 1595 2169 atque

209 2180 437 2240 distinguit
456 2216 467 2236 ,
502 2178 622 2224 videt
659 2194 758 2239 quae
796 2176 850 2223 sit
886 2178 1250 2222 incommutabilis
1286 2179 1442 2225 veritas
1459 2215 1470 2235 ,
1495 2196 1596 2240 quae

210 2260 416 2312 tanquam
438 2252 503 2297 sol
531 2251 671 2310 fulget
700 2250 745 2294 in
778 2250 948 2307 anima3
974 2258 1017 2293 et
1049 2249 1420 2309 quemadmodum
1452 2251 1594 2295 anima

211 2323 341 2381 ipsius
363 2323 555 2368 veritatis
582 2323 796 2382 particeps
818 2322 919 2375 fiat,
956 2330 997 2364 et
1020 2320 1190 2379 corpori
1210 2321 1406 2365 ordinem
1430 2331 1472 2365 et
1496 2321 1593 2380 pul-

211 2393 501 2438 chritudinem
525 2401 698 2453 praestet
719 2427 729 2446 ,
768 2400 975 2451 tanquam
998 2390 1102 2435 luna
1120 2391 1367 2436 illuminans
1388 2402 1554 2436 noctem
1579 2413 1590 2448 3

213 2473 255 2508 ct
293 2465 661 2524 quemadmodum
696 2463 831 2508 stellae
869 2478 1018 2508 omnes
1041 2498 1051 2518 ,
1101 2462 1260 2507 scilicet
1296 2463 1592 2520 intelligentiae

262 2555 269 2571 ¹
292 2550 409 2583 Maith.
429 2561 516 2591 xxiv,
535 2550 585 2581 36.
602 2566 639 2572 -
656 2556 667 2571 ²
689 2551 779 2580 Rom.
800 2558 855 2586 vu,
876 2547 930 2578 25.
