1729 3143
0 742 20 772 Ῥ
0 601 21 702 ἐ·ἕῑ
0 530 22 560 Εἴ
0 459 18 489 -““-”’

0 885 19 925 S,

0 942 18 984 si

4 1395 14 1403 ι
0 1333 14 1353 -i
0 1241 16 1270 ὶό
0 1169 16 1199 Β
0 1097 18 1126 Ξ

307 243 390 271 LIB.
425 243 456 270 1.
492 242 546 270 DE
578 242 762 270 MORIBUS
794 241 995 270 ECCLBSIAE
1025 239 1282 269 CATHOLICAE.
1406 229 1488 268 507

111 307 350 354 inviolabili
372 317 414 352 et
436 307 785 353 incommutabili
807 322 974 367 semper
995 321 1169 352 manere
1195 315 1350 350 natura
1377 306 1492 351 veri-

112 379 210 424 tatis
233 387 365 439 atque
385 378 607 438 sapientiae
630 398 639 424 :
664 379 708 422 in
725 393 770 422 se
787 371 931 422 autem
950 379 1104 423 cadere
1120 392 1244 438 posse
1264 375 1491 421 stultitiam

111 458 242 509 atque
271 448 486 494 fallaciam
503 484 515 504 ‚
539 449 608 494 vel
634 457 812 509 propter
832 463 996 493 errores
1019 449 1176 509 quibus
1204 447 1304 493 exui
1325 445 1495 492 deside-

111 528 179 564 rat
192 553 204 575 ‚
229 519 442 564 confiteri.
471 518 556 564 Sed
577 534 722 563 rursus
743 533 895 564 cavere
915 519 1047 563 dehet
1066 553 1077 574 ‚
1108 534 1164 563 ne
1185 518 1240 563 ab
1262 517 1394 578 ipsius
1417 517 1495 562 Dei

110 590 320 636 charitate
335 624 347 645 ‚
376 606 463 651 qua
486 591 779 635 sanctificatur
801 599 851 634 ut
873 589 1143 634 beatissimus
1164 599 1362 644 maneat,
1388 588 1496 633 alte-

110 661 199 706 rius
215 670 426 706 creaturae
441 695 452 716 ‚
477 660 522 705 id
544 670 608 706 est
625 696 636 716 ‚
658 661 789 721 hujus
810 659 1021 705 sensibilis
1038 659 1192 705 mundi
1213 675 1358 706 amore
1374 675 1497 720 sepa-

113 741 247 776 retur.
274 734 374 778 Non
395 731 527 790 igitur
547 740 717 791 separat
737 747 816 777 nos
838 731 919 776 alia
946 741 1144 776 creatura
1161 766 1173 786 ‚
1198 733 1231 774 si
1250 731 1428 790 quidem
1454 740 1499 775 et

110 816 189 846 nos
222 801 303 860 ipsi
337 809 535 845 creatura
568 816 745 856 sumus,
784 817 808 846 a
836 802 1045 846 charitate
1071 800 1176 855 Dei,
1216 815 1316 860 quae
1352 809 1417 845 est
1451 800 1497 844 in

109 872 284 918 Christo
305 873 330 916 J
334 886 410 916 esu
431 872 619 914 Domino
637 880 802 914 nostro.

167 943 316 986 XXII.
349 940 472 985 Dicat
493 940 620 985 nobis
641 939 758 985 idem
788 939 949 985 Paulus
966 975 978 996 ,
1001 940 1098 1001 quis
1121 941 1202 986 iste
1222 942 1275 986 sit
1302 941 1499 987 Christus

110 1015 235 1058 Jesus
271 1012 483 1057 Dominus
515 1020 662 1056 noster
687 1030 697 1057 :
726 1031 743 1052 «
772 1012 945 1057 Vocatis
965 1047 976 1068 ‚
1013 1012 1156 1072 inquit
1173 1047 1184 1068 ,
1213 1012 1499 1073 praedicamus

112 1102 134 1126 »
160 1083 382 1128 Christum
416 1083 494 1127 Dei
527 1083 744 1127 Virtutem
779 1092 822 1128 et
856 1084 934 1128 Dei
963 1084 1226 1143 Sapientiam
1244 1086 1276 1128 1.
1303 1102 1324 1126 »
1349 1085 1466 1138 Quid
1484 1119 1497 1141 ‚

110 1155 201 1214 ipse
217 1153 416 1199 Christus
435 1168 584 1198 nonne
597 1154 741 1214 inquit
761 1172 770 1199 ε
795 1156 921 1213 «Ego
938 1169 1034 1199 sum
1056 1156 1314 1200 Veritas²‘?»
1338 1155 1382 1201 Si
1397 1171 1501 1215 ergo

111 1224 346 1284 quaerimus
367 1224 476 1284 quid
503 1224 557 1269 sit
584 1224 696 1268 bene
724 1225 868 1270 vivere
885 1259 896 1280 ‚
927 1224 973 1269 id
995 1234 1084 1280 est,
1109 1224 1165 1269 ad
1184 1225 1501 1271 beatitudinem

113 1295 226 1341 bene
247 1294 438 1340 vivendo
459 1295 638 1340 tendere
654 1330 665 1351 ‚
690 1295 736 1340 id
759 1296 841 1340 erit
863 1295 1060 1355 profecto
1082 1311 1225 1341 amare
1250 1297 1468 1342 Virtutem
1485 1333 1497 1354 ‚

114 1380 259 1410 amare
282 1366 544 1426 Sapientiam
562 1401 574 1422 ‚
613 1381 756 1411 amare
788 1367 1025 1412 Veritatem
1043 1403 1054 1423 ‚
1081 1376 1123 1412 et
1155 1382 1298 1412 amare
1330 1383 1380 1412 ex
1406 1377 1501 1414 toto

113 1437 245 1482 corde
265 1471 277 1493 ‚
311 1446 355 1481 et
383 1452 434 1481 ex
466 1446 557 1483 tota
579 1438 722 1482 anima
742 1472 753 1493 ‚
794 1447 838 1482 et
867 1453 918 1482 ex
950 1447 1041 1483 tota
1072 1447 1248 1496 mente3
1285 1438 1501 1484 Virtutem

114 1523 215 1569 quae
250 1507 511 1552 inviolabilis
541 1517 584 1553 et
613 1509 772 1553 invicta
809 1517 898 1565 est,
944 1509 1207 1569 Sapientiam
1243 1510 1313 1554 cui
1354 1510 1501 1555 stulti-

115 1579 175 1623 tia
206 1593 298 1622 non
331 1579 548 1633 succedit,
580 1579 818 1624 Veritatem
843 1595 943 1640 quae
979 1581 1172 1625 converti
1211 1589 1342 1641 atque
1378 1580 1503 1626 aliter

116 1663 250 1709 quam
279 1663 445 1709 semper
484 1657 547 1693 est
579 1664 669 1693 sese
694 1649 855 1694 habere
888 1665 978 1696 non
1005 1651 1141 1695 novit.
1174 1654 1256 1696 Per
1278 1651 1390 1696 hanc
1410 1652 1502 1712 ipse

116 1719 308 1764 cernitur
338 1723 492 1778 Pater3
526 1721 692 1765 dictum
725 1730 789 1765 est
814 1722 958 1767 enim:
985 1739 1006 1765 (t
1023 1724 1162 1768 Nemo
1191 1725 1312 1768 venit
1340 1723 1394 1767 ad
1416 1726 1502 1768 Pa-

0 1825 7 1832 .
74 1835 80 1841 ,
115 1799 252 1846 trem,
288 1789 369 1834 nisi
402 1806 480 1851 per
507 1793 624 1836 me3.
659 1812 677 1834 »
709 1792 822 1837 Huic
854 1793 1071 1837 haeremur
1092 1808 1168 1852 per
1194 1794 1501 1840 sanctificatio-

117 1877 233 1906 nem.
259 1862 523 1907 Sanctificati
548 1864 662 1908 enim
686 1863 814 1924 plena
846 1873 889 1909 et
913 1865 1080 1925 integra
1101 1865 1310 1911 charitate
1339 1867 1500 1927 flagra-

116 1947 240 1987 mus,
262 1948 349 1991 qua
371 1932 460 1978 sola
482 1934 670 1978 efficitur
696 1943 746 1978 ut
775 1950 798 1978 a
826 1937 917 1979 Deo
945 1951 1035 1979 non
1062 1944 1309 1981 avertamur
1325 1971 1337 1992 ,
1372 1937 1501 1996 eique

64 2031 66 2033 -
116 2003 258 2063 potius
280 2018 413 2062 quam
434 2003 537 2047 huic
559 2004 726 2049 mundo
742 2004 1082 2049 conformemur.
1106 2023 1146 2062 y«
1171 2006 1501 2052 Praedestinavit

118 2092 140 2116 »
167 2074 284 2118 enim
299 2109 310 2129 ‚
340 2083 391 2118 ut
408 2074 467 2119 ait
488 2074 604 2119 idem
624 2075 858 2136 Apostolus
873 2111 886 2132 ‚
910 2075 1155 2122 conformes
1175 2092 1254 2123 nos
1274 2077 1368 2123 fieri
1390 2078 1501 2124 ima-

117 2145 224 2204 ginis
241 2144 338 2188 Filii
352 2145 443 2205 ejus
459 2146 489 2189 4.
514 2163 535 2187 »

175 2217 343 2260 XXIII.
370 2216 442 2261 Fit
466 2231 568 2276 ergo
589 2232 667 2276 per
686 2218 941 2263 charitatem
963 2227 1014 2263 ut
1035 2217 1359 2265 conformemur
1381 2222 1472 2265 Deo
1487 2255 1499 2276 ,

116 2295 160 2331 et
180 2301 232 2330 ex
254 2289 344 2332 Deo
372 2286 633 2333 conformati
657 2296 787 2348 atque
807 2289 1093 2349 configurati,
1121 2299 1165 2335 et
1186 2290 1427 2335 circumcisi
1445 2291 1501 2336 ab

116 2358 200 2402 hoc
227 2357 395 2404 mundo
412 2394 423 2415 ‚
453 2375 543 2405 non
570 2358 893 2405 confundamur
920 2376 1020 2405 cum
1042 2361 1093 2406 iis
1109 2396 1120 2417 ‚
1156 2378 1256 2422 quae
1276 2363 1400 2407 nobis
1421 2362 1501 2408 de-

116 2429 224 2473 bent
243 2443 334 2473 esse
356 2429 566 2490 subjecta.
593 2430 665 2474 Fit
687 2439 834 2475 autem
854 2431 936 2476 hoc
959 2447 1036 2491 per
1055 2432 1262 2492 Spiritum
1282 2442 1496 2478 sanctum.

121 2519 142 2544 «
169 2502 273 2560 Spes
296 2501 437 2557 enim,
467 2501 638 2561 inquit,
669 2517 760 2547 non
788 2501 1048 2562 confundit3
1078 2503 1286 2564 quoniam
1315 2505 1500 2551 charitas

163 2585 175 2604 ¹
196 2596 208 2617 1
229 2585 302 2618 Cor.
322 2597 346 2628 1,
365 2585 420 2628 24.
433 2603 475 2610 —
489 2592 503 2609 2
519 2588 612 2620 Joan.
633 2597 700 2630 xiv,
714 2586 749 2620 6.
765 2603 807 2612 —-
822 2586 837 2611 3
855 2587 937 2621 lbid.
952 2603 994 2612 —
1007 2586 1024 2618 4
1043 2589 1134 2622 Rom.
1154 2599 1223 2631 vul,
1241 2597 1296 2632 29.
