1729 3143
259 163 339 202 13ss
686 175 719 199 s.
756 172 986 200 Aueusnm
1017 173 1198 201 Emscopl

251 235 354 282 deta
375 236 548 296 qualem
569 234 797 293 praedIcet‚
822 234 899 278 ubi
921 235 1146 295 praedicet.
1171 237 1368 283 Christus
1391 240 1507 283 enim
1525 242 1640 284 veri-

249 315 314 351 tas
335 309 440 360 est¹‚
462 321 539 365 per
563 305 804 363 Scripturas
819 315 988 350 sanctas
1009 306 1271 365 praedicatur
1286 343 1297 363 ,
1324 310 1477 358 nonin
1499 326 1640 368 angu-

244 375 325 431 lis,
361 391 450 419 non
483 373 681 429 occulte,
713 375 791 418 sed
819 375 990 434 palam,
1037 376 1226 435 publice.
1272 397 1292 420 «
1314 381 1365 423 In
1398 379 1489 424 sole
1521 381 1640 427 enim

248 463 269 488 »
305 446 448 504 posuit
475 444 811 489 tabernaculum
840 449 1062 504 suum23»
1096 449 1179 493 hoc
1207 457 1296 503 est,
1328 449 1375 493 in
1406 449 1640 499 manifesto

244 515 474 560 collocavit
497 515 732 560 Ecclesiam
756 533 894 561 suam.
921 520 1016 561 Jam
1040 519 1110 562 hic
1133 519 1295 579 respice
1315 519 1442 564 illurn
1461 520 1537 580 qui
1559 520 1639 567 tibi

240 586 463 631 Christum
485 586 717 646 praedicat,
742 588 859 633 dicat
882 589 1057 649 qualem
1079 591 1302 638 Christum
1328 590 1556 649 praedicet.

296 658 372 701 Vt.
409 659 522 702 Ecce
544 659 773 702 haereticus
796 660 1064 704 Manichoeus
1080 695 1091 710 ,
1125 660 1201 719 qui
1226 676 1302 719 per
1324 676 1448 704 suam
1471 659 1640 708 doctri-

240 741 343 771 nam
366 728 582 786 promittit
602 728 882 773 introducere
904 739 947 773 te
971 731 1015 773 in
1043 730 1269 774 veritatem
1286 765 1297 784 ‚
1325 731 1467 789 ipsum
1491 731 1640 775 Chris-

240 806 337 842 tum
378 798 484 844 dicit
526 815 617 844 esse
649 799 866 845 fallacem.
910 803 1009 845 Non
1050 801 1227 853 habuit,
1270 801 1442 860 inquit,
1488 816 1641 847 verum
1702 836 1706 851 2

241 883 399 928 corpus
420 888 429 914 :
453 871 711 929 phantasma
735 870 842 928 fuit3
866 872 1042 930 spiritus
1064 871 1164 915 fuit.
1189 872 1341 915 Ethoc
1358 872 1403 914 in
1420 869 1495 914 illo
1511 870 1642 916 fuisse
1712 929 1715 934 Ι

240 950 370 997 negat
389 942 679 1001 nequissimus
701 943 984 986 Manichacus.
1012 943 1050 986 Ο
1072 942 1255 1001 pessime
1278 943 1480 985 haeretice
1496 942 1641 986 Mani-.

234 1009 383 1066 chace,
419 1012 454 1055 si
484 1013 663 1056 credere
698 1027 789 1055 non
818 1013 881 1056 vis
914 1013 1144 1056 veritatem
1168 1012 1387 1056 dicentem
1412 1010 1641 1068 Discipulis

236 1080 353 1122 suis:
382 1095 402 1118 «
421 1079 628 1134 Palpate,
660 1084 704 1118 et
733 1076 905 1129 videte,
931 1077 1035 1134 quia
1065 1077 1239 1134 spiritus
1269 1093 1364 1121 ossa
1388 1087 1432 1122 et
1464 1094 1641 1124 carnem

240 1166 262 1191 »
280 1163 372 1193 non
393 1147 544 1200 habet,
564 1147 678 1190 sicut
694 1161 765 1190 me
782 1145 938 1190 videtis
958 1147 1216 1191 habentem3
1233 1167 1242 1192 ε
1266 1166 1285 1188 »
1308 1149 1340 1191 si
1358 1147 1536 1192 credere
1551 1164 1642 1198 non

238 1219 326 1273 vis,
367 1227 419 1262 ut
456 1216 544 1260 dixi
564 1251 576 1271 ‚
612 1216 816 1270 Veritati‚
851 1218 876 1260 J
883 1216 1007 1260 udaeo
1041 1216 1170 1260 crede
1204 1218 1493 1275 crucifigenti.
1530 1221 1642 1269 Nam

241 1305 343 1334 cum
367 1297 417 1332 tu
438 1287 545 1331 dicis
573 1307 582 1332 ε
607 1288 806 1332 Christus
843 1290 956 1330 Deus
992 1286 1101 1341 fuit,
1137 1302 1226 1331 non
1261 1288 1394 1331 homo
1413 1322 1424 1340 ‚
1459 1287 1642 1335 Judaeus

239 1359 370 1405 dicit:
391 1362 487 1405 Non
504 1358 590 1404 fuit
616 1362 730 1402 Deus
745 1393 756 1413 ‚
782 1358 858 1402 sed
875 1358 1023 1402 homo.
1050 1357 1276 1402 Catholica
1296 1367 1506 1417 utrosque
1529 1374 1640 1403 con-

241 1431 420 1476 vincens
437 1465 448 1485 ‚
469 1433 587 1488 Ego,
613 1430 698 1483 ait,
722 1443 876 1473 verum
901 1427 1028 1471 teneo
1043 1462 1054 1482 ‚
1081 1427 1201 1487 quod
1223 1429 1420 1473 Christus
1449 1438 1493 1473 et
1526 1432 1641 1475 Deus

243 1512 308 1547 est
321 1512 365 1546 et
379 1503 528 1546 homo.
557 1504 622 1544 Tu
645 1509 807 1555 autem,
834 1500 1092 1554 Manichaee‚
1113 1499 1232 1543 unde
1245 1500 1403 1559 probas
1419 1501 1641 1548 Christum

240 1573 440 1633 spiritum
461 1571 628 1616 fuisse?
653 1571 837 1630 Spiritus
854 1569 999 1628 alapas
1022 1571 1190 1630 accepit
1204 1572 1221 1611 ²?
1243 1571 1420 1629 spiritus
1441 1571 1638 1630 spineam

240 1658 446 1688 coronam
469 1642 689 1702 portavit?
707 1642 882 1701 spiritus
906 1641 989 1684 sibi
1009 1656 1183 1685 crucem
1207 1642 1452 1701 bajulavit?
1484 1642 1529 1687 Si
1551 1643 1641 1701 spi-

240 1715 348 1758 ritus
372 1713 474 1765 fuit,
500 1715 568 1773 cuj
578 1728 625 1756 us
646 1712 904 1756 vestimenta
922 1710 1079 1755 milites
1099 1711 1374 1755 diviserunt?
1398 1712 1442 1756 Si
1463 1713 1640 1770 spiritus

242 1784 326 1829 fuit
345 1820 355 1839 ‚
381 1783 605 1844 quomodo
627 1798 730 1828 cum
747 1781 938 1827 traderet
960 1782 1160 1840 spiritum
1175 1816 1186 1836 ‚
1211 1797 1369 1841 corpus
1391 1783 1482 1840 ejus
1505 1798 1642 1842 prope

240 1855 470 1901 dimidium
500 1854 618 1899 diem
649 1854 847 1898 exanime
880 1852 1089 1912 pependit
1120 1852 1167 1895 in
1196 1854 1362 1896 cruce?
1397 1853 1440 1897 Si
1462 1853 1640 1911 spiritus

240 1926 350 1980 fuit,
383 1925 607 1986 quomodo
633 1924 747 1969 latus
779 1925 872 1983 ejus
907 1922 1178 1982 perforatum
1208 1932 1273 1966 est
1302 1923 1486 1967 lancea?
1514 1925 1638 1976 Quo-

239 1997 373 2042 modo
394 2005 620 2057 susceptus
651 2005 716 2039 est
746 2011 770 2039 a
801 1995 964 2053 Joseph
996 1992 1296 2053 sepeliendus,
1323 1992 1548 2052 quomodo
1569 2008 1639 2037 se-

240 2068 396 2128 pulcro
416 2078 480 2113 est
501 2066 737 2113 conditus?
758 2065 916 2109 Omnia
938 2064 1018 2108 ista
1044 2064 1218 2122 spiritus
1241 2063 1330 2123 pati
1358 2079 1447 2107 non
1476 2071 1634 2122 potest.

240 2141 361 2185 Sicut
383 2139 438 2184 de
464 2155 516 2183 eo
551 2147 678 2183 antea
711 2151 788 2195 per
826 2136 1065 2194 Prophetas
1100 2133 1362 2193 praedictum
1394 2143 1480 2187 est,
1511 2133 1572 2178 ita
1595 2143 1639 2179 et

238 2209 420 2255 factum.
446 2212 574 2254 Erras
592 2218 643 2253 tu
660 2207 788 2250 nimis
809 2205 996 2260 falsitas,
1024 2205 1069 2248 in
1087 2204 1291 2249 omnibus
1314 2212 1356 2247 te
1378 2212 1556 2262 superat
1567 2218 1636 2249 ve-

242 2281 359 2325 ritas.
386 2283 594 2340 Ergo-ne,
618 2278 843 2332 haeretice,
865 2285 916 2320 ut
933 2274 1062 2320 doces
1078 2310 1089 2330 ,
1109 2275 1266 2319 veritas
1279 2273 1462 2318 mentita
1484 2282 1569 2329 est,
1594 2281 1638 2318 et

242 2360 291 2394 tu
311 2366 463 2395 verum
484 2349 694 2411 praedicas
712 2350 730 2391 ἲ
752 2351 809 2393 Et
831 2347 909 2391 ubi
930 2348 1013 2391 hoc
1042 2344 1248 2405 praedicas
1267 2346 1286 2388 Ρ
1318 2347 1370 2388 In
1392 2344 1606 2389 absconso
1620 2378 1632 2399 ‚

241 2422 287 2464 in
309 2422 497 2466 occulto.
527 2422 570 2466 Si
587 2422 768 2465 veritate
791 2417 973 2462 fulcitur
991 2416 1242 2477 praedicatio
1259 2424 1335 2459 tua
1351 2449 1362 2469 ,
1387 2414 1564 2474 publica
1579 2415 1633 2460 sit

287 2514 299 2534 1
317 2508 404 2538 Joan.
434 2517 500 2545 xiv,
515 2506 546 2537 6.
568 2522 608 2527 -—
629 2513 641 2527 ²
663 2504 743 2536 Psal.
763 2513 853 2543 xvm,
874 2503 906 2533 5.
927 2519 968 2525 —
985 2499 998 2524 3
1017 2502 1092 2533 Luc.
1113 2510 1204 2540 xxiv,
1221 2499 1273 2541 39.
