1729 3143
231 181 314 220 432
659 196 691 219 s.
729 190 959 218 AUGUsTuu
993 191 1172 219 2121500121

287 259 432 301 XXII.
459 255 584 308 Quod
605 264 750 299 autem
768 254 934 300 dictum
951 264 1014 300 est
1034 276 1042 300 ;
1067 275 1088 299 «
1110 258 1167 300 Et
1186 256 1290 300 fecit
1306 259 1419 302 Deus
1435 257 1525 302 duo
1541 257 1611 301 lu-

232 345 252 369 »
278 327 458 370 minaria
474 359 485 380 ,
521 324 735 370 luminare
756 326 894 386 majus
915 325 961 369 in
981 326 1304 371 inchoationem
1326 326 1411 370 diei
1427 361 1438 382 ,
1469 337 1511 372 et
1539 327 1612 371 lu-

234 418 252 439 »
278 397 442 440 minare
459 395 602 439 minus
621 396 667 440 in
684 395 1008 441 inchoationem
1031 397 1170 442 noctis
1186 433 1198 454 ,
1226 417 1246 439 »
1273 413 1351 457 pro
1374 412 1424 441 eo
1446 398 1614 442 dictum

229 476 292 510 est
314 482 362 510 ac
385 465 420 509 si
436 464 652 511 diceretur
670 502 680 523 ,
706 467 752 511 in
770 467 1062 527 principatum
1083 467 1169 512 diei
1191 477 1234 512 et
1254 468 1300 512 in
1322 468 1613 527 principatum

229 536 383 580 noctis.
408 538 506 581 Non
528 536 644 580 enim
675 536 740 581 sol
768 537 1074 582 tantummodo
1096 538 1274 582 inchoat
1295 538 1410 582 diem
1426 573 1437 592 ,
1463 546 1507 581 et
1527 552 1617 581 non

230 606 359 649 etiam
381 606 550 666 peragit
580 616 622 652 et
649 607 748 651 finit
769 626 778 652 2
802 607 907 652 luna
934 623 1037 652 vero
1063 607 1298 667 aliquando
1327 607 1469 652 media
1490 617 1618 652 nocte

230 676 298 721 vel
320 676 366 720 in
399 677 486 720 fine
521 677 660 722 noctis
693 677 747 721 ad
779 694 856 722 nos
889 679 1085 737 procedit
1116 697 1125 723 2
1150 679 1183 721 si.
1206 693 1308 737 ergo
1331 676 1416 721 illac
1438 686 1617 732 noctes,

229 747 389 806 quibus
414 747 498 791 hoc
529 747 661 802 facit,
687 763 777 792 non
812 748 868 792 ab
900 748 980 792 ista
1008 749 1298 803 inchoantur,
1325 746 1548 808 quomodo
1574 746 1622 790 in

229 817 551 862 inchoationem
569 819 707 863 noctis
724 818 837 863 facta
857 820 951 863 est?
973 819 1016 863 Si
1034 828 1179 863 autem
1199 834 1276 878 per
1293 818 1619 862 inchoationem

230 889 493 947 principium
524 889 775 941 intelligas,
817 898 860 926 et
893 905 968 942 per
1005 890 1265 943 principium
1298 889 1619 950 principatum,
1675 902 1678 909 ·

230 955 509 1002 manifestum
544 964 636 1009 est,
674 954 777 1014 quia
804 968 881 1014 per
913 954 1026 998 diem
1059 955 1121 999 sol
1155 957 1446 1016 principatum
1470 965 1619 1012 tenet,

230 1028 335 1073 luna
357 1042 458 1072 vero
478 1042 555 1086 per
577 1035 775 1076 noctem3
796 1026 898 1085 quia
920 1026 999 1070 etsi
1021 1036 1176 1071 caetera
1199 1027 1338 1071 sidera
1361 1037 1467 1073 tunc
1485 1043 1622 1087 appa-

231 1109 327 1144 rent
343 1134 353 1154 ,
383 1098 455 1142 illa
473 1108 620 1142 tamen
638 1113 717 1142 suo
736 1097 907 1156 fulgore
929 1108 1105 1158 superat
1126 1099 1296 1155 onmia,
1322 1109 1365 1144 et
1386 1099 1485 1144 ideo
1502 1100 1622 1160 prin-

230 1187 329 1230 ceps
353 1185 503 1215 eorum
525 1170 759 1214 rectissime
782 1170 955 1214 dicitur.

287 1243 457 1286 XXIII.
493 1241 622 1293 Quod
654 1250 798 1285 autem
829 1240 996 1285 dictum
1024 1250 1087 1285 est
1112 1260 1121 1286 :
1151 1261 1168 1282 ‹<
1198 1244 1254 1286 Et
1282 1240 1480 1286 dividant
1508 1241 1622 1285 inter

234 1330 253 1352 »
280 1311 396 1355 diem
424 1319 465 1355 et
499 1320 672 1355 noctem
696 1331 703 1354 :
728 1329 748 1351 n
775 1320 918 1370 potest
940 1311 1010 1355 hic
1033 1313 1126 1355 fieri
1149 1311 1366 1356 calumnia
1383 1347 1393 1367 ,
1427 1321 1476 1356 ut
1499 1311 1621 1356 dica-

230 1391 301 1426 tur
328 1401 336 1427 2
362 1381 594 1435 Quomodo
616 1383 705 1442 jam
732 1385 844 1426 Deus
867 1382 1068 1427 diviserat
1088 1383 1283 1442 superius
1305 1384 1419 1426 inter
1441 1383 1556 1426 diem
1578 1391 1623 1426 et

230 1462 403 1497 noctem
420 1488 431 1508 ,
457 1454 491 1497 si
510 1453 594 1497 hoc
610 1488 620 1507 ,
646 1461 803 1513 quarto
821 1452 906 1508 die,
933 1452 1072 1497 sidera
1094 1453 1291 1497 faciunt?
1316 1452 1384 1497 Sic
1401 1453 1534 1511 igitur
1550 1453 1621 1497 hic

230 1524 397 1569 dictum
415 1533 480 1568 est
501 1544 508 1569 z
538 1543 556 1566 «
578 1523 783 1568 Dividant
805 1525 918 1568 inter
940 1523 1055 1568 diem
1074 1534 1117 1568 et
1133 1533 1306 1569 noctem
1324 1559 1335 1579 ,
1365 1542 1384 1565 »
1411 1532 1620 1583 tanquam

162 1613 166 1617 ·
230 1597 263 1640 si
285 1595 518 1651 diceretur,
548 1595 616 1641 Sic
633 1597 746 1641 inter
764 1612 808 1640 se
825 1596 941 1640 diem
961 1597 1159 1640 dividant
1180 1606 1223 1641 et
1240 1606 1414 1641 noctem
1433 1631 1444 1651 ,
1470 1605 1520 1640 ut
1542 1595 1621 1639 soli

230 1666 319 1711 dies
337 1667 482 1722 detur,
507 1683 593 1713 nox
616 1677 761 1711 autem
781 1666 899 1711 lunae
916 1677 959 1712 et
976 1667 1186 1712 sideribus
1204 1669 1385 1713 caeteris.
1407 1670 1514 1721 Quae
1532 1666 1621 1711 duo

225 1738 313 1796 jam
348 1739 483 1783 divisa
507 1747 653 1793 erant,
689 1739 766 1782 sed
787 1738 985 1783 nondum
1011 1740 1124 1782 inter
1145 1740 1285 1782 sidera
1307 1773 1318 1790 ‚
1347 1748 1397 1781 ut
1414 1739 1504 1797 jam
1528 1752 1615 1781 cer-

233 1818 322 1853 tum
348 1819 457 1854 esset
488 1810 542 1853 de
575 1809 765 1853 siderum
789 1824 973 1854 numero
990 1844 1000 1864 ,
1036 1809 1144 1869 quid
1174 1824 1250 1868 per
1276 1808 1422 1864 diem,
1449 1817 1492 1852 et
1514 1807 1623 1868 quid

231 1895 306 1937 per
328 1890 501 1924 noctem
524 1889 751 1939 appareret
767 1880 1035 1924 hominibus.

289 1953 453 1995 XXIV.
491 1953 587 1995 «Et
608 1950 715 1995 dixit
738 1954 852 1995 Deus
875 1970 883 1994 z
911 1950 1097 2007 Ejiciant
1120 1964 1245 2009 aquae
1262 1948 1433 2008 reptilia
1456 1948 1622 1992 anima-

235 2038 255 2062 »
281 2037 379 2066 rum
410 2022 635 2077 vivarum,
668 2031 711 2066 et
743 2021 936 2066 volatilia
969 2020 1159 2065 volantia
1192 2036 1321 2080 super
1353 2029 1513 2064 terram
1540 2019 1622 2064 sub

235 2110 254 2132 »
278 2094 554 2138 firmamento
576 2092 691 2138 coeli.
718 2096 776 2138 Et
797 2094 854 2138 sic
874 2092 1040 2137 factum
1062 2101 1138 2136 est.
1167 2095 1223 2136 Et
1246 2091 1350 2136 fecit
1367 2094 1480 2136 Deus
1505 2099 1621 2135 cetos

235 2180 255 2203 »
281 2178 486 2223 magnos,
520 2175 562 2209 et
591 2181 765 2210 omnem
792 2165 980 2209 animam
1012 2163 1265 2209 animalium
1300 2173 1342 2208 et
1374 2163 1621 2223 repentium

235 2250 254 2273 >›
281 2251 377 2291 quae
399 2237 621 2296 ejecerunt
642 2252 768 2296 aquae
786 2235 1027 2280 secundum
1043 2235 1390 2296 uniuscujusque
1409 2249 1560 2293 genus,
1580 2241 1622 2276 et

235 2321 255 2343 n
283 2318 412 2347 omne
430 2324 564 2360 genus
587 2307 762 2352 volatile
785 2317 1027 2367 pennatum
1045 2306 1287 2351 secundum
1312 2321 1461 2364 genus.
1481 2307 1538 2348 Et
1559 2303 1622 2347 vi-

238 2390 257 2412 »
284 2372 348 2416 dit
376 2377 484 2417 Deus
507 2380 605 2434 quia
630 2380 742 2423 bona
767 2387 868 2422 sunt
886 2414 896 2433 ,
923 2388 965 2422 et
987 2377 1207 2421 benedixit
1222 2376 1292 2420 illa
1315 2380 1426 2420 Deus
1447 2375 1591 2419 dicens
1611 2393 1619 2418 :

239 2459 258 2482 ³)
285 2444 474 2488 Crescite
505 2454 547 2488 et
577 2449 953 2508 multiplicamini,
986 2457 1029 2492 et
1051 2447 1214 2507 replete
1237 2463 1368 2507 aquas
1397 2448 1555 2500 maris,
1581 2451 1625 2486 ct

239 2529 259 2552 »
284 2512 476 2559 volatilia
496 2514 844 2574 multiplicentur
866 2534 995 2578 super
1024 2527 1197 2563 terram.
1226 2520 1282 2562 Et
1305 2517 1418 2561 facta
1441 2524 1504 2560 est
1527 2529 1623 2557 ves-
