<?xml version="1.0" encoding="UTF-8"?>
<!DOCTYPE html PUBLIC "-//W3C//DTD XHTML 1.0 Transitional//EN"
    "http://www.w3.org/TR/xhtml1/DTD/xhtml1-transitional.dtd">
<html xmlns="http://www.w3.org/1999/xhtml" xml:lang="en" lang="en">
 <head>
  <title>
</title>
<meta http-equiv="Content-Type" content="text/html;charset=utf-8" />
  <meta name='ocr-system' content='tesseract 3.04.00' />
  <meta name='ocr-capabilities' content='ocr_page ocr_carea ocr_par ocr_line ocrx_word'/>
</head>
<body>
  <div class='ocr_page' id='page_1' title='image "./operaomniaaccura27auguuoft/operaomniaaccura27auguuoft_0409.png"; bbox 0 0 1729 3143; ppageno 0'>
   <div class='ocr_carea' id='block_1_1' title="bbox 0 0 47 3127">
    <p class='ocr_par' dir='ltr' id='par_1_1' title="bbox 0 0 47 3127">
     <span class='ocr_line' id='line_1_1' title="bbox 0 0 47 3127; baseline 0 0"><span class='ocrx_word' id='word_1_1' title='bbox 0 0 47 3127; x_wconf 95' lang='lat' dir='ltr'> </span> 
     </span>
    </p>
   </div>
   <div class='ocr_carea' id='block_1_2' title="bbox 427 207 1469 256">
    <p class='ocr_par' dir='ltr' id='par_1_2' title="bbox 427 207 1469 256">
     <span class='ocr_line' id='line_1_2' title="bbox 427 207 1469 256; baseline -0.001 -11"><span class='ocrx_word' id='word_1_2' title='bbox 427 218 481 245; x_wconf 80' lang='lat' dir='ltr'>DE</span> <span class='ocrx_word' id='word_1_3' title='bbox 513 219 664 247; x_wconf 78' lang='lat' dir='ltr'><strong>LIBERO</strong></span> <span class='ocrx_word' id='word_1_4' title='bbox 696 217 910 256; x_wconf 69' lang='lat' dir='ltr'>Anssi‘rmo,</span> <span class='ocrx_word' id='word_1_5' title='bbox 944 219 1028 246; x_wconf 74' lang='lat' dir='ltr'>Lm.</span> <span class='ocrx_word' id='word_1_6' title='bbox 1064 219 1129 244; x_wconf 90' lang='lat'>111.</span> <span class='ocrx_word' id='word_1_7' title='bbox 1386 207 1469 246; x_wconf 85' lang='lat'>397</span> 
     </span>
    </p>
   </div>
   <div class='ocr_carea' id='block_1_3' title="bbox 28 280 1480 2593">
    <p class='ocr_par' dir='ltr' id='par_1_3' title="bbox 82 280 1480 1875">
     <span class='ocr_line' id='line_1_3' title="bbox 86 280 1468 342; baseline 0 -16"><span class='ocrx_word' id='word_1_8' title='bbox 86 281 469 341; x_wconf 77' lang='lat' dir='ltr'><strong>incorruptionem.</strong></span> <span class='ocrx_word' id='word_1_9' title='bbox 501 283 610 327; x_wconf 90' lang='lat' dir='ltr'>Nam</span> <span class='ocrx_word' id='word_1_10' title='bbox 643 283 727 328; x_wconf 91' lang='lat' dir='ltr'>hoc</span> <span class='ocrx_word' id='word_1_11' title='bbox 763 298 940 342; x_wconf 84' lang='lat' dir='ltr'>quoque</span> <span class='ocrx_word' id='word_1_12' title='bbox 969 282 1100 326; x_wconf 91' lang='lat' dir='ltr'>modo</span> <span class='ocrx_word' id='word_1_13' title='bbox 1137 295 1227 326; x_wconf 90' lang='lat' dir='ltr'>non</span> <span class='ocrx_word' id='word_1_14' title='bbox 1260 280 1468 326; x_wconf 84' lang='lat' dir='ltr'>dicuntur</span> 
     </span>
     <span class='ocr_line' id='line_1_4' title="bbox 86 351 1467 413; baseline -0.001 -16"><span class='ocrx_word' id='word_1_15' title='bbox 86 352 166 397; x_wconf 90' lang='lat' dir='ltr'>ista</span> <span class='ocrx_word' id='word_1_16' title='bbox 182 361 385 413; x_wconf 80' lang='lat' dir='ltr'>peccata,</span> <span class='ocrx_word' id='word_1_17' title='bbox 410 353 492 396; x_wconf 89' lang='lat' dir='ltr'>nisi</span> <span class='ocrx_word' id='word_1_18' title='bbox 518 353 621 413; x_wconf 90' lang='lat' dir='ltr'>quia</span> <span class='ocrx_word' id='word_1_19' title='bbox 637 366 736 411; x_wconf 84' lang='lat' dir='ltr'>caro</span> <span class='ocrx_word' id='word_1_20' title='bbox 753 351 808 395; x_wconf 92' lang='lat' dir='ltr'>de</span> <span class='ocrx_word' id='word_1_21' title='bbox 824 352 1058 411; x_wconf 82' lang='lat' dir='ltr'>propagine</span> <span class='ocrx_word' id='word_1_22' title='bbox 1075 351 1251 397; x_wconf 90' lang='lat' dir='ltr'>veniens</span> <span class='ocrx_word' id='word_1_23' title='bbox 1265 361 1467 411; x_wconf 90' lang='lat' dir='ltr'>peccato-</span> 
     </span>
     <span class='ocr_line' id='line_1_5' title="bbox 84 421 1472 480; baseline 0 -14"><span class='ocrx_word' id='word_1_24' title='bbox 84 423 164 478; x_wconf 83' lang='lat' dir='ltr'>ris,</span> <span class='ocrx_word' id='word_1_25' title='bbox 190 422 464 468; x_wconf 89' lang='lat' dir='ltr'>venientibus</span> <span class='ocrx_word' id='word_1_26' title='bbox 486 421 542 466; x_wconf 89' lang='lat' dir='ltr'>ad</span> <span class='ocrx_word' id='word_1_27' title='bbox 559 437 603 466; x_wconf 90' lang='lat' dir='ltr'>se</span> <span class='ocrx_word' id='word_1_28' title='bbox 620 422 771 466; x_wconf 85' lang='lat' dir='ltr'>animis</span> <span class='ocrx_word' id='word_1_29' title='bbox 787 422 899 466; x_wconf 86' lang='lat' dir='ltr'>hanc</span> <span class='ocrx_word' id='word_1_30' title='bbox 916 421 1210 480; x_wconf 85' lang='lat' dir='ltr'>ignorantiam</span> <span class='ocrx_word' id='word_1_31' title='bbox 1228 430 1271 466; x_wconf 88' lang='lat' dir='ltr'>et</span> <span class='ocrx_word' id='word_1_32' title='bbox 1287 421 1472 467; x_wconf 85' lang='lat' dir='ltr'>difficul-</span> 
     </span>
     <span class='ocr_line' id='line_1_6' title="bbox 86 492 1475 553; baseline 0.001 -17"><span class='ocrx_word' id='word_1_33' title='bbox 86 501 220 537; x_wconf 86' lang='lat' dir='ltr'><strong>tatem</strong></span> <span class='ocrx_word' id='word_1_34' title='bbox 239 493 366 551; x_wconf 78' lang='lat' dir='ltr'>sacit3</span> <span class='ocrx_word' id='word_1_35' title='bbox 390 509 489 552; x_wconf 78' lang='lat' dir='ltr'>quae</span> <span class='ocrx_word' id='word_1_36' title='bbox 506 508 648 552; x_wconf 91' lang='lat' dir='ltr'>neque</span> <span class='ocrx_word' id='word_1_37' title='bbox 667 492 756 547; x_wconf 85' lang='lat' dir='ltr'>his,</span> <span class='ocrx_word' id='word_1_38' title='bbox 778 506 922 551; x_wconf 89' lang='lat' dir='ltr'>neque</span> <span class='ocrx_word' id='word_1_39' title='bbox 937 493 1131 538; x_wconf 78' lang='lat' dir='ltr'>Creatori</span> <span class='ocrx_word' id='word_1_40' title='bbox 1152 502 1362 553; x_wconf 83' lang='lat' dir='ltr'>tanquam</span> <span class='ocrx_word' id='word_1_41' title='bbox 1378 492 1475 537; x_wconf 91' lang='lat' dir='ltr'>cul-</span> 
     </span>
     <span class='ocr_line' id='line_1_7' title="bbox 82 561 1477 623; baseline 0 -16"><span class='ocrx_word' id='word_1_42' title='bbox 82 564 227 622; x_wconf 83' lang='lat' dir='ltr'>panda</span> <span class='ocrx_word' id='word_1_43' title='bbox 250 563 484 607; x_wconf 83' lang='lat' dir='ltr'><strong>tribuatur.</strong></span> <span class='ocrx_word' id='word_1_44' title='bbox 511 563 640 607; x_wconf 86' lang='lat' dir='ltr'><strong>Dedit</strong></span> <span class='ocrx_word' id='word_1_45' title='bbox 661 563 778 606; x_wconf 90' lang='lat' dir='ltr'>enim</span> <span class='ocrx_word' id='word_1_46' title='bbox 797 561 872 605; x_wconf 81' lang='lat' dir='ltr'>ille</span> <span class='ocrx_word' id='word_1_47' title='bbox 893 570 936 606; x_wconf 92' lang='lat' dir='ltr'>et</span> <span class='ocrx_word' id='word_1_48' title='bbox 958 561 1213 608; x_wconf 82' lang='lat' dir='ltr'><strong>facultatem</strong></span> <span class='ocrx_word' id='word_1_49' title='bbox 1231 563 1346 607; x_wconf 90' lang='lat' dir='ltr'>bene</span> <span class='ocrx_word' id='word_1_50' title='bbox 1368 579 1477 623; x_wconf 91' lang='lat' dir='ltr'>ope-</span> 
     </span>
     <span class='ocr_line' id='line_1_8' title="bbox 85 631 1480 686; baseline 0.001 -10"><span class='ocrx_word' id='word_1_51' title='bbox 85 631 211 676; x_wconf 84' lang='lat' dir='ltr'>randi</span> <span class='ocrx_word' id='word_1_52' title='bbox 232 633 278 676; x_wconf 91' lang='lat' dir='ltr'>in</span> <span class='ocrx_word' id='word_1_53' title='bbox 299 631 524 677; x_wconf 84' lang='lat' dir='ltr'>laboriosis</span> <span class='ocrx_word' id='word_1_54' title='bbox 546 632 699 677; x_wconf 89' lang='lat' dir='ltr'>officiis</span> <span class='ocrx_word' id='word_1_55' title='bbox 713 666 724 686; x_wconf 87' lang='lat'>,</span> <span class='ocrx_word' id='word_1_56' title='bbox 750 640 794 675; x_wconf 86' lang='lat' dir='ltr'>et</span> <span class='ocrx_word' id='word_1_57' title='bbox 809 631 922 676; x_wconf 90' lang='lat' dir='ltr'>viam</span> <span class='ocrx_word' id='word_1_58' title='bbox 945 631 1048 675; x_wconf 91' lang='lat' dir='ltr'>fidei</span> <span class='ocrx_word' id='word_1_59' title='bbox 1069 633 1115 677; x_wconf 91' lang='lat' dir='ltr'>in</span> <span class='ocrx_word' id='word_1_60' title='bbox 1137 633 1364 678; x_wconf 85' lang='lat' dir='ltr'>oblivionis</span> <span class='ocrx_word' id='word_1_61' title='bbox 1389 640 1480 678; x_wconf 82' lang='lat' dir='ltr'>cae-‘</span> 
     </span>
     <span class='ocr_line' id='line_1_9' title="bbox 87 702 1478 763; baseline 0.001 -16"><span class='ocrx_word' id='word_1_62' title='bbox 87 704 218 748; x_wconf 91' lang='lat' dir='ltr'>citate</span> <span class='ocrx_word' id='word_1_63' title='bbox 245 722 253 747; x_wconf 89' lang='grc'>;</span> <span class='ocrx_word' id='word_1_64' title='bbox 272 703 490 763; x_wconf 75' lang='lat' dir='ltr'>judicium</span> <span class='ocrx_word' id='word_1_65' title='bbox 510 702 623 747; x_wconf 90' lang='lat' dir='ltr'>illud</span> <span class='ocrx_word' id='word_1_66' title='bbox 642 702 713 748; x_wconf 82' lang='lat' dir='ltr'>vel</span> <span class='ocrx_word' id='word_1_67' title='bbox 731 703 916 747; x_wconf 84' lang='lat' dir='ltr'>maxime</span> <span class='ocrx_word' id='word_1_68' title='bbox 933 737 945 758; x_wconf 88' lang='lat'>‚</span> <span class='ocrx_word' id='word_1_69' title='bbox 970 703 1090 762; x_wconf 92' lang='lat' dir='ltr'>quod</span> <span class='ocrx_word' id='word_1_70' title='bbox 1111 704 1252 748; x_wconf 88' lang='lat' dir='ltr'>anima</span> <span class='ocrx_word' id='word_1_71' title='bbox 1274 705 1413 749; x_wconf 90' lang='lat' dir='ltr'>omnis</span> <span class='ocrx_word' id='word_1_72' title='bbox 1434 714 1478 749; x_wconf 94' lang='lat' dir='ltr'>et</span> 
     </span>
     <span class='ocr_line' id='line_1_10' title="bbox 86 772 1477 835; baseline 0.001 -17"><span class='ocrx_word' id='word_1_73' title='bbox 86 773 372 834; x_wconf 81' lang='lat' dir='ltr'>quaerendum</span> <span class='ocrx_word' id='word_1_74' title='bbox 394 790 483 819; x_wconf 89' lang='lat' dir='ltr'>esse</span> <span class='ocrx_word' id='word_1_75' title='bbox 505 773 706 819; x_wconf 88' lang='lat' dir='ltr'>concedit</span> <span class='ocrx_word' id='word_1_76' title='bbox 723 772 843 834; x_wconf 92' lang='lat' dir='ltr'>quod</span> <span class='ocrx_word' id='word_1_77' title='bbox 859 773 1071 818; x_wconf 88' lang='lat' dir='ltr'>inutiliter</span> <span class='ocrx_word' id='word_1_78' title='bbox 1095 776 1247 830; x_wconf 84' lang='lat' dir='ltr'>nescit,</span> <span class='ocrx_word' id='word_1_79' title='bbox 1267 785 1310 819; x_wconf 89' lang='lat' dir='ltr'>et</span> <span class='ocrx_word' id='word_1_80' title='bbox 1330 789 1477 835; x_wconf 90' lang='lat' dir='ltr'>perse-</span> 
     </span>
     <span class='ocr_line' id='line_1_11' title="bbox 85 844 1478 891; baseline 0.001 -2"><span class='ocrx_word' id='word_1_81' title='bbox 85 853 284 889; x_wconf 84' lang='lat' dir='ltr'>veranter</span> <span class='ocrx_word' id='word_1_82' title='bbox 303 846 349 889; x_wconf 92' lang='lat' dir='ltr'>in</span> <span class='ocrx_word' id='word_1_83' title='bbox 370 845 571 890; x_wconf 87' lang='lat' dir='ltr'>officiosis</span> <span class='ocrx_word' id='word_1_84' title='bbox 591 844 818 890; x_wconf 84' lang='lat' dir='ltr'>laboribus</span> <span class='ocrx_word' id='word_1_85' title='bbox 842 845 1098 890; x_wconf 84' lang='lat' dir='ltr'>enitendum</span> <span class='ocrx_word' id='word_1_86' title='bbox 1116 845 1173 890; x_wconf 91' lang='lat' dir='ltr'>ad</span> <span class='ocrx_word' id='word_1_87' title='bbox 1193 846 1478 891; x_wconf 89' lang='lat' dir='ltr'>evincendam</span> 
     </span>
     <span class='ocr_line' id='line_1_12' title="bbox 84 915 1478 977; baseline 0.001 -17"><span class='ocrx_word' id='word_1_88' title='bbox 84 925 201 960; x_wconf 89' lang='lat' dir='ltr'>recte</span> <span class='ocrx_word' id='word_1_89' title='bbox 232 915 423 962; x_wconf 85' lang='lat' dir='ltr'>faciendi</span> <span class='ocrx_word' id='word_1_90' title='bbox 454 916 785 971; x_wconf 81' lang='lat' dir='ltr'>difficultatem⁷</span> <span class='ocrx_word' id='word_1_91' title='bbox 820 925 863 959; x_wconf 88' lang='lat' dir='ltr'>et</span> <span class='ocrx_word' id='word_1_92' title='bbox 891 932 1018 974; x_wconf 87' lang='lat' dir='ltr'>opem</span> <span class='ocrx_word' id='word_1_93' title='bbox 1047 934 1072 959; x_wconf 89' lang='lat' dir='ltr'>a</span> <span class='ocrx_word' id='word_1_94' title='bbox 1091 920 1296 961; x_wconf 89' lang='lat' dir='ltr'>Creatore</span> <span class='ocrx_word' id='word_1_95' title='bbox 1317 917 1478 977; x_wconf 90' lang='lat' dir='ltr'>implo-</span> 
     </span>
     <span class='ocr_line' id='line_1_13' title="bbox 82 984 1472 1046; baseline 0.001 -17"><span class='ocrx_word' id='word_1_96' title='bbox 82 987 262 1030; x_wconf 86' lang='lat' dir='ltr'>randam</span> <span class='ocrx_word' id='word_1_97' title='bbox 279 1020 290 1039; x_wconf 63' lang='lat'>9</span> <span class='ocrx_word' id='word_1_98' title='bbox 322 995 372 1029; x_wconf 91' lang='lat' dir='ltr'>ut</span> <span class='ocrx_word' id='word_1_99' title='bbox 392 995 624 1030; x_wconf 87' lang='lat' dir='ltr'>conantem</span> <span class='ocrx_word' id='word_1_100' title='bbox 647 984 844 1045; x_wconf 78' lang='lat' dir='ltr'>adjuvet3</span> <span class='ocrx_word' id='word_1_101' title='bbox 870 986 947 1045; x_wconf 90' lang='lat' dir='ltr'>qui</span> <span class='ocrx_word' id='word_1_102' title='bbox 976 985 1048 1030; x_wconf 86' lang='lat' dir='ltr'>vel</span> <span class='ocrx_word' id='word_1_103' title='bbox 1070 986 1336 1032; x_wconf 79' lang='lat' dir='ltr'>extrinsecus</span> <span class='ocrx_word' id='word_1_104' title='bbox 1359 986 1472 1046; x_wconf 84' lang='lat' dir='ltr'>lege,</span> 
     </span>
     <span class='ocr_line' id='line_1_14' title="bbox 84 1054 1474 1117; baseline 0.001 -18"><span class='ocrx_word' id='word_1_105' title='bbox 84 1054 154 1099; x_wconf 90' lang='lat' dir='ltr'>vel</span> <span class='ocrx_word' id='word_1_106' title='bbox 175 1055 221 1098; x_wconf 90' lang='lat' dir='ltr'>in</span> <span class='ocrx_word' id='word_1_107' title='bbox 238 1054 402 1098; x_wconf 89' lang='lat' dir='ltr'>intimis</span> <span class='ocrx_word' id='word_1_108' title='bbox 424 1054 565 1099; x_wconf 82' lang='lat' dir='ltr'>cordis</span> <span class='ocrx_word' id='word_1_109' title='bbox 588 1055 852 1100; x_wconf 90' lang='lat' dir='ltr'>allocutione</span> <span class='ocrx_word' id='word_1_110' title='bbox 868 1054 1119 1099; x_wconf 90' lang='lat' dir='ltr'>conandum</span> <span class='ocrx_word' id='word_1_111' title='bbox 1141 1071 1231 1101; x_wconf 91' lang='lat' dir='ltr'>esse</span> <span class='ocrx_word' id='word_1_112' title='bbox 1247 1057 1474 1117; x_wconf 84' lang='lat' dir='ltr'>praecepit,</span> 
     </span>
     <span class='ocr_line' id='line_1_15' title="bbox 85 1125 1478 1186; baseline 0.001 -17"><span class='ocrx_word' id='word_1_113' title='bbox 85 1133 128 1169; x_wconf 87' lang='lat' dir='ltr'>et</span> <span class='ocrx_word' id='word_1_114' title='bbox 148 1133 364 1184; x_wconf 72' lang='lat' dir='ltr'>praeparat</span> <span class='ocrx_word' id='word_1_115' title='bbox 391 1125 573 1169; x_wconf 85' lang='lat' dir='ltr'>civitatis</span> <span class='ocrx_word' id='word_1_116' title='bbox 603 1125 861 1169; x_wconf 81' lang='lat' dir='ltr'>beatissimae</span> <span class='ocrx_word' id='word_1_117' title='bbox 889 1126 1069 1183; x_wconf 83' lang='lat' dir='ltr'>gloriam</span> <span class='ocrx_word' id='word_1_118' title='bbox 1104 1127 1478 1186; x_wconf 87' lang='lat' dir='ltr'>triumphantibus</span> 
     </span>
     <span class='ocr_line' id='line_1_16' title="bbox 84 1194 1479 1256; baseline 0.001 -17"><span class='ocrx_word' id='word_1_119' title='bbox 84 1194 138 1239; x_wconf 91' lang='lat' dir='ltr'>de</span> <span class='ocrx_word' id='word_1_120' title='bbox 158 1194 233 1239; x_wconf 90' lang='lat' dir='ltr'>illo</span> <span class='ocrx_word' id='word_1_121' title='bbox 255 1194 333 1254; x_wconf 88' lang='lat' dir='ltr'>qui</span> <span class='ocrx_word' id='word_1_122' title='bbox 356 1194 547 1253; x_wconf 89' lang='lat' dir='ltr'>primum</span> <span class='ocrx_word' id='word_1_123' title='bbox 569 1195 792 1238; x_wconf 89' lang='lat' dir='ltr'>hominem</span> <span class='ocrx_word' id='word_1_124' title='bbox 812 1194 867 1238; x_wconf 84' lang='lat' dir='ltr'>ad</span> <span class='ocrx_word' id='word_1_125' title='bbox 887 1195 1013 1239; x_wconf 85' lang='lat' dir='ltr'>istam</span> <span class='ocrx_word' id='word_1_126' title='bbox 1036 1197 1252 1241; x_wconf 88' lang='lat' dir='ltr'>miseriam</span> <span class='ocrx_word' id='word_1_127' title='bbox 1274 1197 1479 1256; x_wconf 83' lang='lat' dir='ltr'>perduxit</span> 
     </span>
     <span class='ocr_line' id='line_1_17' title="bbox 84 1263 1479 1326; baseline 0.002 -17"><span class='ocrx_word' id='word_1_128' title='bbox 84 1265 250 1310; x_wconf 90' lang='lat' dir='ltr'>victum</span> <span class='ocrx_word' id='word_1_129' title='bbox 273 1263 457 1323; x_wconf 88' lang='lat' dir='ltr'>pessima</span> <span class='ocrx_word' id='word_1_130' title='bbox 478 1263 704 1320; x_wconf 77' lang='lat' dir='ltr'>suasione3</span> <span class='ocrx_word' id='word_1_131' title='bbox 734 1279 868 1323; x_wconf 87' lang='lat' dir='ltr'>quam</span> <span class='ocrx_word' id='word_1_132' title='bbox 897 1265 1114 1308; x_wconf 88' lang='lat' dir='ltr'>miseriam</span> <span class='ocrx_word' id='word_1_133' title='bbox 1137 1266 1206 1309; x_wconf 90' lang='lat' dir='ltr'>isti</span> <span class='ocrx_word' id='word_1_134' title='bbox 1237 1267 1479 1326; x_wconf 90' lang='lat' dir='ltr'>suscipiunt</span> 
     </span>
     <span class='ocr_line' id='line_1_18' title="bbox 86 1334 1477 1396; baseline 0.001 -16"><span class='ocrx_word' id='word_1_135' title='bbox 86 1336 142 1380; x_wconf 84' lang='lat' dir='ltr'>ad</span> <span class='ocrx_word' id='word_1_136' title='bbox 164 1350 265 1379; x_wconf 90' lang='lat' dir='ltr'>eum</span> <span class='ocrx_word' id='word_1_137' title='bbox 286 1334 552 1379; x_wconf 88' lang='lat' dir='ltr'>vincendum</span> <span class='ocrx_word' id='word_1_138' title='bbox 580 1335 744 1393; x_wconf 89' lang='lat' dir='ltr'>optima</span> <span class='ocrx_word' id='word_1_139' title='bbox 765 1335 867 1379; x_wconf 90' lang='lat' dir='ltr'>fide.</span> <span class='ocrx_word' id='word_1_140' title='bbox 894 1337 993 1381; x_wconf 89' lang='lat' dir='ltr'>Non</span> <span class='ocrx_word' id='word_1_141' title='bbox 1015 1336 1131 1379; x_wconf 88' lang='lat' dir='ltr'>enim</span> <span class='ocrx_word' id='word_1_142' title='bbox 1158 1351 1303 1395; x_wconf 83' lang='lat' dir='ltr'>parvae</span> <span class='ocrx_word' id='word_1_143' title='bbox 1326 1336 1477 1396; x_wconf 81' lang='lat' dir='ltr'>gloriae</span> 
     </span>
     <span class='ocr_line' id='line_1_19' title="bbox 86 1404 1476 1468; baseline 0.001 -18"><span class='ocrx_word' id='word_1_144' title='bbox 86 1406 239 1450; x_wconf 86' lang='lat' dir='ltr'>militia</span> <span class='ocrx_word' id='word_1_145' title='bbox 253 1414 317 1449; x_wconf 88' lang='lat' dir='ltr'>est</span> <span class='ocrx_word' id='word_1_146' title='bbox 329 1404 552 1449; x_wconf 90' lang='lat' dir='ltr'>diabolum</span> <span class='ocrx_word' id='word_1_147' title='bbox 567 1405 738 1450; x_wconf 88' lang='lat' dir='ltr'>vincere</span> <span class='ocrx_word' id='word_1_148' title='bbox 754 1405 908 1449; x_wconf 89' lang='lat' dir='ltr'>eodem</span> <span class='ocrx_word' id='word_1_149' title='bbox 920 1408 1120 1465; x_wconf 87' lang='lat' dir='ltr'>suscepto</span> <span class='ocrx_word' id='word_1_150' title='bbox 1135 1407 1365 1466; x_wconf 88' lang='lat' dir='ltr'>supplicio,</span> <span class='ocrx_word' id='word_1_151' title='bbox 1387 1423 1476 1468; x_wconf 90' lang='lat' dir='ltr'>quo</span> 
     </span>
     <span class='ocr_line' id='line_1_20' title="bbox 86 1475 1476 1538; baseline 0.001 -17"><span class='ocrx_word' id='word_1_152' title='bbox 86 1493 130 1522; x_wconf 93' lang='lat' dir='ltr'>se</span> <span class='ocrx_word' id='word_1_153' title='bbox 151 1476 224 1521; x_wconf 93' lang='lat' dir='ltr'>ille</span> <span class='ocrx_word' id='word_1_154' title='bbox 240 1476 463 1521; x_wconf 88' lang='lat' dir='ltr'>hominem</span> <span class='ocrx_word' id='word_1_155' title='bbox 482 1476 648 1521; x_wconf 84' lang='lat' dir='ltr'>victum</span> <span class='ocrx_word' id='word_1_156' title='bbox 665 1475 914 1535; x_wconf 83' lang='lat' dir='ltr'>perduxisse</span> <span class='ocrx_word' id='word_1_157' title='bbox 930 1475 1156 1535; x_wconf 81' lang='lat' dir='ltr'>gloriatur.</span> <span class='ocrx_word' id='word_1_158' title='bbox 1177 1478 1382 1538; x_wconf 84' lang='lat' dir='ltr'>Quisquis</span> <span class='ocrx_word' id='word_1_159' title='bbox 1401 1495 1476 1523; x_wconf 92' lang='lat' dir='ltr'>au-</span> 
     </span>
     <span class='ocr_line' id='line_1_21' title="bbox 86 1547 1477 1608; baseline 0.001 -16"><span class='ocrx_word' id='word_1_160' title='bbox 86 1557 175 1592; x_wconf 88' lang='lat' dir='ltr'>tem</span> <span class='ocrx_word' id='word_1_161' title='bbox 196 1548 279 1592; x_wconf 92' lang='lat' dir='ltr'>hoc</span> <span class='ocrx_word' id='word_1_162' title='bbox 307 1548 430 1591; x_wconf 86' lang='lat' dir='ltr'>istius</span> <span class='ocrx_word' id='word_1_163' title='bbox 450 1547 550 1592; x_wconf 83' lang='lat' dir='ltr'>vitae</span> <span class='ocrx_word' id='word_1_164' title='bbox 571 1555 723 1606; x_wconf 90' lang='lat' dir='ltr'>captus</span> <span class='ocrx_word' id='word_1_165' title='bbox 747 1562 891 1591; x_wconf 89' lang='lat' dir='ltr'>amore</span> <span class='ocrx_word' id='word_1_166' title='bbox 914 1547 1176 1606; x_wconf 80' lang='lat' dir='ltr'>neglexerit,</span> <span class='ocrx_word' id='word_1_167' title='bbox 1204 1548 1327 1593; x_wconf 88' lang='lat' dir='ltr'>nullo</span> <span class='ocrx_word' id='word_1_168' title='bbox 1350 1558 1477 1608; x_wconf 87' lang='lat' dir='ltr'>pacto</span> 
     </span>
     <span class='ocr_line' id='line_1_22' title="bbox 83 1616 1473 1678; baseline 0.001 -16"><span class='ocrx_word' id='word_1_169' title='bbox 83 1619 197 1678; x_wconf 86' lang='lat' dir='ltr'>juste</span> <span class='ocrx_word' id='word_1_170' title='bbox 218 1618 432 1677; x_wconf 79' lang='lat' dir='ltr'>flagitium</span> <span class='ocrx_word' id='word_1_171' title='bbox 455 1616 709 1662; x_wconf 87' lang='lat' dir='ltr'>desertionis</span> <span class='ocrx_word' id='word_1_172' title='bbox 743 1633 831 1661; x_wconf 84' lang='lat' dir='ltr'>suae</span> <span class='ocrx_word' id='word_1_173' title='bbox 863 1617 974 1676; x_wconf 83' lang='lat' dir='ltr'>regis</span> <span class='ocrx_word' id='word_1_174' title='bbox 1004 1618 1186 1677; x_wconf 89' lang='lat' dir='ltr'>imperio</span> <span class='ocrx_word' id='word_1_175' title='bbox 1209 1618 1443 1678; x_wconf 83' lang='lat' dir='ltr'>deputabit</span> <span class='ocrx_word' id='word_1_176' title='bbox 1464 1638 1473 1664; x_wconf 77' lang='grc' dir='ltr'>ε</span> 
     </span>
     <span class='ocr_line' id='line_1_23' title="bbox 87 1686 1475 1747; baseline 0.001 -15"><span class='ocrx_word' id='word_1_177' title='bbox 87 1688 163 1732; x_wconf 85' lang='lat' dir='ltr'>sed</span> <span class='ocrx_word' id='word_1_178' title='bbox 184 1688 266 1732; x_wconf 90' lang='lat' dir='ltr'>erit</span> <span class='ocrx_word' id='word_1_179' title='bbox 287 1688 432 1746; x_wconf 91' lang='lat' dir='ltr'>potius</span> <span class='ocrx_word' id='word_1_180' title='bbox 453 1687 535 1732; x_wconf 89' lang='lat' dir='ltr'>sub</span> <span class='ocrx_word' id='word_1_181' title='bbox 566 1687 765 1731; x_wconf 88' lang='lat' dir='ltr'>omnium</span> <span class='ocrx_word' id='word_1_182' title='bbox 800 1686 979 1732; x_wconf 89' lang='lat' dir='ltr'>domino</span> <span class='ocrx_word' id='word_1_183' title='bbox 1000 1687 1047 1731; x_wconf 89' lang='lat' dir='ltr'>in</span> <span class='ocrx_word' id='word_1_184' title='bbox 1067 1689 1159 1747; x_wconf 87' lang='lat' dir='ltr'>ejus</span> <span class='ocrx_word' id='word_1_185' title='bbox 1181 1689 1380 1747; x_wconf 89' lang='lat' dir='ltr'>partibus</span> <span class='ocrx_word' id='word_1_186' title='bbox 1402 1704 1475 1734; x_wconf 91' lang='lat' dir='ltr'>or-</span> 
     </span>
     <span class='ocr_line' id='line_1_24' title="bbox 87 1756 1474 1818; baseline 0 -14"><span class='ocrx_word' id='word_1_187' title='bbox 87 1758 260 1804; x_wconf 87' lang='lat' dir='ltr'>dinatus</span> <span class='ocrx_word' id='word_1_188' title='bbox 275 1793 286 1814; x_wconf 92' lang='lat'>‚</span> <span class='ocrx_word' id='word_1_189' title='bbox 312 1759 434 1818; x_wconf 87' lang='lat' dir='ltr'>cujus</span> <span class='ocrx_word' id='word_1_190' title='bbox 453 1767 579 1818; x_wconf 89' lang='lat' dir='ltr'>turpe</span> <span class='ocrx_word' id='word_1_191' title='bbox 601 1756 866 1818; x_wconf 88' lang='lat' dir='ltr'>stipendium</span> <span class='ocrx_word' id='word_1_192' title='bbox 887 1766 938 1802; x_wconf 84' lang='lat' dir='ltr'>ut</span> <span class='ocrx_word' id='word_1_193' title='bbox 964 1767 1102 1803; x_wconf 88' lang='lat' dir='ltr'>castra</span> <span class='ocrx_word' id='word_1_194' title='bbox 1132 1773 1208 1803; x_wconf 85' lang='lat' dir='ltr'>sua</span> <span class='ocrx_word' id='word_1_195' title='bbox 1230 1758 1448 1804; x_wconf 84' lang='lat' dir='ltr'>desereret</span> <span class='ocrx_word' id='word_1_196' title='bbox 1462 1794 1474 1816; x_wconf 83' lang='lat'>‚</span> 
     </span>
     <span class='ocr_line' id='line_1_25' title="bbox 89 1829 324 1875; baseline -0.009 0"><span class='ocrx_word' id='word_1_197' title='bbox 89 1829 324 1875; x_wconf 88' lang='lat' dir='ltr'>adamavit.</span> 
     </span>
    </p>

    <p class='ocr_par' dir='ltr' id='par_1_4' title="bbox 28 1900 1478 2593">
     <span class='ocr_line' id='line_1_26' title="bbox 144 1900 1477 1947; baseline 0 -2"><span class='ocrx_word' id='word_1_198' title='bbox 144 1903 305 1945; x_wconf 89' lang='lat' dir='ltr'><strong>LVIII.</strong></span> <span class='ocrx_word' id='word_1_199' title='bbox 333 1900 376 1946; x_wconf 91' lang='lat' dir='ltr'>Si</span> <span class='ocrx_word' id='word_1_200' title='bbox 397 1908 543 1944; x_wconf 86' lang='lat' dir='ltr'>autem</span> <span class='ocrx_word' id='word_1_201' title='bbox 561 1900 663 1945; x_wconf 88' lang='lat' dir='ltr'>alibi</span> <span class='ocrx_word' id='word_1_202' title='bbox 685 1901 841 1945; x_wconf 82' lang='lat' dir='ltr'>animae</span> <span class='ocrx_word' id='word_1_203' title='bbox 863 1900 1112 1945; x_wconf 81' lang='lat' dir='ltr'>constitutae</span> <span class='ocrx_word' id='word_1_204' title='bbox 1131 1917 1221 1946; x_wconf 89' lang='lat' dir='ltr'>non</span> <span class='ocrx_word' id='word_1_205' title='bbox 1237 1903 1477 1947; x_wconf 86' lang='lat' dir='ltr'>mittuntur</span> 
     </span>
     <span class='ocr_line' id='line_1_27' title="bbox 88 1970 1477 2031; baseline 0 -15"><span class='ocrx_word' id='word_1_206' title='bbox 88 1987 112 2015; x_wconf 90' lang='lat' dir='ltr'>a</span> <span class='ocrx_word' id='word_1_207' title='bbox 135 1971 320 2015; x_wconf 91' lang='lat' dir='ltr'>Domino</span> <span class='ocrx_word' id='word_1_208' title='bbox 349 1973 464 2024; x_wconf 85' lang='lat' dir='ltr'>Deo,</span> <span class='ocrx_word' id='word_1_209' title='bbox 499 1970 576 2014; x_wconf 90' lang='lat' dir='ltr'>sed</span> <span class='ocrx_word' id='word_1_210' title='bbox 603 1985 679 2014; x_wconf 89' lang='lat' dir='ltr'>sua</span> <span class='ocrx_word' id='word_1_211' title='bbox 710 1979 864 2029; x_wconf 90' lang='lat' dir='ltr'>sponte</span> <span class='ocrx_word' id='word_1_212' title='bbox 893 1970 949 2014; x_wconf 90' lang='lat' dir='ltr'>ad</span> <span class='ocrx_word' id='word_1_213' title='bbox 980 1970 1263 2016; x_wconf 87' lang='lat' dir='ltr'>inhabitanda</span> <span class='ocrx_word' id='word_1_214' title='bbox 1295 1987 1477 2031; x_wconf 89' lang='lat' dir='ltr'>corpora</span> 
     </span>
     <span class='ocr_line' id='line_1_28' title="bbox 87 2038 1476 2100; baseline -0.001 -14"><span class='ocrx_word' id='word_1_215' title='bbox 87 2040 296 2096; x_wconf 76' lang='lat' dir='ltr'>veniunt3</span> <span class='ocrx_word' id='word_1_216' title='bbox 321 2038 446 2083; x_wconf 84' lang='lat' dir='ltr'>facile</span> <span class='ocrx_word' id='word_1_217' title='bbox 467 2047 529 2082; x_wconf 90' lang='lat' dir='ltr'>est</span> <span class='ocrx_word' id='word_1_218' title='bbox 551 2039 640 2098; x_wconf 83' lang='lat' dir='ltr'>jam</span> <span class='ocrx_word' id='word_1_219' title='bbox 661 2040 745 2084; x_wconf 93' lang='lat' dir='ltr'>hoc</span> <span class='ocrx_word' id='word_1_220' title='bbox 764 2039 910 2083; x_wconf 88' lang='lat' dir='ltr'>videre</span> <span class='ocrx_word' id='word_1_221' title='bbox 927 2074 938 2095; x_wconf 85' lang='lat'>,</span> <span class='ocrx_word' id='word_1_222' title='bbox 970 2039 1189 2099; x_wconf 87' lang='lat' dir='ltr'>quidquid</span> <span class='ocrx_word' id='word_1_223' title='bbox 1217 2040 1476 2100; x_wconf 83' lang='lat' dir='ltr'>ignorantiae</span> 
     </span>
     <span class='ocr_line' id='line_1_29' title="bbox 89 2107 1478 2170; baseline 0.001 -15"><span class='ocrx_word' id='word_1_224' title='bbox 89 2110 445 2169; x_wconf 85' lang='lat' dir='ltr'>difficultatisque</span> <span class='ocrx_word' id='word_1_225' title='bbox 476 2117 676 2153; x_wconf 89' lang='lat' dir='ltr'>secutum</span> <span class='ocrx_word' id='word_1_226' title='bbox 700 2107 831 2154; x_wconf 86' lang='lat' dir='ltr'>fuerit</span> <span class='ocrx_word' id='word_1_227' title='bbox 852 2124 1001 2154; x_wconf 90' lang='lat' dir='ltr'>earum</span> <span class='ocrx_word' id='word_1_228' title='bbox 1023 2110 1244 2170; x_wconf 88' lang='lat' dir='ltr'>propriam</span> <span class='ocrx_word' id='word_1_229' title='bbox 1271 2110 1478 2156; x_wconf 87' lang='lat' dir='ltr'>volunta-</span> 
     </span>
     <span class='ocr_line' id='line_1_30' title="bbox 90 2180 1478 2242; baseline 0.001 -16"><span class='ocrx_word' id='word_1_230' title='bbox 90 2191 196 2237; x_wconf 87' lang='lat' dir='ltr'>tem,</span> <span class='ocrx_word' id='word_1_231' title='bbox 213 2180 476 2225; x_wconf 86' lang='lat' dir='ltr'>nullomodo</span> <span class='ocrx_word' id='word_1_232' title='bbox 490 2182 738 2225; x_wconf 88' lang='lat' dir='ltr'>Creatorem</span> <span class='ocrx_word' id='word_1_233' title='bbox 755 2181 857 2224; x_wconf 92' lang='lat' dir='ltr'>hinc</span> <span class='ocrx_word' id='word_1_234' title='bbox 872 2196 960 2225; x_wconf 89' lang='lat' dir='ltr'>esse</span> <span class='ocrx_word' id='word_1_235' title='bbox 975 2180 1266 2240; x_wconf 91' lang='lat' dir='ltr'>culpandum:</span> <span class='ocrx_word' id='word_1_236' title='bbox 1281 2181 1478 2242; x_wconf 88' lang='lat' dir='ltr'>quando-</span> 
     </span>
     <span class='ocr_line' id='line_1_31' title="bbox 90 2251 1478 2313; baseline 0.001 -17"><span class='ocrx_word' id='word_1_237' title='bbox 90 2252 269 2313; x_wconf 85' lang='lat' dir='ltr'>quidem</span> <span class='ocrx_word' id='word_1_238' title='bbox 298 2251 463 2296; x_wconf 83' lang='lat' dir='ltr'>etiamsi</span> <span class='ocrx_word' id='word_1_239' title='bbox 494 2267 563 2295; x_wconf 84' lang='lat' dir='ltr'>eas</span> <span class='ocrx_word' id='word_1_240' title='bbox 596 2251 686 2310; x_wconf 92' lang='lat' dir='ltr'>ipse</span> <span class='ocrx_word' id='word_1_241' title='bbox 719 2251 926 2307; x_wconf 84' lang='lat' dir='ltr'>misisset,</span> <span class='ocrx_word' id='word_1_242' title='bbox 962 2252 1122 2311; x_wconf 88' lang='lat' dir='ltr'>quibus</span> <span class='ocrx_word' id='word_1_243' title='bbox 1145 2253 1275 2296; x_wconf 86' lang='lat' dir='ltr'>etiarn</span> <span class='ocrx_word' id='word_1_244' title='bbox 1310 2253 1355 2296; x_wconf 93' lang='lat' dir='ltr'>in</span> <span class='ocrx_word' id='word_1_245' title='bbox 1386 2253 1478 2312; x_wconf 88' lang='lat' dir='ltr'>ipsa</span> 
     </span>
     <span class='ocr_line' id='line_1_32' title="bbox 89 2321 1478 2383; baseline 0.001 -16"><span class='ocrx_word' id='word_1_246' title='bbox 89 2323 334 2382; x_wconf 84' lang='lat' dir='ltr'>ignorantia</span> <span class='ocrx_word' id='word_1_247' title='bbox 362 2333 404 2367; x_wconf 83' lang='lat' dir='ltr'>et</span> <span class='ocrx_word' id='word_1_248' title='bbox 432 2322 690 2366; x_wconf 84' lang='lat' dir='ltr'>difficultate</span> <span class='ocrx_word' id='word_1_249' title='bbox 718 2321 897 2366; x_wconf 85' lang='lat' dir='ltr'>liberam</span> <span class='ocrx_word' id='word_1_250' title='bbox 919 2321 1191 2367; x_wconf 86' lang='lat' dir='ltr'>voluntatem</span> <span class='ocrx_word' id='word_1_251' title='bbox 1221 2323 1399 2383; x_wconf 86' lang='lat' dir='ltr'>petendi</span> <span class='ocrx_word' id='word_1_252' title='bbox 1433 2333 1478 2368; x_wconf 92' lang='lat' dir='ltr'>et</span> 
     </span>
     <span class='ocr_line' id='line_1_33' title="bbox 91 2393 1473 2455; baseline 0.001 -17"><span class='ocrx_word' id='word_1_253' title='bbox 91 2393 317 2455; x_wconf 80' lang='lat' dir='ltr'>quaerendi</span> <span class='ocrx_word' id='word_1_254' title='bbox 345 2402 387 2436; x_wconf 78' lang='lat' dir='ltr'>et</span> <span class='ocrx_word' id='word_1_255' title='bbox 415 2393 602 2437; x_wconf 84' lang='lat' dir='ltr'>conandi</span> <span class='ocrx_word' id='word_1_256' title='bbox 631 2409 718 2437; x_wconf 82' lang='lat' dir='ltr'>non</span> <span class='ocrx_word' id='word_1_257' title='bbox 746 2393 953 2449; x_wconf 74' lang='lat' dir='ltr'>abstulit,</span> <span class='ocrx_word' id='word_1_258' title='bbox 989 2393 1168 2438; x_wconf 78' lang='lat' dir='ltr'>datUrus</span> <span class='ocrx_word' id='word_1_259' title='bbox 1192 2395 1442 2454; x_wconf 84' lang='lat' dir='ltr'>petentibus</span> <span class='ocrx_word' id='word_1_260' title='bbox 1461 2430 1473 2451; x_wconf 87' lang='lat'>,</span> 
     </span>
     <span class='ocr_line' id='line_1_34' title="bbox 28 2462 1477 2524; baseline 0.001 -16"><span class='ocrx_word' id='word_1_261' title='bbox 28 2462 35 2467; x_wconf 76' lang='grc'><strong>’</strong></span> <span class='ocrx_word' id='word_1_262' title='bbox 92 2464 462 2508; x_wconf 81' lang='lat' dir='ltr'>demonstraturus</span> <span class='ocrx_word' id='word_1_263' title='bbox 486 2463 796 2523; x_wconf 52' lang='lat' dir='ltr'>spiraminibus,</span> <span class='ocrx_word' id='word_1_264' title='bbox 818 2462 1092 2522; x_wconf 84' lang='lat' dir='ltr'>pulsantibus</span> <span class='ocrx_word' id='word_1_265' title='bbox 1115 2476 1359 2524; x_wconf 78' lang='lat' dir='ltr'>aperturus,</span> <span class='ocrx_word' id='word_1_266' title='bbox 1381 2481 1477 2510; x_wconf 88' lang='lat' dir='ltr'>om-</span> 
     </span>
     <span class='ocr_line' id='line_1_35' title="bbox 94 2533 1476 2593; baseline 0.001 -15"><span class='ocrx_word' id='word_1_267' title='bbox 94 2535 198 2579; x_wconf 87' lang='lat' dir='ltr'>nino</span> <span class='ocrx_word' id='word_1_268' title='bbox 221 2543 336 2579; x_wconf 80' lang='lat' dir='ltr'>extra</span> <span class='ocrx_word' id='word_1_269' title='bbox 360 2533 534 2593; x_wconf 82' lang='lat' dir='ltr'>eulpam</span> <span class='ocrx_word' id='word_1_270' title='bbox 554 2542 675 2579; x_wconf 84' lang='lat' dir='ltr'>esset.</span> <span class='ocrx_word' id='word_1_271' title='bbox 702 2536 825 2578; x_wconf 85' lang='lat' dir='ltr'>Hanc</span> <span class='ocrx_word' id='word_1_272' title='bbox 843 2533 958 2578; x_wconf 83' lang='lat' dir='ltr'>enini</span> <span class='ocrx_word' id='word_1_273' title='bbox 982 2533 1271 2592; x_wconf 78' lang='lat' dir='ltr'>ignorantiam</span> <span class='ocrx_word' id='word_1_274' title='bbox 1293 2544 1336 2580; x_wconf 91' lang='lat' dir='ltr'>et</span> <span class='ocrx_word' id='word_1_275' title='bbox 1358 2534 1476 2581; x_wconf 83' lang='lat' dir='ltr'>diffi-</span> 
     </span>
    </p>
   </div>
  </div>
 </body>
</html>
