1729 3143
252 192 334 234 140
681 203 714 233 s.
749 203 980 236 mensum
1013 203 1194 237 nnscom

246 287 290 323 te
322 286 410 323 esse
438 287 595 323 terram
622 277 869 337 spinosam?
902 278 945 324 Si
977 280 1118 340 spinas
1148 293 1238 324 non
1257 279 1468 336 haberes,
1501 278 1632 338 capiti
1700 291 1702 294 ’

245 351 458 394 Creatoris
480 349 544 393 tui
566 364 770 394 coronam
791 352 986 410 spineam
1005 367 1094 396 non
1113 351 1374 410 imponeres.
1400 351 1511 403 Quia
1528 365 1631 409 ergo

245 428 288 463 et
308 427 357 463 tu
379 420 473 464 talis
495 434 554 474 es,
572 421 794 480 spinarum
816 422 1099 466 multitudine
1117 458 1128 478 ,
1159 422 1204 467 id
1223 431 1311 477 est,
1332 429 1629 481 peccatorum,

245 498 507 548 praegravata
530 506 573 535 es
593 507 604 534 :
629 491 727 536 ideo
755 493 835 537 tibi
857 493 954 537 talis
976 494 1147 538 cultura
1173 492 1470 553 impenditur,
1494 506 1632 551 prop-

244 568 357 603 terea
381 562 519 606 crucis
535 561 655 621 ligno
677 564 859 608 exararis
875 600 886 619 ,
909 575 1136 624 propterea
1156 564 1322 610 coelesti
1345 563 1506 622 pluviae
1523 577 1635 621 prae-

242 630 399 686 pararis
415 666 426 686 ‚
451 641 501 676 ut.
521 648 621 677 cum
640 632 847 678 foecunda
866 635 1019 679 effecta
1044 634 1174 680 fueris
1191 672 1201 690 „
1227 651 1317 680 non
1336 632 1563 693 gratuleris
1578 631 1633 675 de

241 701 326 745 tuis
362 718 461 762 quae
489 704 610 748 nulla
643 715 743 749 sunt
770 706 959 760 meritis,
986 706 1060 750 sed
1089 706 1275 750 reddens
1295 706 1432 750 bonos
1463 702 1633 747 fructus
1700 701 1704 752 ζ

240 771 398 815 Christi
422 774 631 833 praedices
652 776 847 832 gratiam.
874 777 947 820 Vis
967 792 1091 820 nosse
1109 775 1249 834 qualis
1268 776 1349 818 tibi
1369 773 1633 818 adhibeatur
1700 767 1704 789 ²

239 842 410 887 cultura
422 879 432 899 ‚
451 846 590 905 qualis
604 855 646 889 te
659 846 844 906 desuper
862 845 1099 906 perfundat
1115 848 1273 905 gratia?
1293 848 1404 889 Ecce
1421 856 1630 902 agnosce,

238 913 397 958 Christi
411 930 540 960 cruce
555 919 737 961 exararis
753 953 763 972 ‚
785 918 963 977 quando
977 919 1067 977 ejus
1079 918 1203 976 signo
1215 917 1260 960 in
1274 917 1419 960 fronte
1434 912 1630 971 signaris:

237 983 330 1041 ejus
352 988 561 1042 sanguine
588 988 737 1045 rigaris
753 1022 764 1036 ,
790 987 970 1047 quando
991 988 1037 1031 in
1059 997 1201 1030 morte
1223 987 1356 1045 ipsius
1378 983 1630 1042 baptizaris.

239 1071 259 1094 «
285 1056 515 1111 Quotquot
536 1057 651 1094 enim
670 1086 680 1105 ‚
707 1057 766 1094 ait
790 1057 1025 1110 Apostolus
1039 1087 1050 1102 ,
1076 1058 1122 1095 in
1140 1057 1313 1096 Christo
1331 1054 1540 1110 baptizati
1557 1068 1633 1095 su-

238 1140 257 1163 »
285 1137 404 1175 mus,
429 1122 475 1164 in
497 1130 638 1165 morte
660 1121 793 1180 ipsius
818 1122 1025 1180 baptizati
1049 1137 1198 1166 sumus
1220 1125 1250 1165 1.
1280 1141 1300 1164 »

295 1194 371 1235 IV.
397 1191 587 1236 Multum
607 1202 670 1235 est
687 1192 808 1251 quod
826 1192 991 1236 dictum
1011 1202 1075 1236 est
1093 1225 1104 1246 s
1125 1194 1216 1251 ejus
1233 1192 1442 1250 sanguine
1460 1193 1628 1250 rigaris.

235 1262 470 1307 Videamus
492 1263 715 1323 quomodo
738 1279 816 1322 per
839 1263 1029 1323 aliquam
1049 1262 1380 1307 similitudinem
1403 1263 1486 1306 hoc
1509 1262 1632 1322 quod

235 1332 420 1377 diximus
439 1334 624 1392 probare
646 1334 872 1390 possimus.
900 1336 997 1377 Non
1020 1334 1135 1377 enim
1160 1334 1316 1377 nostris
1339 1333 1627 1387 sermonibus,

233 1402 308 1446 sed
343 1402 618 1447 documentis
647 1402 804 1446 divinis
838 1403 944 1446 fides
973 1402 1346 1447 accommodanda
1375 1412 1452 1446 est.
1485 1405 1598 1447 Ecce
1617 1437 1628 1457 ,

232 1474 468 1528 intendite,
495 1473 774 1528 dilectissimi,
803 1473 939 1518 Judas
960 1473 1034 1517 ille
1055 1473 1194 1518 malus
1216 1483 1258 1518 et
1284 1472 1417 1518 falsus
1434 1473 1629 1533 discipu-

232 1543 299 1587 lus
319 1579 330 1601 ‚
350 1543 512 1587 venalis
526 1553 568 1587 et
588 1543 788 1587 venditor
805 1578 815 1597 ‚
841 1542 912 1586 fur
928 1553 970 1587 et
988 1544 1170 1588 traditor
1185 1579 1195 1599 ,
1216 1553 1388 1603 emptus
1406 1559 1429 1588 a
1447 1543 1626 1599 Judaeis‚

233 1624 282 1658 ut
314 1630 413 1658 cum
448 1615 506 1657 eis
540 1616 804 1674 mancipium
834 1625 944 1658 esset
973 1615 1165 1669 diaboli,
1194 1616 1384 1674 pretium
1410 1615 1629 1674 accipiens

233 1685 287 1729 de
303 1684 378 1729 illo
396 1685 472 1745 qui
488 1701 577 1730 non
593 1686 726 1729 habet
744 1686 932 1744 pretium
948 1721 958 1741 ,
984 1685 1186 1730 venditor
1203 1686 1424 1744 sanguinis
1439 1686 1623 1740 Christi,

233 1771 283 1800 ex
315 1756 407 1815 ipso
439 1756 605 1814 pretio,
642 1765 693 1799 ut
725 1756 944 1814 Scriptura
981 1765 1126 1799 narrat
1146 1758 1196 1810 ²,
1232 1757 1337 1799 emit
1361 1755 1443 1798 sibi
1472 1770 1625 1813 agrum

231 1826 352 1884 figuli
378 1846 386 1871 :
413 1836 462 1870 ut
482 1828 516 1871 is
538 1828 614 1887 qui
635 1826 933 1871 haereditatem
959 1828 1172 1885 integram
1196 1827 1420 1872 Christum
1442 1842 1533 1871 non
1551 1828 1626 1870 ha-

231 1897 365 1941 bebat
385 1897 430 1940 in
452 1897 566 1941 coelo
584 1933 595 1952 ,
625 1907 793 1957 partem
815 1897 1004 1958 aliquam
1033 1899 1194 1941 habere
1216 1896 1347 1940 vellet
1377 1897 1421 1939 in
1446 1895 1621 1940 saeculo.

232 1968 374 2019 Quam
397 1982 476 2011 nec
497 1968 633 2026 ipsam
652 1968 842 2027 possedit
856 2003 867 2023 ‚
893 1968 994 2028 quia
1011 1967 1181 2012 sceleris
1205 1966 1312 2010 tanti
1330 1965 1434 2011 facti
1451 1966 1626 2011 sibimet

232 2038 427 2082 conscius
449 2073 460 2092 ‚
498 2037 661 2082 collum
693 2038 774 2081 sibi
808 2037 1027 2096 alligavit,
1061 2048 1102 2082 et
1130 2046 1370 2096 prostratus
1394 2037 1440 2080 in
1470 2035 1626 2080 faciem

231 2107 453 2167 disruptus
476 2117 540 2152 est
567 2107 891 2167 mediiis.}Age1·
918 2118 1063 2152 tamen
1086 2107 1159 2152 ille
1189 2108 1266 2167 qui
1296 2107 1351 2151 ab
1374 2122 1426 2151 eo
1449 2122 1627 2165 compa-

232 2187 349 2222 ratus
371 2189 458 2234 est,
483 2188 662 2223 vocatus
684 2189 748 2223 est
777 2195 875 2237 ager
903 2179 1125 2238 sanguinis
1143 2213 1154 2233 ‚
1181 2178 1388 2238 quoniam
1412 2192 1463 2220 ex
1485 2177 1625 2236 pretio

234 2258 506 2308 comparatus
530 2259 593 2293 est
614 2248 1228 2308 tanti}sanguinis.gyVendidit
1257 2246 1498 2306 discipulus
1526 2262 1626 2291 san-

237 2319 635 2378 guincmjmagistri
656 2355 667 2374 ,
704 2329 746 2364 et
772 2320 878 2364 emit
896 2319 1053 2364 exinde
1077 2332 1229 2377 agrum
1251 2317 1373 2374 figuli
1401 2336 1410 2361 :
1435 2316 1543 2377 quid
1566 2327 1628 2362 est

234 2386 344 2431 hoc?
368 2392 599 2444 Putamus,
624 2389 918 2444 dilectissimi,
945 2404 1096 2434 vacare
1118 2389 1231 2431 hanc
1252 2387 1467 2430 actionem
1492 2387 1538 2430 in
1554 2385 1627 2430 illa
1694 2408 1696 2451 ξ
1719 2423 1721 2431 .

236 2456 484 2502 venditione
514 2460 583 2503 vel
603 2459 933 2518 emptione,{vel
961 2460 1005 2503 in
1026 2459 1115 2517 ipsa
1138 2457 1298 2503 Christi
1320 2456 1502 2513 mystica
1526 2472 1623 2515 pas-

286 2537 292 2552 ¹
316 2533 405 2563 Rom.
426 2541 468 2571 vr,
490 2531 519 2562 3.
539 2548 579 2554 —-
597 2539 608 2554 ²
629 2535 700 2563 Act.
724 2543 746 2563 r.
772 2543 820 2573 ¹9-

1701 422 1704 442 1
