1729 3143
345 196 428 223 me.
465 197 496 223 1.
532 195 587 224 DE
616 196 803 225 moninus
834 195 1035 225 EchEsmz
1065 191 1320 226 CATHOLICAE.
1443 185 1527 227 529

140 263 248 314 Quae
270 261 302 305 si
325 262 478 307 dicunt
497 297 508 318 ‚
533 278 622 307 non
645 263 786 308 solum
803 262 885 308 illis
908 279 1006 308 cum
1026 263 1281 309 Christianis
1297 298 1308 318 ‚
1347 262 1421 309 sed
1444 279 1525 309 nec

138 346 240 375 cum
258 333 507 378 hominibus
523 333 704 394 quidem
726 334 835 378 ratio
857 343 935 379 est.
964 335 1039 379 Sin
1060 335 1156 378 haec
1179 333 1322 379 dicere
1338 349 1427 379 non
1454 351 1527 379 an-

139 400 246 446 dent
262 436 274 457 ‚
308 413 617 463 cogunturque
645 404 844 449 confiteri
868 404 1122 448 esse‘divina
1138 439 1149 460 ,
1174 403 1281 464 quid
1303 419 1374 448 eos
1394 404 1528 449 libros

138 472 258 515 unde
284 472 365 529 ista
395 473 564 532 prolata
586 483 688 518 sunt
719 473 942 533 impietate
972 473 1135 518 nefaria
1163 474 1370 520 lacessere
1397 483 1528 535 atque

139 541 388 600 improbare
410 558 500 587 non
523 544 759 588 desinunt?

195 614 356 657 LVIII.
383 615 452 657 An
473 613 585 658 illud
604 613 763 658 dicturi
785 623 886 658 sunt
905 649 915 669 ,
941 629 1032 658 non
1048 630 1138 659 esse
1159 630 1429 675 consequens
1444 651 1455 671 ‚
1480 626 1531 660 ut

136 682 283 725 omnia
311 682 374 726 ibi
406 683 522 727 bona
554 684 665 737 sint,
691 683 770 727 ubi
800 684 893 727 haec
923 683 1116 728 invenire
1144 686 1400 744 potuimus?
1429 701 1528 731 nam

136 751 219 795 hoc
250 751 391 796 solent
423 752 581 797 dicere.
611 754 692 798 Cui
725 768 805 812 ego
835 753 1178 812 tergiversationi
1207 757 1314 816 quid
1349 772 1530 816 respon-

137 821 263 865 deam
284 855 295 876 ‚
337 830 381 865 et
419 822 794 881 quemadmodum
824 830 1050 868 occurram
1069 859 1080 880 ‚
1111 841 1200 870 non
1231 825 1357 870 facile
1384 827 1526 871 video.

137 891 458 936 Discutiam-ne
478 892 611 937 verba
632 889 804 948 singula
826 893 993 935 Veteris
1017 897 1299 949 Testamenti,
1324 905 1374 939 ut
1395 897 1441 940 in
1463 897 1530 940 his

136 976 351 1004 summam
384 976 485 1003 cum
516 959 754 1018 Evangelio
791 975 882 1005 esse
917 962 1198 1007 concordiam
1230 965 1528 1023 pervicacibus

137 1029 409 1090 indoctisque
431 1031 760 1075 demonstrem?
784 1032 867 1077 Sed
885 1033 1062 1093 quando
1079 1035 1196 1079 istud
1220 1036 1334 1080 erit?
1351 1037 1530 1096 quando

137 1110 211 1146 aut
234 1116 314 1160 ego
335 1102 549 1145 sufficiam
566 1136 576 1156 ,
604 1110 678 1145 aut
698 1102 780 1162 ipsi
804 1103 1053 1162 patientur?
1076 1106 1192 1158 Quid
1214 1121 1316 1164 ergo
1339 1106 1530 1150 faciam?

136 1175 416 1216 Deseram·ne
439 1187 613 1216 causam
633 1207 642 1227 ‚
669 1181 713 1216 et
732 1188 803 1217 eos
822 1173 867 1217 in
885 1176 1099 1219 sententia
1117 1177 1314 1236 quamvis
1330 1177 1529 1236 improba

137 1251 180 1286 et
212 1242 345 1296 falsa,
380 1251 526 1286 tamen
556 1241 725 1286 difficili
753 1243 808 1287 ad
841 1238 1169 1290 dissolvendum
1199 1246 1450 1291 delitescere
1476 1247 1531 1291 si-

135 1311 269 1355 nam?
291 1313 389 1356 Non
412 1312 570 1353 faciam
593 1332 601 1354 :
628 1311 766 1356 aderit
797 1313 851 1358 de
886 1315 1082 1373 proximo
1115 1318 1230 1361 Deus
1258 1317 1376 1376 ipse,
1411 1320 1533 1379 cujus

135 1380 209 1424 illa
235 1388 451 1440 praecepta
474 1388 573 1423 sunt
594 1401 605 1437 3
630 1397 710 1427 nec
735 1398 804 1427 me
823 1384 871 1428 in
894 1386 1024 1429 tantis
1047 1387 1257 1445 angustiis
1278 1387 1455 1448 inopem
1479 1403 1529 1432 ac

137 1450 358 1495 desertum
381 1466 470 1495 esse
488 1451 695 1509 patietur.

195 1523 311 1564 LIX.
349 1520 645 1573 Quamobrem
675 1518 868 1564 adestote
899 1520 1050 1564 animis
1069 1554 1082 1576 ‚
1111 1522 1368 1579 Manichaei,
1401 1526 1433 1568 si
1453 1525 1530 1584 qui

136 1590 248 1634 sorte
266 1590 338 1635 illa
356 1591 661 1650 superstitione
680 1591 738 1633 ita
759 1590 994 1645 tenemini,
1019 1599 1070 1635 ut
1087 1591 1268 1636 evadere
1290 1593 1525 1653 aliquando

137 1661 319 1719 possitis.
361 1661 568 1705 Adestote
587 1695 597 1715 ‚
622 1661 801 1720 inquam
821 1695 831 1714 ‚
858 1660 948 1704 sine
970 1661 1206 1720 pertinacia
1224 1698 1234 1718 ,
1260 1665 1350 1708 sine
1381 1665 1526 1710 studio

137 1731 361 1775 resistendi
388 1751 397 1775 ι
432 1746 533 1774 nam
567 1729 691 1775 aliter
720 1731 844 1775 vobis
879 1732 1287 1790 perniciosissimum
1318 1744 1382 1777 est
1405 1735 1525 1792 judi-

137 1818 247 1846 care.
276 1805 403 1848 Certe
435 1802 552 1845 enim
585 1801 748 1844 nemini
771 1800 956 1844 dubium
976 1809 1064 1855 est,
1091 1815 1170 1844 nec
1204 1802 1338 1845 aversi
1363 1818 1437 1846 vos
1468 1804 1528 1849 ita

137 1873 235 1916 estis
257 1889 282 1915 a
298 1886 416 1924 vero,
437 1881 487 1912 ut
509 1885 598 1912 non
620 1869 887 1925 intelligatis,
910 1870 945 1913 si
966 1868 1146 1928 diligere
1163 1873 1306 1915 Deum
1323 1880 1368 1915 et
1384 1873 1526 1931 proxi-

138 1956 260 1986 mum
277 1975 288 1996 ,
314 1940 482 1984 bonum
510 1947 600 1992 est,
627 1936 747 1996 quod
776 1951 933 1994 negare
960 1952 1088 1981 nemo
1113 1948 1281 1996 potest,
1308 1940 1525 2001 quidquid

137 2013 184 2056 in
223 2011 290 2055 his
331 2008 506 2054 duobus
539 2006 767 2067 praeceptis
803 2005 991 2064 pendet,
1024 2007 1259 2065 vituperari
1287 2011 1386 2068 jure
1434 2026 1525 2055 non

138 2098 277 2143 posse.
305 2080 418 2135 Quid
448 2094 549 2138 ergo
579 2079 625 2122 in
646 2078 695 2121 iis
723 2075 939 2136 pendeat,
965 2076 1200 2121 ridiculum
1234 2088 1299 2124 est
1332 2080 1365 2123 si
1399 2096 1422 2124 a
1454 2096 1524 2125 me

139 2151 428 2214 quaerendum
443 2165 536 2195 esse
554 2158 680 2209 putas
704 2168 712 2192 2
738 2148 879 2206 ipsum
897 2147 1117 2192 Christum
1140 2148 1269 2204 audi,
1298 2149 1428 2206 audi,
1453 2152 1524 2196 in-

139 2238 270 2283 quam
285 2257 296 2278 ,
321 2222 540 2267 Christum
561 2255 570 2275 ,
598 2220 699 2263 audi
722 2219 798 2263 Dei
823 2218 1099 2277 Sapientiam.
1131 2238 1147 2257 «
1172 2222 1222 2262 In
1242 2220 1307 2263 his
1326 2255 1336 2275 ,
1362 2221 1520 2281 inquit,

142 2312 164 2336 »
189 2293 363 2338 duobus
410 2291 636 2352 praeceptis
674 2299 765 2334 tota
802 2293 889 2332 Lex
923 2288 1110 2348 pendet,
1149 2299 1191 2334 et
1235 2305 1383 2336 omnes
1421 2296 1525 2337 Pro-

143 2384 163 2407 »
189 2366 372 2424 phetae1.
398 2383 416 2405 ))

200 2438 292 2480 LX.
325 2433 443 2487 Quid
464 2435 546 2478 hoc
568 2434 663 2478 loco
681 2440 821 2492 potest
840 2431 981 2475 dicere
1004 2429 1375 2490 impudentissima
1392 2436 1523 2493 perti=

191 2528 198 2543 ¹
219 2519 338 2552 Matth.
362 2530 441 2558 xxix,
461 2519 514 2560 4ο.

243 2574 246 2575 ’
303 2581 491 2613 cxxxiv.
659 2624 669 2629 a
1310 2568 1361 2607 34
