1729 3143
228 199 315 241 404
661 212 695 238 s.
731 208 961 238 Auens-nm
991 210 1172 240 nuscum

226 276 422 338 quamvis
459 274 625 334 aliquot
655 282 823 319 aestates
853 275 943 319 sine
974 274 1189 322 fructibus
1223 278 1433 337 trajiciat,
1465 280 1606 325 donec

224 355 471 407 opportuno
492 353 689 404 tempore
710 355 936 405 expromat
955 344 1224 393 feracitatem
1247 364 1394 408 suam3
1418 366 1496 395 cur
1517 367 1607 396 non

222 425 371 462 auctor
404 414 558 458 animae
594 413 741 460 debita
773 416 932 476 pietate
965 416 1197 474 laudetur,
1227 419 1262 464 si
1285 420 1325 464 ei
1346 419 1432 464 tale
1453 421 1608 466 tribuit

221 484 446 530 exordium
463 520 473 540 ,
500 494 549 529 ut
570 485 787 531 studendo
811 503 859 532 ac
885 487 1154 547 proficiendo
1177 488 1232 535 ad
1254 489 1424 549 frugem
1442 491 1607 550 sapien-

219 557 291 602 tiae
307 556 578 617 justitiaeque
599 557 822 616 perveniat
838 593 850 615 ,
875 567 1134 620 tantumque
1160 560 1223 604 illi
1244 561 1445 621 praestitit
1460 561 1609 621 digni-

218 626 317 672 tatis
330 661 341 682 ,
366 636 417 671 ut
438 627 484 671 in
501 628 593 687 ejus
611 628 742 672 etiam
763 638 974 689 potestate
996 640 1199 690 poneret,
1224 631 1259 676 si
1273 631 1407 678 vellet
1427 632 1483 677 ad
1504 631 1608 677 bea-

219 698 456 743 titudinem
479 696 690 743 tendere?
1469 749 1475 756 ,

272 770 430 814 LXVI.
466 769 578 814 Huic
599 779 747 815 autem
764 770 1050 831 disputationi
1070 774 1199 834 objici
1222 774 1277 818 ab
1299 774 1512 834 imperitis
1536 788 1609 819 so-

215 840 278 885 let
311 839 515 900 quaedam
547 840 766 886 calumnia
801 840 857 885 de
890 843 1106 888 mortibus
1127 843 1438 903 parvulorum,
1475 853 1519 889 et
1554 845 1609 889 de

214 910 482 970 quibusdam
503 912 768 953 cruciatibus
785 913 994 969 corporis,
1015 913 1177 971 quibus
1191 929 1263 959 eos
1279 930 1394 973 saepe
1410 915 1610 960 videmus

216 980 364 1039 affligi.
391 980 553 1024 Dicunt
575 979 692 1023 enim
716 997 726 1024 z
758 979 878 1033 Quid
906 995 1016 1040 opus
1045 990 1138 1027 erat
1159 991 1210 1026 ut
1229 991 1479 1028 nasceretur
1497 1018 1508 1039 ‚
1533 985 1611 1042 qui

214 1061 451 1112 antequam
473 1050 602 1094 iniret
634 1048 777 1094 ullum
799 1049 901 1096 vitae
923 1052 1130 1097 meritum
1147 1053 1326 1098 excessit
1347 1068 1371 1098 6
1392 1054 1515 1099 vita?
1537 1063 1613 1099 aut

216 1122 356 1183 qualis
373 1122 420 1165 in
436 1119 587 1166 futuro
597 1120 764 1181 judicio
782 1121 1087 1182 deputabitur,
1105 1124 1176 1169 cui
1189 1139 1333 1185 neque
1347 1125 1461 1169 inter
1471 1126 1611 1185 justos

213 1193 336 1239 locus
358 1202 450 1249 est,
475 1192 685 1253 quoniam
706 1190 817 1236 nihil
850 1202 965 1237 recte
986 1192 1090 1238 fecit
1107 1227 1119 1250 ‚
1143 1209 1287 1254 neque
1307 1194 1423 1240 inter
1441 1195 1607 1251 malos,

213 1264 425 1325 quoniam
441 1262 549 1307 nihil
566 1263 795 1322 peccavit?
818 1263 986 1315 Quibus
1001 1264 1290 1323 respondetur
1311 1284 1320 1310 2
1346 1264 1416 1310 Ad
1434 1266 1611 1311 univer-

215 1334 349 1380 sitatis
373 1332 650 1393 complexum
661 1368 672 1388 ‚
694 1342 739 1376 et
757 1333 890 1378 totius
903 1343 1112 1378 creaturae
1134 1333 1203 1379 vel
1220 1350 1296 1393 per
1313 1334 1431 1380 locos
1447 1335 1516 1380 vel
1534 1351 1611 1396 per

213 1415 409 1466 tempora
431 1403 794 1450 ordinatissimam
814 1404 1129 1450 connexionem
1155 1439 1167 1460 ,
1197 1420 1288 1449 non
1309 1420 1433 1464 posse
1455 1421 1610 1465 super—

213 1477 305 1521 ssuo
328 1475 464 1520 creari
485 1473 854 1535 qualemcumque
875 1475 1100 1519 hominem
1114 1509 1126 1531 ‚
1158 1474 1236 1518 ubi
1267 1474 1423 1520 folium
1446 1476 1610 1522 arboris

213 1547 387 1591 nullum
411 1546 634 1606 superfluo
656 1554 828 1589 creatur
860 1563 870 1590 z
895 1545 971 1589 sed
999 1560 1102 1590 sane
1135 1545 1359 1605 superfluo
1388 1546 1526 1606 quaeri
1555 1546 1610 1590 de

211 1618 375 1663 meritis
404 1618 520 1678 ejus,
553 1613 769 1676 qui‘nihil
798 1616 1020 1660 meruerit.
1046 1617 1145 1662 Non
1175 1616 1294 1660 enim
1316 1616 1608 1660 metuendum

215 1698 279 1734 est
294 1724 304 1744 ,
330 1704 386 1733 ne
411 1688 501 1734 vita
521 1702 612 1732 esse
633 1686 826 1747 potuerit
855 1686 998 1731 media
1018 1685 1221 1746 quaedam
1242 1686 1358 1731 inter
1379 1696 1495 1731 recte
1518 1685 1610 1730 fac-

214 1768 310 1803 tum
332 1768 463 1818 atque
482 1765 711 1818 peccatum
728 1791 739 1812 ‚
771 1765 815 1800 et
838 1756 1053 1800 sententia
1069 1755 1228 1815 judicis
1249 1755 1393 1801 media
1412 1771 1501 1801 esse
1521 1771 1611 1801 non

215 1828 350 1889 possit
371 1829 483 1873 inter
504 1826 737 1888 praemium
759 1835 893 1886 atque
914 1824 1195 1886 supplicium.

276 1901 455 1944 LXVII.
491 1903 586 1952 Quo
606 1896 856 1949 loco-etiam
886 1895 998 1940 illud
1025 1895 1287 1956 perscrutari
1318 1896 1515 1940 homines
1538 1911 1609 1941 so-

217 1970 310 2015 lent
326 2004 337 2025 ,
363 1977 682 2014 sacramentum
703 1967 907 2027 baptismi
926 1966 1087 2012 Christi
1108 1964 1216 2025 quid
1238 1964 1430 2026 parvulis
1452 1966 1606 2025 prosit,

219 2055 321 2085 cum
343 2055 394 2085 eo
412 2048 591 2100 accepto
611 2038 874 2099 plerumque
894 2037 1145 2082 moriuntur
1164 2072 1174 2092 ‚
1201 2037 1320 2096 prius
1336 2051 1470 2097 quam
1485 2052 1537 2081 ex
1558 2051 1609 2082 eo

220 2111 463 2173 quidquam
484 2125 744 2170 cognoscere
766 2108 1006 2169 potuerint.
1029 2111 1122 2161 Qua
1137 2108 1183 2151 in
1204 2122 1251 2151 re
1268 2107 1366 2152 satis
1386 2108 1457 2167 pie
1474 2116 1611 2152 recte-

221 2198 307 2244 que
343 2182 562 2240 credstur,
594 2180 797 2242 prodesse
830 2178 1013 2240 parvulo
1045 2194 1198 2224 eorum
1225 2177 1358 2222 fidem
1392 2194 1416 2223 a
1447 2179 1609 2238 quibus

223 2253 540 2300 consecrandus
580 2253 779 2299 offertur.
805 2255 862 2297 Et
891 2253 976 2297 hoc
1007 2250 1211 2295 Ecclesiae
1240 2248 1521 2295 commendat
1540 2264 1609 2293 sa-

223 2324 460 2369 luberrima
503 2326 736 2370 auctoritas
762 2359 772 2379 ,
818 2331 869 2367 ut
906 2337 957 2366 ex
991 2337 1041 2367 eo
1085 2320 1270 2381 quisque
1307 2320 1463 2364 sentiat
1504 2318 1611 2378 quid

224 2397 304 2440 sibi
335 2397 470 2455 prosit
506 2395 612 2441 tides
646 2411 744 2451 sua7
779 2392 955 2455 quando
978 2394 1025 2437 in
1056 2393 1240 2437 aliorum
1268 2406 1446 2451 quoque
1474 2390 1609 2434 Lene-

225 2465 374 2509 ficium
389 2501 399 2521 ,
444 2467 522 2526 qui
563 2466 783 2526 piopriam
821 2479 867 2509 nt
887 2462 1021 2508 ‘adura
1057 2462 1223 2507 bvbent
1242 2497 1251 2517 7
1293 2470 1436 2520 potest
1470 2458 1610 2503 aliena

225 2537 505 2582 commodari.
542 2537 660 2591 Quld
693 2538 808 2582 enim
851 2536 941 2581 filio
979 2533 1124 2580 viduae
1156 2532 1321 2593 profuit
1349 2531 1455 2576 fides
1496 2545 1571 2575 sua
1592 2564 1602 2585 7

1687 3064 1697 3143 ..τῇ
1685 2969 1690 3054 .--.2
1684 2716 1689 2941 6--ψῳ-ᾈ.»

1681 2150 1685 2238 z

1682 2346 1687 2469 ἰ
