1729 3143
221 199 305 239 574
643 208 677 238 s.
712 208 942 238 Aueusnm
974 211 1155 239 zmscom

218 277 363 322 bonus
393 286 437 320 et
469 275 578 321 odor
610 284 654 319 et
681 290 832 336 sapor,
869 276 931 321 ibi
962 291 1052 322 esse
1072 278 1280 337 maj0rem
1307 276 1412 322 boni
1433 286 1599 336 partem

214 348 408 408 putatis?
429 346 572 393 Nolite
591 361 696 406 ergo
717 348 846 393 flores
859 357 1087 408 tantopere
1100 348 1390 408 mirariatque
1403 347 1597 404 laudare,

214 432 324 477 quos
341 416 601 478 judicandos
618 418 674 463 ad
695 419 889 464 tribunal
906 418 1039 479 palati
1054 434 1143 464 non
1160 419 1338 479 potestis
1353 419 1597 464 admittere.

213 487 357 534 Nolite
384 489 656 549 portulacam
688 489 841 536 saltem
873 490 1076 536 carnibus
1105 500 1390 550 anteponere,
1415 506 1515 551 quae
1545 489 1601 535 ab

212 559 279 604 his
299 561 434 606 coctis
455 570 499 607 et
519 561 662 608 colore
679 572 723 607 et
743 578 895 624 sapore
909 573 953 608 et
968 562 1102 609 odore
1115 571 1359 623 superatur.
1381 560 1602 607 Porcellus

212 643 353 687 assus,
388 632 506 689 (hoc
527 633 645 678 enim
667 633 819 693 cogitis
834 668 845 689 ‚
883 643 932 678 ut
959 633 1015 678 de
1042 634 1160 678 bono
1181 643 1225 678 et
1245 633 1302 677 de
1329 632 1446 677 malo
1465 667 1476 686 ,
1513 646 1603 676 non

211 702 494 761 scriptoribus
515 713 560 748 et
581 704 765 749 librariis
781 739 792 759 ,
818 704 892 749 sed
914 706 1066 765 coquis
1089 713 1132 749 et
1160 703 1378 749 dulciariis
1399 702 1602 748 ministris

210 772 437 818 vobiscum
456 775 604 834 potius
627 775 916 833 disseramus)
947 775 1164 836 porcellus
1194 790 1296 834 ergo
1318 790 1436 820 assus
1463 783 1507 818 et
1529 788 1603 818 co-

207 841 300 887 lore
320 843 506 901 nitidus,
533 854 577 890 et
605 845 740 891 odore
769 844 985 900 blandus,
1017 854 1061 889 et
1082 861 1234 905 sapore
1253 844 1480 904 jucundus
1506 853 1599 888 est:

206 912 374 959 habetis
405 915 652 975 perfectum
682 915 843 960 divinae
878 915 1135 960 substantiae
1170 915 1454 960 inhabitantis
1487 914 1603 958 indi—

205 984 321 1028 cium
341 1004 350 1031 :
374 986 490 1031 trino
506 986 756 1031 testimonio
770 1001 846 1031 vos
858 986 1035 1041 invitat,
1061 994 1104 1029 et
1121 986 1297 1045 purgari
1315 993 1456 1029 vestra
1471 999 1602 1029 sanc-

204 1055 330 1100 titate
363 1055 595 1101 desiderat.
628 1056 827 1102 Invadite
857 1075 867 1102 :
893 1057 1001 1117 quid
1033 1056 1334 1101 cunctamini?
1354 1056 1463 1116 quid
1495 1071 1603 1101 con-

203 1125 413 1171 tradicere
454 1127 615 1186 paratis
637 1128 654 1169 ‘3
685 1127 842 1175 Colore
877 1125 970 1172 solo
1006 1126 1262 1171 lenticulam
1300 1127 1431 1171 fimus
1467 1126 1601 1170 vincit

201 1195 402 1254 infantis,
429 1198 564 1243 odore
585 1196 680 1244 solo
704 1213 795 1244 assa
819 1197 966 1243 offella
983 1207 1159 1258 superat
1174 1198 1325 1243 mitem
1347 1213 1396 1242 ac
1418 1196 1600 1242 viridem

199 1267 356 1325 ficum,
393 1284 546 1330 sapore
581 1269 674 1315 solo
706 1270 867 1314 hoedus
901 1271 1066 1315 occisus
1088 1269 1286 1325 herbam,
1312 1283 1444 1328 quam
1475 1269 1600 1313 vivus

198 1338 391 1397 pascitur
405 1374 418 1395 ,
442 1340 578 1385 vincit
600 1359 609 1386 :
635 1341 814 1386 inventa
836 1349 899 1384 est
916 1341 1048 1384 etiam
1071 1355 1171 1384 caro
1189 1374 1199 1394 ,
1224 1339 1348 1399 cujus
1371 1353 1500 1383 causa
1532 1338 1597 1382 his

197 1408 327 1453 simul
349 1409 491 1455 tribus
519 1411 704 1456 testibus
733 1411 977 1471 adjuvetur.
1013 1410 1132 1463 Quid
1159 1410 1352 1470 quaeritis
1383 1408 1598 1468 amplius?

196 1489 272 1524 aut
292 1480 400 1540 quid
422 1480 585 1526 dicturi
608 1482 743 1527 estis?
774 1483 866 1527 Cur
898 1496 974 1525 vos
1011 1479 1239 1540 epulantes
1260 1480 1511 1524 immundos
1532 1478 1598 1524 fa-

195 1551 313 1596 ciant
335 1551 642 1612 pulpamenta,
680 1561 723 1597 et
750 1551 1022 1611 disputantes
1055 1552 1150 1597 haec
1182 1561 1385 1612 portenta
1414 1567 1503 1597 non
1530 1550 1598 1596 fa-

194 1623 310 1668 ciant
335 1641 345 1667 :
373 1624 615 1683 praesertim
635 1638 738 1667 cum
760 1622 860 1668 solis
880 1623 1003 1667 istius
1025 1623 1173 1667 radius
1187 1657 1198 1678 ,
1219 1638 1351 1682 quem
1372 1637 1449 1668 vos
1478 1631 1594 1667 certe

193 1701 237 1737 et
258 1692 461 1738 carnibus
490 1693 696 1739 omnibus
727 1701 772 1738 et
791 1693 995 1752 frugibus
1018 1693 1281 1753 anteponitis
1298 1728 1310 1749 ,
1343 1708 1424 1738 nec
1446 1691 1563 1738 oleat
1580 1727 1591 1747 ,

192 1778 274 1808 nec
295 1765 457 1824 sapiat,
482 1763 559 1808 sed
582 1762 889 1809 tantummodo
912 1764 1025 1808 inter
1047 1772 1205 1808 caetera
1225 1778 1431 1822 corpora,
1456 1778 1592 1822 praes-

192 1834 331 1878 tantia
351 1832 661 1893 fulgentissimi
693 1832 847 1877 coloris
876 1833 1062 1877 emineat
1090 1852 1098 1877 :
1124 1833 1201 1892 qui
1231 1848 1306 1876 vos
1329 1848 1593 1892 magnopere

192 1904 394 1948 hortatur
409 1938 422 1960 ,
447 1913 580 1964 atque
610 1902 720 1947 adeo
742 1902 859 1961 cogit
881 1903 1039 1947 invitos
1054 1938 1065 1957 ‚
1098 1911 1148 1946 ut
1182 1903 1296 1946 inter
1328 1902 1592 1948 documenta

191 1974 417 2020 commixti
440 1973 548 2019 boni
566 2007 578 2029 ,
604 1972 715 2017 nihil
739 1971 896 2017 coloris
918 1972 1049 2017 nitori
1068 1971 1322 2031 praeferatis.

248 2047 389 2090 XLII.
408 2045 480 2090 Ad
490 2043 585 2089 illas
599 2059 703 2104 ergo
714 2043 973 2089 reducimini
987 2044 1220 2101 angustias,
1237 2052 1286 2088 ut
1296 2044 1431 2103 magis
1445 2044 1489 2088 in
1498 2059 1593 2088 san-

191 2116 322 2175 guine
339 2125 383 2161 et
398 2116 445 2160 in
458 2114 508 2160 iis
521 2131 622 2176 quae
634 2114 888 2160 animalium
903 2114 1107 2158 carnibus
1123 2113 1389 2158 foetidissima
1402 2149 1413 2169 ,
1431 2113 1507 2159 sed
1521 2114 1589 2158 ni-

189 2186 281 2231 tide
302 2186 496 2233 colorata
517 2186 563 2231 in
584 2185 690 2232 vicis
712 2193 971 2245 egeruntur,
996 2199 1129 2244 quam
1151 2185 1199 2227 in
1221 2184 1347 2229 olivae
1366 2183 1481 2229 foliis
1499 2183 1589 2244 pal-

187 2256 377 2304 lentibus
388 2267 560 2320 partem
576 2256 859 2303 Deihabitare
870 2255 1110 2301 fateamini.
1123 2256 1253 2310 Quod
1267 2257 1301 2301 si
1314 2255 1470 2311 dicitis,
1485 2270 1587 2300 nam

189 2330 320 2375 etiam
345 2331 431 2376 hoc
453 2329 597 2375 dicitis
612 2365 624 2386 ,
655 2329 781 2374 olivae
800 2327 928 2384 folia,
963 2342 1065 2372 cum
1093 2326 1412 2382 incenduntur,
1442 2327 1586 2385 ignem

191 2401 402 2458 emittere,
413 2402 460 2446 in
475 2417 565 2463 quo
579 2400 811 2461 praesentia
822 2398 930 2443 lucis
940 2407 1135 2458 apparet,
1150 2413 1299 2442 carnes
1313 2406 1474 2452 autem,
1487 2410 1587 2441 cum
1653 2432 1663 2439 ,

190 2469 506 2530 incenduntur,
526 2487 620 2518 non
636 2472 752 2516 idem
774 2469 917 2515 facere
937 2488 946 2514 :
972 2468 1079 2529 quid
1093 2467 1148 2512 de
1165 2468 1291 2527 adipe
1303 2465 1585 2528 respondebi-

190 2539 260 2598 tis,
271 2544 347 2602 qui
358 2557 496 2605 prope
506 2557 663 2591 omnes
680 2539 810 2588 Italas
820 2539 1019 2586 lucernas
1029 2538 1271 2584 illuminat?
1281 2536 1398 2591 Quid
1414 2537 1469 2582 de
1480 2537 1582 2580 fimo

1687 2973 1691 3143 ffi——i-
1686 2721 1691 2960 -ffl——fi-—.
1687 2483 1691 2684 ——-„.--
1687 2145 1700 2475 —'.,-.——÷-.„
