1729 3143
237 211 322 252 486
667 216 699 246 s.
735 216 967 246 Ancus-nm
998 218 1180 246 imscon

237 289 316 335 Dei
347 298 514 332 servare
534 282 668 329 vellet
683 317 696 339 ‚
724 291 769 327 et
788 297 840 327 ex
859 281 947 327 fide
972 292 1297 342 perseveranter
1318 284 1483 330 viveret
1498 319 1511 341 ‚
1535 285 1619 331 do-

237 373 317 404 nec
348 356 530 400 idoneus
562 353 685 398 fieret
715 352 1015 412 intelligentiae
1034 353 1225 398 veritatis
1241 388 1253 410 ,
1276 353 1324 398 id
1344 363 1433 409 est,
1456 355 1490 399 si
1511 371 1617 416 ope-

227 435 396 474 raretur
416 426 463 469 in
485 424 685 484 paradiso
705 457 718 480 ,
742 432 787 469 et
806 422 1047 469 custodiret
1067 424 1189 484 quod
1210 424 1403 484 accepit3
1426 440 1516 470 non
1535 441 1612 471 ve-

226 499 340 544 niret
358 497 404 541 in
425 495 546 541 illam
570 494 921 552 deformitatem,
958 503 1010 539 ut
1040 510 1142 540 cum
1174 495 1257 539 sibi
1289 495 1488 556 displicet
1516 512 1616 543 caro

227 569 352 630 quasi
371 566 547 612 nuditas
567 582 643 612 sua
660 602 673 623 ‚
697 566 886 612 carnalia
914 566 1050 625 magis
1083 574 1336 625 tegumenta
1365 566 1617 612 mendacio-

224 655 350 694 rum,
375 647 586 698 tanquam
618 636 722 683 folia
754 638 827 682 fici
864 636 1114 696 colligeret,
1150 636 1311 696 quibus
1344 636 1428 682 sibi
1452 636 1618 683 faceret

227 709 581 756 succinctorium.
621 711 716 754 Hoc
749 709 865 753 enim
902 708 973 752 isti
1002 708 1197 763 faciunt,
1222 712 1323 752 cum
1355 706 1411 752 de
1442 708 1617 754 Christo

226 780 528 835 mentiuntur,
559 788 603 824 et
630 779 772 839 ipsum
795 778 1027 822 mentitum
1052 793 1142 822 esse
1161 777 1425 837 praedicant,
1452 787 1496 823 et
1516 787 1616 823 tan-

226 865 360 912 quam
382 849 657 895 abscondunt
677 864 722 893 se
742 864 766 892 a
783 846 892 893 facie
913 847 990 893 Dei
1008 847 1063 891 ad
1080 864 1156 892 sua
1177 848 1404 893 mendacia
1425 848 1481 892 al:
1503 847 1619 894 illius

225 921 410 967 veritate
437 920 670 973 conversi,
707 918 818 961 sicut
845 916 1078 975 Apostolus
1099 917 1205 960 dicit
1231 935 1240 961 ε
1269 935 1287 957 «
1314 920 1373 962 Et
1393 933 1417 962 a
1437 919 1619 964 veritate

229 1010 252 1035 »
277 991 455 1052 quidem
474 988 674 1033 auditum
691 1002 821 1032 suum
837 994 1034 1032 avertent
1049 1021 1061 1043 ,
1085 985 1140 1031 ab
1159 985 1333 1032 fabulas
1349 996 1496 1032 autem
1513 1004 1619 1034 con-

229 1081 252 1106 »
275 1068 502 1108 vertentur
519 1061 552 1102 1.
577 1076 600 1101 »

283 1133 379 1176 XL.
403 1132 461 1174 Et
481 1128 556 1173 ille
577 1127 756 1189 quidem
779 1141 954 1187 serpens
970 1161 982 1182 ‚
1012 1126 1059 1172 id
1081 1135 1171 1183 est,
1202 1124 1276 1171 ille
1303 1141 1423 1172 error
1442 1128 1618 1173 haereti-

226 1218 396 1259 corum,
415 1202 493 1262 qui
508 1209 649 1246 tentat
666 1199 903 1244 Ecclesiam
915 1234 926 1255 ‚
946 1207 1098 1244 contra
1114 1213 1246 1258 quem
1263 1199 1458 1243 incantat
1474 1202 1616 1259 Apos-

226 1274 342 1321 tolus
357 1308 370 1330 ‚
394 1288 497 1318 cum
517 1271 649 1317 dicit:
673 1289 692 1312 «
710 1273 861 1316 Metuo
881 1285 937 1314 ne
958 1270 1070 1315 sicut
1092 1284 1266 1329 serpens
1287 1271 1423 1313 Evam
1447 1269 1618 1316 seduxit

228 1364 251 1389 »
277 1343 433 1390 astutia
454 1358 558 1398 sua,
600 1341 660 1386 sic
692 1349 736 1385 et
766 1355 915 1385 sensus
945 1340 1076 1384 vestri
1112 1340 1510 1399 corrumpantur43
1542 1340 1617 1386 ille

226 1430 328 1475 ergo
351 1429 471 1459 error
491 1421 668 1473 pectore
689 1420 732 1456 et
752 1419 905 1456 ventre
922 1411 1083 1470 serpit,
1109 1419 1152 1454 et
1173 1418 1333 1454 terram
1359 1409 1612 1456 manducat.

226 1488 325 1533 Non
347 1485 464 1529 enim
484 1483 673 1542 decipit,
696 1480 778 1526 nisi
799 1490 875 1525 aut
897 1481 1107 1540 superbos
1126 1514 1138 1535 ,
1168 1480 1244 1540 qui
1265 1479 1347 1524 sibi
1370 1489 1618 1539 arrogantes

230 1556 353 1618 quod
371 1571 462 1600 non
482 1563 611 1610 sunt,
635 1552 722 1598 cito
742 1550 929 1597 credunt
950 1552 1071 1612 quod
1099 1550 1258 1596 summi
1285 1550 1363 1595 Dei
1390 1559 1434 1595 et
1461 1550 1617 1596 animae

231 1631 437 1675 humanae
458 1642 546 1671 una
564 1624 804 1684 eademque
825 1632 982 1668 natura
1003 1623 1080 1681 sit3
1104 1630 1179 1667 aut
1194 1620 1415 1666 desideriis
1431 1621 1618 1667 carnali-

232 1700 314 1744 bus
331 1697 576 1758 implicatos
589 1731 601 1752 ,
623 1696 700 1755 qui
721 1694 910 1738 libenter
931 1692 1118 1738 audiunt
1137 1691 1259 1752 quod
1287 1691 1502 1752 quidquid
1530 1691 1617 1736 las-

234 1770 329 1815 cive
352 1767 544 1823 faciunt,
568 1782 659 1811 non
676 1766 755 1825 ipsi
771 1765 939 1809 faciunt
953 1798 964 1820 ,
989 1764 1066 1808 sed
1089 1778 1191 1822 gens
1213 1762 1491 1806 tenebrarum
1510 1783 1522 1820 3
1543 1771 1619 1806 aut

237 1839 428 1885 curiosos
446 1873 458 1894 ,
482 1837 559 1898 qui
579 1845 749 1881 terrena
769 1835 943 1894 sapiunt
959 1868 970 1889 ‚
997 1843 1040 1878 et
1066 1832 1272 1893 spiritalia
1294 1841 1466 1877 terreno
1489 1832 1618 1877 oculo

232 1909 478 1971 inquirunt.
503 1910 646 1952 Erunt
676 1915 821 1951 autem
849 1904 1086 1949 inimicitiae
1112 1904 1226 1948 inter
1247 1904 1379 1948 istum
1402 1912 1446 1948 et
1466 1902 1619 1947 mulie·

234 1996 342 2037 rem5
363 1989 406 2025 et
421 1979 534 2024 inter
551 1992 699 2023 semen
715 1977 822 2037 ejus,
843 1984 887 2019 et
902 1990 1050 2020 semen
1065 1973 1258 2018 mulieris
1272 1975 1287 1999 3
1299 2009 1311 2029 ‚
1336 1973 1369 2018 si
1386 1973 1524 2034 pariat
1538 1974 1619 2019 ista

233 2052 344 2097 filios
366 2050 563 2112 quamvis
587 2064 689 2095 cum
709 2046 934 2093 doloribus
950 2081 963 2103 ,
989 2055 1032 2091 et
1053 2061 1096 2090 se
1117 2044 1173 2090 ad
1195 2046 1339 2091 virum
1359 2061 1489 2090 suum
1509 2061 1617 2091 con-

235 2132 402 2179 vertat,
439 2130 491 2166 ut
519 2121 612 2182 ejus
644 2120 736 2180 ipse
769 2117 1034 2163 dominetur.
1071 2119 1194 2161 Tunc
1216 2116 1331 2161 enim
1352 2125 1496 2176 potest
1515 2131 1619 2176 cog-

234 2195 354 2240 nosci
374 2208 465 2239 non
487 2191 613 2238 aliam
646 2198 814 2251 partem
838 2189 885 2233 in
916 2188 1042 2233 nobis
1070 2187 1288 2248 pertinere
1317 2188 1372 2232 ad
1395 2196 1619 2232 auctorem

237 2269 402 2321 Deum,
422 2273 465 2309 et
482 2263 608 2309 aliam
626 2262 681 2307 ad
699 2270 874 2322 gentem
890 2260 1171 2305 tenebrarum
1188 2293 1200 2315 ,
1224 2259 1335 2303 sicut
1351 2259 1422 2304 isti
1435 2257 1617 2316 dicunt3

235 2336 310 2383 sed
331 2337 475 2398 potius
491 2345 534 2380 et
556 2334 668 2379 illud
690 2334 810 2394 quod
833 2332 1011 2391 regendi
1032 2331 1167 2375 habet
1187 2339 1445 2390 potestatem
1464 2330 1510 2374 in
1536 2329 1617 2374 ho-

228 2408 344 2451 mine
358 2442 369 2463 ‚
395 2416 439 2451 et
459 2406 571 2450 illud
591 2403 771 2449 inferius
787 2401 909 2464 quod
929 2401 1170 2461 regendum
1192 2410 1280 2457 est,
1306 2416 1361 2446 ex
1381 2404 1470 2445 Deo
1484 2396 1580 2444 ‘esse
1599 2433 1612 2454 ‚

230 2478 342 2522 sicut
358 2477 463 2521 dicit
478 2475 712 2536 Apostolus
736 2493 745 2520 :
775 2493 797 2517 «
821 2474 897 2518 Vir
918 2472 1098 2533 quidem
1118 2487 1210 2517 non
1230 2471 1361 2516 debet
1384 2470 1525 2517 valere
1542 2484 1613 2514 ca-

286 2568 294 2583 ¹
316 2569 335 2592 2
352 2561 431 2594 Tim.
452 2572 498 2602 w,
518 2560 549 2595 A.
568 2578 608 2584 —
625 2567 638 2583 ²
659 2568 679 2592 2
696 2560 769 2592 Cor.
788 2569 833 2596 ιι,
853 2558 885 2591 3.
904 2555 972 2582 —3
989 2559 1070 2591 Gen.
1089 2566 1137 2598 m,
1157 2555 1209 2590 15.
