1729 3143
557 235 619 260 DE·
642 234 810 272 crinem,
847 235 929 262 Lm.
967 237 996 261 1.
1389 230 1469 269 433

88 315 108 338 »
134 312 235 356 pera
253 332 263 351 ‚
289 306 332 342 et
354 297 518 344 factum
544 308 608 343 est
624 314 751 344 mane
769 300 858 344 dies
876 301 1089 360 quintus1.
1103 319 1122 343 υ
1143 302 1222 347 Hic
1244 304 1382 350 solent
1401 322 1471 350 rc-

17 382 20 424 3
84 365 375 425 prehendere,
411 378 654 428 quaerentes
680 368 751 413 vel
779 370 922 428 potius
954 371 1296 429 calumniantes,
1334 392 1467 436 quare

18 470 27 483 μ
83 436 284 481 animalia
305 453 395 481 non
415 437 557 482 solum
578 454 628 483 ea
649 454 749 499 quae
767 439 813 483 in
832 441 954 500 aquis
970 442 1150 498 vivunt,
1178 443 1253 488 sed
1273 444 1402 489 etiam
1421 463 1470 491 ea

80 522 179 567 quae
206 508 252 551 in
283 511 380 552 ae're
411 507 621 566 volitant,
656 519 700 553 et
734 511 881 554 omnia
916 522 1105 570 pennata
1140 515 1194 558 de
1223 516 1345 576 aquis
1368 527 1468 562 nata

81 577 290 635 scriptum
321 578 388 622 sit.
419 579 504 623 Sed
531 580 668 624 sciant
695 595 844 625 omnes
864 597 972 640 quos
994 583 1089 628 haec
1111 596 1313 641 movent,
1340 587 1471 632 istum

80 649 222 691 ae'rem
255 647 519 693 nebulosum
554 660 598 695 et
628 649 883 706 humidum,
922 652 967 695 in
1001 670 1089 713 quo
1112 670 1210 700 aves
1243 657 1422 713 volant,
1449 675 1472 702 a

80 718 336 763 doctissimis
357 719 610 765 hominibus
630 720 708 781 qui
728 721 823 766 haec
845 721 1076 781 diligenter
1094 725 1349 786 inquirunt,
1369 744 1470 773 cum

79 789 201 848 aquis
222 788 359 833 solere
383 790 598 850 deputari.
624 792 874 837 Concrescit
895 794 1009 837 enim
1032 804 1076 839 et
1097 811 1260 841 crassus
1282 799 1472 846 efficitur

77 859 423 905 exhalationibus
452 869 495 905 et
527 861 651 922 quasi
679 863 914 922 vaporibus
945 865 1072 909 maris
1099 876 1143 910 et
1166 876 1291 911 terrae
1309 903 1320 922 ,
1350 878 1393 912 et
1416 869 1471 913 de
1533 862 1536 865 ¹

77 930 168 990 ipso
191 933 374 976 humore
397 933 640 992 pinguescit
663 933 858 987 quodam
881 935 1015 973 1110<l0
1030 964 1041 985 ⁷
1067 946 1117 974 ut
1138 937 1308 983 volatus
1326 940 1471 984 avium

75 1012 250 1060 portare
272 1004 419 1058 possit.
449 998 554 1043 Ideo
570 1014 646 1058 per
668 1008 817 1043 noctes
839 1014 1010 1044 serenas
1026 1001 1156 1045 etiam
1178 1015 1324 1061 rorat,
1350 1012 1472 1069 cujus

76 1071 183 1116 roris
207 1080 342 1130 guttae
364 1086 492 1115 mane
522 1071 567 1114 in
596 1070 741 1115 herbis
772 1071 1074 1116 inveniuntur.
1107 1075 1217 1118 Nam
1251 1092 1374 1123 mons
1398 1080 1470 1124 illc

19 1195 21 1201 ,
74 1141 342 1187 Macedoniae
359 1176 369 1195 ‚
390 1141 466 1201 qui
487 1140 702 1199 Olympus
724 1150 907 1185 vocatur
923 1176 933 1196 ,
962 1150 1094 1187 tantae
1114 1143 1357 1190 altitudinis
1380 1166 1469 1194 esse

18 1209 21 1237 ³
75 1212 259 1266 dicitur,
285 1220 334 1255 ut
362 1212 406 1254 in
442 1212 534 1270 ejus
573 1211 799 1255 cacumine
832 1226 912 1256 nec
945 1222 1102 1257 ventus
1130 1215 1362 1272 sentiatur,
1389 1234 1469 1264 nec

74 1284 212 1327 nubes
233 1297 277 1327 se
298 1281 521 1340 colligant,
538 1282 639 1341 quia
655 1282 822 1326 excedit
835 1281 1066 1328 altitudine
1082 1299 1159 1329 sua
1181 1294 1322 1331 totum
1337 1288 1466 1334 istum

73 1358 213 1398 aerem
238 1352 469 1396 humidum
495 1352 541 1395 in
563 1368 651 1412 quo
675 1368 772 1397 aves
794 1353 966 1409 volant,
995 1363 1038 1399 et
1060 1354 1159 1400 ideo
1183 1372 1262 1401 nec
1288 1373 1386 1404 aves
1407 1361 1466 1405 ibi

73 1423 219 1469 volare
244 1432 556 1468 asseverantur.
591 1424 718 1476 Quod
749 1423 803 1467 ab
833 1424 892 1468 eis
922 1425 1144 1484 proditum
1169 1427 1356 1483 dicitur,
1391 1432 1468 1490 qui

16 1524 17 1530 η
73 1510 150 1555 per
170 1494 362 1552 singulos
385 1509 520 1538 annos
543 1492 757 1549 solebant,
780 1494 925 1539 nescio
943 1511 1133 1555 quorum
1156 1499 1466 1545 sacrificiorum

14 1563 17 1616 ξ
73 1581 226 1618 causa,
259 1564 486 1609 memorati
520 1564 678 1607 montis
707 1579 916 1608 cacumen
952 1566 1208 1622 ascendere,
1236 1578 1279 1612 et
1302 1570 1467 1630 aliquas

2 1642 16 1684 [ὲ
71 1645 196 1680 notas
218 1636 264 1678 in
286 1634 465 1695 pulvere
491 1635 678 1678 scribere
696 1669 706 1689 ,
738 1651 845 1694 quas
874 1635 959 1681 alio
986 1653 1102 1681 anno
1130 1639 1318 1698 integras
1341 1641 1465 1686 inve-

2 1710 15 1745 ιὲ
72 1707 251 1751 niebant
274 1726 282 1750 ι
308 1706 428 1766 quod
463 1706 555 1749 fieri
586 1721 675 1750 non
697 1715 869 1765 posset,
895 1707 928 1750 si
959 1717 1136 1752 ventum
1166 1719 1242 1754 aut
1272 1710 1463 1770 pluviam

72 1776 192 1822 locus
215 1776 287 1820 ine
307 1785 542 1835 pateretur.
571 1776 737 1820 Deinde
769 1776 871 1836 quia
896 1779 1083 1823 tenuitas
1112 1780 1219 1824 aeris
1242 1780 1356 1826 illius
1389 1784 1465 1843 qui

72 1847 133 1891 ibi
155 1856 246 1901 est,
271 1861 361 1890 non
378 1860 450 1889 eos
472 1845 734 1905 inspirabat,
759 1846 917 1891 durare
935 1848 996 1891 ibi
1015 1864 1104 1893 non
1127 1860 1355 1909 poterant,
1382 1854 1464 1898 nisi

72 1918 272 1977 spongias
294 1917 518 1960 humectas
539 1916 718 1960 naribus
740 1917 1008 1974 applicarent
1023 1953 1033 1972 ,
1072 1919 1190 1963 unde
1214 1922 1461 1967 crassiorem

73 1997 115 2033 et
135 1996 393 2033 consuetum
415 1987 617 2046 spiritum
640 1985 851 2030 ducerent
873 2006 881 2030 :
908 1988 954 2030 hi
972 2003 1075 2047 ergo
1097 1989 1402 2038 indicaverunt
1420 2011 1463 2038 se

73 2061 203 2105 etiam
213 2059 379 2104 nullam
399 2073 521 2102 avem
532 2058 577 2101 in
592 2073 642 2101 eo
655 2057 751 2102 loco
764 2057 1000 2118 aliquando
1019 2061 1187 2106 vidisse.
1206 2065 1301 2108 Non
1316 2065 1464 2126 itaque

71 2130 288 2174 immerito
309 2144 398 2173 non
430 2128 570 2172 solum
599 2129 734 2186 pisces
757 2137 800 2172 et
822 2138 975 2173 caetera
1005 2147 1104 2191 quae
1134 2133 1178 2175 in
1209 2135 1331 2194 aquis
1359 2146 1462 2181 sunt

72 2200 273 2246 animalia
290 2236 300 2255 ,
326 2199 399 2244 sed
422 2200 549 2243 etiam
574 2214 671 2243 aves
694 2199 749 2243 de
776 2200 898 2259 aquis
925 2210 1048 2245 natas
1071 2218 1160 2247 esse
1175 2239 1186 2258 ,
1213 2204 1462 2252 fidelissima

74 2272 292 2331 Scriptura
316 2279 626 2315 commemorat
645 2291 654 2323 3
678 2269 780 2330 quia
796 2285 872 2329 per
889 2271 1018 2316 istum
1038 2277 1179 2318 aerem
1199 2275 1344 2321 volare
1364 2293 1462 2338 pos—

72 2352 173 2387 sunt
188 2378 198 2396 ,
232 2344 308 2402 qui
330 2343 384 2386 de
407 2342 533 2385 maris
556 2350 598 2384 et
624 2351 745 2384 terrae
767 2341 1024 2387 humoribus
1047 2347 1195 2403 surgit.

130 2413 269 2456 XXV.
310 2431 328 2452 α
348 2415 403 2455 Et
421 2411 527 2455 dixit
545 2414 680 2454 Deus:
710 2410 862 2470 Ejiciat
885 2420 996 2455 terra
1019 2414 1208 2459 animam
1229 2418 1370 2462 vivam
1393 2435 1459 2463 se-

77 2505 93 2526 »
121 2481 317 2527 cundum
342 2480 690 2540 unumquodque
711 2496 844 2539 genus
863 2483 1200 2542 quadrupedum
1219 2498 1261 2532 et
1281 2504 1455 2548 serpen-

121 2574 128 2590 ¹
151 2570 228 2600 Gen⁴
251 2578 274 2607 1,
294 2568 414 2599 20-93.

234 2630 417 2660 cxxxiv.
1247 2628 1296 2665 28
