1729 3143
232 165 312 204 168
663 176 696 201 s.
731 172 963 201 Avens-nm
995 173 1176 202 EPISCOPI

231 259 252 283 »
277 241 430 300 dignos
449 240 615 284 fructus
632 238 917 297 poenitentiae.
942 241 1054 283 Ecce
1076 239 1192 283 enim
1207 274 1218 292 ,
1239 239 1299 284 ait
1314 239 1604 299 Evangelista,

228 329 249 354 »
273 312 431 356 securis
453 309 507 354 ad
522 308 684 352 radices
703 309 908 354 arborum
924 310 1060 369 posita
1076 319 1153 354 est.
1173 311 1326 354 Omnis
1345 311 1460 354 enim
1482 311 1609 355 arbor

230 401 248 424 »
276 398 365 426 non
386 380 548 425 faciens
560 379 754 424 fructum
771 381 954 437 bonum,
972 380 1210 437 excidetur,
1230 390 1273 425 et
1286 381 1331 425 in
1348 381 1493 440 ignem
1507 382 1612 425 mit-

229 472 248 494 »
275 453 431 496 tetur1.
456 468 476 492 »
503 450 658 506 Video,
683 451 842 512 inquit,
868 467 1016 497 omnes
1039 452 1236 497 homines
1269 452 1456 497 diversas
1479 451 1612 496 arbo-

221 537 285 566 res
300 556 311 576 ,
337 521 505 565 fructus
527 522 656 566 etiam
680 523 870 568 diversos
902 523 1114 568 habentes
1142 543 1150 567 :
1177 523 1254 567 sed
1276 523 1418 567 bonus
1441 522 1612 567 fructus

219 592 430 650 quaeritur
443 593 519 652 qui
536 602 704 652 pascat,
731 609 820 638 non
842 594 919 654 qui
941 603 1122 653 pungat.
1151 596 1263 639 Sunt
1280 594 1398 637 enirn
1415 602 1458 637 et
1480 593 1613 637 arbo-

218 676 283 705 res
305 661 514 721 spinosae,
538 663 629 721 igni
653 663 894 723 deputatae,
919 665 1075 708 merito
1104 662 1391 707 incendendae
1407 697 1418 718 ,
1443 662 1544 722 quia
1567 662 1614 706 in

219 731 278 775 eis
299 731 448 776 nullus
469 731 640 776 fructus
662 742 725 777 est
747 733 918 778 animae.
944 733 1210 788 Putatis-ne,
1230 730 1511 786 dilectissimi,
1535 745 1614 775 nos

218 816 368 846 omnes
389 802 496 846 tales
517 818 665 848 sumus
683 839 694 858 ,
721 805 798 864 qui
819 804 866 848 in
886 805 978 848 istis
999 804 1123 848 malis
1145 818 1226 863 pro
1248 803 1435 862 peccatis
1457 802 1616 846 nostris

218 870 383 916 dimissi
402 888 549 917 sumus
567 875 585 917 P
612 875 796 918 Exacuit
819 874 1008 933 agricola
1030 873 1213 928 ferrum,
1239 880 1438 931 amputat
1460 871 1616 915 inutile

216 940 387 1000 lignum
405 977 417 999 ‚
443 944 656 988 abscisum
689 953 831 989 servat
859 943 1066 988 incendio
1098 941 1485 986 concremandum.
1521 943 1616 984 Hoc

217 1027 336 1056 nunc
368 1014 511 1067 agitur
540 1029 564 1050 a
594 1028 698 1050 voro
727 1013 932 1064 agricola.
960 1012 1179 1050 Videntur
1200 1010 1380 1066 quidem
1406 1010 1489 1051 sibi
1511 1010 1616 1053 mali

218 1079 362 1124 adhuc
385 1087 522 1131 stare,
556 1076 701 1120 adhuc
733 1075 903 1120 florere.
941 1075 1146 1135 Quisquis
1183 1076 1281 1119 talis
1315 1092 1384 1132 es,
1420 1078 1616 1138 quisquis

217 1149 358 1194 malus
376 1163 442 1203 es,
468 1146 664 1207 quisquis
687 1146 843 1205 corrigi
866 1160 956 1190 non
978 1146 1041 1190 vis
1056 1180 1067 1201 ,
1099 1161 1190 1190 non
1211 1155 1254 1190 te
1276 1147 1526 1192 consoletur
1550 1148 1616 1192 al-

217 1219 362 1264 titudo
385 1227 460 1262 tua
482 1236 490 1261 :
516 1217 618 1277 quia
635 1218 771 1275 major
789 1225 832 1260 te
852 1224 1049 1275 expectat
1067 1217 1208 1272 ruina,
1230 1217 1507 1278 ampliorque
1523 1233 1616 1262 sus-

219 1289 329 1334 tinet
351 1288 540 1332 flamma.
563 1286 676 1339 Quia
693 1286 852 1330 securis
871 1287 966 1330 haec
989 1286 1043 1329 ad
1065 1295 1107 1330 te
1130 1286 1329 1331 nondum
1347 1288 1490 1343 venit,
1516 1287 1616 1333 ideo

218 1367 345 1419 putas
369 1367 412 1402 te
433 1371 559 1416 posse
576 1371 745 1414 semper
767 1365 878 1400 stare
896 1357 913 1396 ⁶?
936 1371 1037 1400 cum
1065 1355 1210 1400 videas
1231 1355 1301 1401 vel
1331 1356 1481 1401 audias
1514 1356 1615 1402 alias

221 1431 396 1474 arbores
409 1436 452 1472 te
466 1427 695 1486 ampliores
712 1427 932 1471 cecidisse.
951 1428 1081 1480 Quod
1098 1436 1140 1471 te
1155 1428 1224 1471 hic
1238 1428 1426 1486 agricola
1442 1428 1608 1484 differt,

222 1502 313 1561 ejus
325 1508 389 1544 est
403 1498 641 1558 patientiae,
661 1512 715 1541 ne
731 1497 846 1542 forte
865 1497 1106 1542 intercedat
1123 1498 1240 1557 apud
1257 1514 1357 1542 eum
1380 1498 1501 1543 locus
1516 1515 1614 1558 poe-

221 1571 432 1615 nitentiae.
459 1568 652 1614 Colonus
674 1568 789 1612 enim
811 1568 884 1611 ille
908 1568 952 1612 in
975 1569 1236 1628 Evangelio,
1262 1571 1339 1629 qui
1366 1569 1614 1615 intercede-

220 1642 297 1686 bat
323 1655 404 1700 pro
431 1639 609 1694 arbore,
634 1654 767 1699 quam
790 1637 993 1682 dominus
1016 1639 1235 1684 eradicare
1257 1640 1460 1695 volebat,
1493 1640 1614 1700 quod

223 1711 417 1755 fructum
450 1724 527 1768 per
561 1709 798 1752 triennium
829 1723 919 1752 non
953 1708 1155 1763 haberet,
1194 1709 1338 1753 videte
1379 1709 1489 1768 quid
1519 1710 1611 1754 ait:

227 1801 249 1824 α
285 1780 471 1826 Domine
486 1814 497 1835 ,
522 1779 693 1822 dimitte
713 1777 834 1821 illam
860 1786 903 1821 et
922 1777 1007 1822 hoc
1029 1793 1143 1821 anno
1165 1796 1175 1823 ;
1201 1776 1356 1821 faciam
1379 1779 1418 1821 ei
1436 1776 1611 1833 fossam,

228 1871 247 1894 »
284 1850 516 1895 adhibeam
556 1848 795 1907 cophinum
836 1847 1033 1891 stercoris
1070 1865 1079 1890 ε
1119 1847 1153 1890 si
1199 1845 1349 1890 fecerit
1386 1845 1579 1891 fructum
1601 1882 1612 1903 ,

229 1941 248 1963 »
284 1920 424 1978 bene3
450 1920 516 1963 sin
548 1927 720 1973 autem,
755 1916 949 1961 abscides
977 1931 1072 1960 eam
1091 1920 1124 1959 ².
1154 1936 1172 1957 »
1199 1917 1342 1960 Arbor
1373 1917 1468 1961 haec
1491 1918 1615 1962 steri-

225 1992 301 2047 lis,
332 2006 467 2050 genus
497 1990 727 2034 hominum
757 1997 821 2033 est
842 2003 931 2032 non
966 1987 1132 2031 habens
1166 1986 1362 2032 fructum
1391 1989 1613 2047 poeniten-

226 2062 314 2106 tiae.
341 2061 552 2106 Dominus
580 2060 669 2118 ejus
686 2094 697 2112 ,
728 2057 928 2102 conditor
960 2058 1050 2116 ejus
1089 2066 1167 2101 est.
1198 2060 1460 2102 Intercessor
1487 2059 1615 2117 hujus

228 2131 419 2185 arboris,
455 2128 674 2188 apostolus
716 2126 873 2171 Paulus
916 2135 992 2170 est.
1029 2126 1155 2170 Unde
1191 2127 1462 2186 probamus?
1496 2126 1614 2172 Audi

228 2203 273 2247 in
312 2200 501 2262 quadam
544 2197 741 2259 Epistola
786 2213 863 2242 sua
900 2196 1275 2257 quemadmodum
1314 2197 1616 2242 intercedebat

229 2287 309 2331 pro
345 2271 501 2316 talibus
531 2290 539 2315 ;
576 2288 596 2311 «
625 2268 776 2313 Flecto
794 2302 805 2323 ,
836 2268 980 2328 inquit
998 2302 1009 2323 ,
1049 2282 1192 2326 genua
1225 2282 1322 2311 mea
1351 2267 1406 2310 ad
1439 2270 1611 2311 Patrem

235 2361 253 2383 »
280 2342 451 2386 Domini
482 2340 617 2384 nostri
647 2341 750 2383 Jesu
779 2337 955 2393 Christi,
980 2346 1030 2382 ut
1050 2338 1125 2382 det
1145 2337 1268 2381 vobis
1297 2337 1549 2382 virtutemss.
1588 2355 1608 2378 »

232 2412 326 2455 Hoc
355 2425 455 2468 ergo
476 2411 535 2454 eis
556 2409 749 2469 petebat,
773 2416 823 2452 ut
843 2408 1089 2467 acciperent
1109 2407 1230 2466 quod
1261 2422 1350 2452 non
1371 2407 1608 2452 habebant.

282 2507 289 2522 ¹
309 2500 419 2532 Matth.
437 2511 525 2540 xxiii,
543 2500 562 2531 8
582 2504 613 2530 et
635 2510 684 2531 ιο.
705 2515 744 2521 —-
763 2505 776 2520 ²
795 2500 870 2530 Luc.
891 2509 956 2538 1111,
978 2498 1010 2528 8.
1028 2513 1066 2520 —
1081 2496 1093 2519 3
1113 2497 1226 2538 EpheS.
1246 2507 1297 2536 111,
1316 2496 1368 2537 14.
