1729 3143
234 199 316 240 348
661 210 694 239 s.
730 210 960 242 mous-nm
992 213 1174 245 m⁵1scom

231 279 330 323 ideo
350 278 510 322 virtute
532 291 661 321 nemo
683 277 795 323 male
817 279 982 335 utitur,
1007 281 1109 341 quia
1134 296 1243 341 opus
1267 281 1437 328 virtutis
1454 293 1517 329 est
1531 284 1612 330 bo-

230 364 312 393 nus
335 363 435 392 usus
456 348 660 403 istorum,
687 349 846 408 quibus
874 351 1002 395 etiam
1025 367 1115 396 non
1137 352 1250 396 bene
1277 352 1342 396 uti
1367 368 1609 412 possumus.

231 423 366 465 Nemo
388 427 533 462 autem
558 419 669 463 bene
690 420 854 466 utendo
877 422 989 466 male
1008 424 1163 468 utitur.
1185 426 1328 477 Quare
1346 423 1616 470 abundantia

231 499 273 533 et
294 488 548 548 magnitudo
571 490 773 536 honitatis
797 492 873 536 Dei
895 507 985 537 non
1006 494 1147 538 solum
1170 509 1325 553 magna
1341 529 1352 549 ,
1387 494 1464 539 sed
1485 495 1617 539 etiam

230 558 373 604 media
394 569 438 605 et
459 561 636 606 minima
658 562 772 608 bona
795 579 884 608 esse
906 565 1122 623 praestitit.
1150 565 1285 623 Magis
1314 563 1535 610 laudanda
1555 574 1619 610 est
1678 559 1680 609 J

230 631 401 675 bonitas
418 632 508 692 ejus
530 633 575 676 in
596 634 763 693 magnis
779 669 789 689 ‚
816 650 948 694 quam
969 635 1015 679 in
1037 636 1188 680 mediis
1205 670 1216 691 ‚
1240 645 1284 681 et
1306 636 1439 695 magis
1460 636 1507 680 in
1528 651 1620 680 me-

1726 681 1729 696 Ὗ

230 702 309 747 diis
332 719 464 763 quam
484 704 530 749 in
553 706 740 750 minimis
762 707 887 751 bonis
911 725 921 753 z
946 705 1021 752 sed
1043 708 1178 766 magis
1199 709 1245 752 in
1264 707 1468 753 omnibus
1487 722 1620 769 quam
1680 732 1681 735 =
1716 736 1729 765 -,

230 773 264 817 si
286 789 376 818 non
398 776 541 819 omnia
565 776 800 821 tribuisset.

290 846 362 889 LI.
401 848 452 890 E.
479 848 715 891 Assentior.
745 847 828 891 Sed
849 847 960 892 illud
982 863 1050 893 me
1072 858 1240 905 movet,
1265 850 1472 909 quoniam
1491 848 1545 893 de
1570 848 1624 893 li-
1682 832 1688 910 ἦ
1718 888 1729 915 ,(

232 914 335 959 bera
365 916 590 960 voluntate
625 917 809 974 quaestio
843 927 906 962 est
923 953 933 973 ‚
959 927 1003 962 ct
1028 918 1226 963 videmus
1258 921 1392 977 ipsam
1418 919 1530 963 bene
1558 919 1625 963 uti
1683 913 1691 948 2
1719 911 1729 920 ⁴.

231 986 396 1030 caeteris
417 985 485 1029 vel
506 1001 595 1029 non
618 985 753 1040 bene,
785 988 1010 1046 quomodo
1038 997 1082 1032 et
1113 990 1204 1047 ipsa
1235 990 1348 1032 inter
1369 987 1442 1032 illa
1465 989 1626 1049 quibus
1684 1020 1690 1031 ..

232 1058 398 1101 utimur
420 1055 689 1100 numeranda
709 1057 775 1100 sit.
804 1061 855 1101 A.
883 1059 1111 1110 Quomodo
1133 1058 1279 1102 omnia
1296 1074 1395 1118 quae
1415 1058 1469 1102 ad
1488 1060 1627 1103 scien-

235 1130 335 1173 tiam
359 1128 658 1186 cognoscimus
680 1163 690 1182 ‚
716 1128 883 1172 ratione
905 1130 1206 1188 cognoscimus
1222 1165 1232 1185 ,
1260 1139 1303 1174 et
1326 1139 1471 1173 tamen
1495 1131 1628 1174 etiam
1686 1135 1688 1142 ²

233 1199 324 1258 ipsa
347 1198 456 1242 ratio
483 1198 596 1242 inter
618 1197 691 1242 illa
713 1209 967 1243 numeratur
990 1215 1089 1259 quae
1118 1200 1286 1242 ratione
1307 1199 1624 1257 cognoscimus.
1690 1190 1692 1204 ¹

234 1273 301 1313 An
315 1268 475 1313 oblitus
493 1285 552 1324 es,
570 1285 671 1313 cum
684 1285 978 1329 quaereremus
993 1285 1093 1329 quae
1108 1270 1275 1314 ratione
1290 1280 1626 1327 cognoscantur,

234 1339 479 1386 confessum
497 1349 540 1385 te
560 1340 690 1385 fuisse
709 1341 839 1384 etiam
854 1341 1065 1385 rationem
1086 1341 1252 1385 ratione
1270 1341 1507 1398 cognosci?
1529 1341 1629 1387 Noli

235 1428 338 1472 ergo
368 1413 541 1467 mirari,
567 1412 601 1455 si
633 1412 796 1456 caeteris
827 1427 903 1471 per
929 1411 1113 1456 liberam
1135 1411 1407 1456 voluntatem
1430 1412 1596 1456 utimur
1613 1447 1625 1468 ‚

235 1484 366 1527 etiam
388 1483 479 1542 ipsa
501 1481 638 1526 libera
660 1481 886 1527 voluntate
908 1498 985 1542 per
1007 1498 1102 1527 eam
1124 1482 1262 1543 ipsam
1283 1483 1349 1527 uti
1374 1498 1453 1528 nos
1470 1498 1595 1542 posse
1613 1518 1624 1538 ‚

236 1563 286 1598 ut
308 1552 501 1614 quodam
518 1552 650 1597 modo
671 1568 715 1597 se
738 1553 828 1613 ipsa
851 1563 1000 1598 utatur
1024 1554 1225 1599 voluntas
1247 1569 1346 1614 quae
1375 1554 1515 1599 utitur
1537 1570 1626 1598 cae-

240 1625 360 1680 teris,
386 1625 498 1669 sicut
514 1639 559 1669 se
580 1624 716 1684 ipsam
740 1625 962 1683 cognoscit
977 1625 1109 1681 ratio,
1133 1641 1233 1685 quae
1250 1625 1472 1685 cognoscit
1491 1634 1534 1670 et
1548 1640 1629 1669 cae·

238 1705 342 1740 tera.
368 1698 474 1741 Nam
500 1703 542 1738 et
565 1695 770 1739 memoria
792 1711 882 1739 non
907 1695 1045 1740 solum
1063 1705 1218 1741 caetera
1240 1697 1386 1740 omnia
1409 1711 1509 1756 quae
1536 1710 1629 1739 mc-

238 1767 442 1811 minimus
460 1765 790 1825 comprehendit
807 1787 817 1823 3
842 1767 917 1810 sed
941 1768 1070 1810 etiam
1088 1768 1207 1826 quod
1225 1782 1314 1811 non
1333 1766 1630 1811 obliviscimur

239 1854 317 1883 nos
340 1838 502 1882 habere
524 1837 800 1892 memoriam,
832 1837 923 1896 ipsa
951 1852 995 1880 se
1029 1837 1237 1880 memoria
1269 1834 1463 1895 quodam
1497 1837 1630 1882 modo

240 1919 359 1954 tenet
380 1910 425 1953 in
445 1909 596 1963 nobis,
630 1923 727 1968 quae
756 1922 844 1951 non
878 1908 1020 1952 solum
1052 1906 1265 1961 aliorum,
1304 1905 1379 1950 sed
1411 1907 1542 1950 etiam
1565 1908 1630 1951 sui
1698 1945 1699 1950 ,

241 1980 464 2036 meminit,
491 1979 560 2025 vel
581 1979 724 2038 potius
747 1993 824 2023 nos
841 1987 883 2022 et
906 1987 1062 2023 caetera
1082 1987 1125 2022 et
1142 1978 1277 2037 ipsam
1294 1992 1370 2036 per
1388 1978 1524 2037 ipsam
1538 1993 1631 2022 me-

241 2053 461 2097 minimus.
1694 2104 1701 2113 ,¹

300 2127 393 2168 LII.
428 2122 641 2167 Voluntas
663 2137 765 2181 ergo
787 2136 887 2181 quae
908 2120 1103 2165 medium
1124 2120 1292 2164 bonum
1317 2128 1408 2175 est,
1435 2135 1535 2164 cum
1559 2120 1631 2164 in·
1695 2119 1698 2137 ²

241 2196 378 2240 haeret
397 2192 747 2239 incommutabili
768 2192 884 2237 bono
900 2226 910 2245 ‚
936 2191 1063 2251 eique
1084 2190 1307 2236 communi
1325 2205 1415 2234 non
1433 2190 1628 2249 proprio,

244 2266 368 2311 sicuti
390 2274 454 2310 est
474 2264 561 2320 illa,
581 2264 635 2308 dc
652 2279 738 2324 qua
756 2261 946 2307 multum
966 2260 1102 2306 locuti
1123 2276 1287 2316 sumus,
1307 2269 1352 2304 et
1373 2260 1482 2304 nihil
1499 2259 1631 2319 digne

246 2336 457 2391 diximus,
481 2336 637 2380 veritas
652 2370 663 2390 ‚
694 2342 810 2378 tenet
833 2334 963 2378 homo
993 2333 1163 2376 beatam
1191 2331 1326 2376 vitam
1347 2350 1355 2376 :
1382 2345 1519 2390 eaque
1541 2330 1631 2388 ipsa

248 2408 335 2451 vita
356 2408 480 2451 beata
496 2442 507 2462 ‚
532 2406 578 2450 id
599 2415 661 2449 est
675 2441 685 2457 ‚
710 2405 842 2449 animi
864 2403 1037 2448 affectio
1061 2402 1312 2446 inhaerentis
1340 2402 1630 2445 incommuta·
1698 2443 1701 2450 ,

251 2476 328 2519 bili
354 2477 496 2532 bono,
523 2477 749 2536 proprium
781 2485 824 2519 et
856 2474 1046 2535 primum
1078 2483 1140 2518 est
1161 2473 1347 2518 hominis
1370 2472 1550 2516 bonum.
1580 2472 1632 2513 In
1699 2492 1702 2531 3

253 2562 304 2592 eo
335 2557 435 2592 sunt
465 2549 592 2594 etiam
616 2548 796 2593 virtutes
825 2561 973 2592 omnes
994 2546 1153 2604 quibus
1176 2544 1287 2590 male
1315 2543 1379 2588 uti
1399 2556 1529 2587 nemo
1549 2556 1631 2600 po·
1699 2533 1702 2547 ⁸
