1729 3143
412 199 466 225 m:
496 194 730 226 mscnmuu
762 195 1028 226 cflmsnaiu.
1334 184 1412 225 111

39 270 301 307 summatum
323 271 365 306 et
379 262 620 307 breviatum
633 296 644 317 ,
669 276 748 305 nec
765 262 998 307 obscurum
1015 275 1103 306 esse
1124 263 1238 305 Deus
1254 260 1414 306 voluit.

40 332 144 377 Ideo
175 332 332 388 breve,
368 348 424 377 ne
454 348 545 377 non
569 340 740 377 vacaret
771 330 936 390 legere3
970 331 1069 376 ideo
1101 339 1327 390 apertum,
1363 346 1420 375 ne

39 401 153 445 dicat
179 420 187 445 :
213 401 321 447 Mihi
358 417 447 446 non
486 401 608 445 licuit
646 399 902 458 intelligere.
942 402 1186 445 Thesaurus
1221 415 1325 459 ergo
1357 409 1421 444 est

37 486 222 530 magnus
256 471 499 516 divinarum
538 471 830 530 Scripturam‚
860 471 1024 515 habens
1062 472 1108 515 in
1138 486 1182 516 se
1207 470 1422 515 mirabilia

38 552 252 602 praecepta
286 543 449 598 multa,
488 551 697 602 tanquam
728 540 888 585 multas
923 556 1144 600 gemmas,
1171 551 1215 586 et
1234 542 1422 602 pretiosa

37 613 239 666 monilia,
265 622 309 656 et
326 627 425 656 vasa
446 612 640 671 ingentia
662 621 706 656 et
729 611 877 670 magni
899 610 1078 655 metalli.
1108 611 1191 655 Sed
1215 613 1310 671 quis
1340 627 1422 671 po-

36 690 120 726 test
139 682 321 727 serutari
343 683 594 726 thesaurum
615 682 745 725 istum
758 717 769 737 ‚
803 690 846 725 et
865 681 929 725 nti
952 695 1004 725 eo
1020 715 1030 735 ‚
1055 688 1100 724 et
1119 681 1346 739 pervenire
1369 681 1424 725 ad

37 752 181 796 omnia
201 767 300 811 quae
319 752 382 795 ibi
403 754 539 795 sunt?
561 752 749 805 Quando
782 753 893 796 hanc
921 750 1250 795 similitudinem
1272 751 1423 795 Domi-

37 837 118 866 nus
131 821 252 865 dedit
270 822 315 865 in
338 822 574 881 Evangelio
595 838 696 877 suo,
722 831 765 866 et
785 822 894 866 dixit
916 840 924 866 :
950 841 969 863 «
990 821 1138 867 Simile
1159 830 1223 865 est
1238 835 1424 880 regnum

41 909 62 933 »
95 891 309 936 coelorum
330 893 534 936 thesauro
555 894 733 937 invento
755 893 800 936 in
823 894 941 950 agro¹
962 911 971 936 ε
989 909 1010 934 »
1035 907 1091 936 ne
1106 892 1203 950 quis
1220 906 1264 935 se
1280 892 1424 934 minus

36 962 242 1006 idoneum
267 962 429 1006 diceret
451 961 505 1005 ad
528 963 890 1020 perscrutandum
907 963 1162 1006 thesaurum
1177 997 1188 1016 ‚
1214 962 1424 1006 continuo

35 1031 157 1075 dedit
178 1031 304 1075 aliam
331 1030 659 1075 similitudinem
680 1046 692 1076 ·:
723 1051 742 1073 «
764 1031 911 1077 Simile
934 1041 1024 1086 est,
1061 1032 1265 1091 inquiens
1281 1065 1291 1085 ,
1325 1044 1426 1088 reg-

39 1117 59 1139 »
94 1112 201 1141 num
218 1098 432 1141 coelorum
458 1101 622 1140 homini
646 1102 905 1152 negotiatori
927 1100 1144 1153 quaerenti
1162 1101 1297 1138 bonas
1315 1111 1428 1140 mar-

38 1185 60 1210 »
95 1168 272 1226 gamas,
309 1168 386 1227 qui
419 1166 586 1210 invenit
618 1180 752 1209 unam
786 1165 1016 1224 pretiosam
1051 1166 1350 1223 margaritam,
1383 1177 1426 1213 et

39 1256 60 1280 n
95 1237 289 1282 vendidit
311 1237 454 1281 omnia
477 1252 576 1295 quae
599 1236 776 1290 habuit,
801 1245 845 1279 et
868 1236 974 1280 emit
995 1235 1155 1291 illam2,
1175 1254 1195 1277 »
1231 1247 1282 1281 ut
1303 1237 1338 1281 si
1354 1238 1426 1296 pi-

40 1323 114 1366 ger
147 1322 239 1351 eras
279 1306 333 1350 ad
371 1305 735 1364 perserutandum
772 1306 1025 1350 thesaurum
1042 1341 1052 1361 ‚
1091 1321 1181 1350 non
1217 1307 1271 1351 sis
1305 1307 1426 1366 piger

39 1392 170 1421 unam
199 1376 475 1435 margaritam
508 1375 588 1419 sub
619 1374 770 1434 lingua
801 1374 936 1430 ferre,
969 1384 1012 1419 et
1039 1391 1129 1435 quo
1159 1376 1221 1420 vis
1250 1391 1425 1422 securus

39 1446 275 1491 ambulare.

99 1519 180 1560 III.
216 1517 342 1569 Quod
363 1524 426 1559 est
447 1530 550 1574 ergo
570 1513 756 1558 verbum
777 1528 1084 1559 consummans
1116 1523 1159 1559 et
1191 1515 1392 1560 brevians
1412 1535 1420 1560 :

42 1606 64 1629 «
97 1586 256 1646 Diliges
278 1587 513 1630 Dominum
535 1589 673 1629 Deum
695 1593 821 1628 tuum
843 1600 894 1628 ex
915 1594 1009 1629 toto
1031 1585 1161 1629 corde
1180 1596 1257 1630 tuo
1274 1621 1284 1640 ,
1310 1595 1354 1630 et
1376 1602 1426 1630 ex

41 1675 62 1697 n
97 1665 187 1700 tota
210 1656 352 1700 anima
374 1664 472 1709 tua,
498 1663 540 1698 et
562 1670 614 1698 ex
637 1663 729 1700 tota
750 1664 896 1698 mente
917 1664 1016 1712 tua3
1041 1663 1084 1698 et
1106 1654 1254 1713 diliges
1277 1656 1425 1715 proxi-

41 1744 63 1767 »
98 1741 220 1770 mum
251 1735 378 1770 tuum
412 1726 523 1769 sicut
558 1733 599 1768 te
634 1725 791 1784 ipsum.
829 1727 879 1769 In
912 1726 978 1769 his
1000 1724 1175 1770 duobus
1197 1727 1425 1786 praeceptis

43 1813 63 1837 »
97 1805 187 1840 tota
209 1799 296 1839 Lex
314 1795 475 1854 pendet
497 1804 540 1838 et
563 1795 832 1853 Prophetae?
854 1813 874 1836 »
901 1798 1013 1840 Ecce
1034 1795 1156 1855 quod
1178 1797 1359 1841 discitur
1380 1797 1426 1840 in

39 1866 171 1911 domo
205 1866 479 1925 disciplinae:
509 1865 696 1924 Diligere
727 1869 866 1909 Deum
886 1901 896 1921 ,
937 1866 1117 1926 diligere
1148 1868 1422 1926 proximum:

40 1941 178 1982 Deum
195 1946 405 1996 tanquam
424 1940 579 1990 Deum,
605 1937 854 1995 proximum
872 1946 1080 1997 tanquam
1104 1947 1161 1982 te.
1187 1941 1285 1983 Non
1308 1939 1424 1982 enim

38 2008 205 2051 invenis
226 2023 373 2065 parem
397 2010 501 2061 Deo,
527 2015 577 2050 ut
601 2008 733 2065 possit
753 2007 833 2051 tibi
854 2006 938 2051 dici
963 2027 971 2052 :
1000 2007 1135 2066 Dilige
1159 2011 1299 2052 Deum
1314 2009 1426 2053 sicut

40 2076 180 2135 diligis
202 2076 344 2120 illum.
376 2080 437 2120 De
463 2077 660 2134 proximo
687 2077 864 2122 inventa
898 2086 962 2121 est
995 2078 1077 2122 tibi
1111 2084 1286 2137 regula,
1323 2079 1427 2138 quia

40 2147 243 2191 inventus
271 2161 314 2190 es
341 2146 538 2204 proximo
564 2155 642 2189 tuo
672 2162 750 2205 par
777 2157 827 2192 tu
860 2148 964 2207 ipse.
1003 2147 1170 2202 Quaeris
1203 2148 1426 2208 quomodo

41 2216 190 2274 diligas
220 2216 469 2275 proximum
487 2217 504 2259 ἓ)
527 2214 716 2259 Attende
735 2224 780 2259 te
800 2217 965 2276 ipsum3
988 2227 1031 2262 et
1051 2218 1274 2278 quomodo
1293 2228 1335 2263 te
1356 2218 1425 2263 di-

40 2285 157 2344 ligis,
189 2286 249 2329 sic
274 2284 407 2344 dilige
436 2285 699 2344 proximum.
736 2287 835 2330 Non
866 2295 929 2330 est
949 2287 1027 2330 ubi
1049 2303 1177 2332 erres.
1209 2288 1320 2333 Volo
1337 2289 1426 2348 jam

43 2370 145 2413 ergo
165 2365 209 2399 et
230 2355 310 2399 tibi
331 2356 603 2399 committere
621 2355 866 2415 proximum
898 2365 1024 2402 tuum
1040 2392 1051 2412 ,
1077 2368 1127 2401 ut
1154 2357 1304 2416 diligas
1326 2374 1427 2402 eum

45 2436 253 2488 tanquam
277 2438 319 2472 te
336 2428 477 2488 ipsum
500 2447 509 2473 :
533 2428 633 2474 volo
650 2464 660 2483 ‚
685 2428 760 2473 sed
781 2428 925 2474 adhuc
945 2430 1092 2475 timeo.
1120 2430 1233 2476 Volo
1259 2432 1336 2476 tibi
1359 2432 1428 2476 di-

95 2521 102 2535 ·
124 2513 246 2545 Matth.
262 2524 331 2555 1111,
351 2513 405 2555 44.
425 2530 466 2537 -
487 2520 499 2537 ²
518 2513 599 2546 Ibid.
620 2513 676 2556 45.
698 2530 738 2537 -
759 2512 837 2546 ³1d.
856 2525 934 2557 xxu,
955 2515 1008 2553 37.
