1729 3143
239 175 324 214 106
669 187 704 213 s.
739 182 971 212 Aue-usum
1003 184 1184 214 nuscum

235 249 341 296 ceris
363 248 543 311 quidem
559 283 570 304 ‚
600 257 643 292 et
674 247 880 307 injuriam
906 249 1091 308 patietur
1113 248 1170 294 ad
1192 258 1363 308 tempus
1383 266 1485 296 caro
1506 260 1581 297 tua
1603 272 1614 299 ε

235 320 461 365 reverteris
484 334 584 363 cum
606 332 777 362 summo
798 321 916 378 Rege
938 335 1123 378 regnans
1140 355 1152 375 ‚
1176 328 1219 364 et
1240 319 1334 364 talis
1356 319 1436 364 tibi
1457 321 1618 366 redde-

236 401 308 436 tur
326 406 425 451 quae
446 397 634 448 nequeat
650 390 869 449 corrumpi
886 425 896 444 ,
924 399 968 434 et
984 399 1129 435 tecum
1151 400 1322 435 maneat
1338 393 1614 450 sempiterna.

238 462 281 507 Si
297 461 352 504 ad
370 461 452 504 hoc
470 460 609 518 pergis
628 468 676 503 ut
693 459 845 503 melior
862 461 1060 505 efficiaris
1076 496 1086 515 ,
1113 477 1202 505 non
1220 461 1358 505 credis
1373 496 1385 516 ‚
1411 462 1620 521 quoniam

235 530 402 574 meliori
421 538 464 573 et
486 530 532 573 in
552 545 686 588 regno
709 530 922 574 coelorum
940 531 1133 591 quodam
1151 532 1283 576 modo
1301 532 1621 577 administranti

236 599 388 643 melius
412 600 491 644 tibi
511 601 826 660 praeparabitur
850 603 1085 661 hospitium
1099 604 1116 644 ⁶?
1141 603 1184 648 Si
1210 602 1304 647 haec
1325 612 1497 647 terrena
1513 638 1524 658 ‚
1548 603 1621 647 lu-

234 678 304 715 tea
332 704 344 725 ,
389 669 553 730 fragilis
580 705 591 726 ,
638 680 805 715 tantam
852 672 929 715 tibi
964 673 1163 716 exhibuit
1205 672 1580 731 pulchritudinem
1606 693 1618 730 3

235 749 472 785 restaurata
495 750 538 786 et
559 741 747 786 coelestis
769 742 925 786 effecta
947 742 1122 802 qualem
1144 742 1226 786 tibi
1245 742 1466 787 exhibebit
1488 744 1622 788 deco-

234 813 357 855 rem?
381 812 425 857 Si
456 812 570 856 hanc
603 822 776 857 tantum
806 811 947 870 diligis
966 847 977 868 ,
1011 828 1112 872 quae
1147 811 1378 872 paululum
1409 822 1557 857 manet
1580 822 1624 858 et
1692 816 1696 869 ξ

235 883 388 926 transit
410 882 456 926 in
477 891 674 942 tempore
695 904 706 941 3
736 882 856 927 illam
878 893 1095 943 quantum
1119 883 1281 927 amabis
1299 918 1310 937 ‚
1335 898 1436 942 quae
1467 884 1623 928 decore

234 965 314 995 suo
349 967 579 1012 nunquam
600 953 767 998 carebit
787 987 798 1007 ‚
839 952 1048 1012 quoniam
1080 954 1126 996 in
1158 961 1372 997 aeternum
1407 952 1497 997 vita
1528 967 1624 997 ma-

235 1021 357 1066 nebit
370 1025 388 1064 ἱ)

293 1090 398 1132 ΧΠ.
439 1087 534 1129 Hoc
566 1084 764 1144 sequitur
800 1087 847 1128 in
879 1095 1029 1128 sancto
1068 1089 1308 1142 symbolo,
1339 1088 1461 1147 quod
1481 1089 1626 1134 omnia

235 1171 335 1217 quae
365 1154 583 1200 credimus
613 1163 657 1198 et
685 1169 907 1213 speramus
923 1189 934 1206 ‚
964 1155 1009 1198 in
1028 1156 1116 1199 vita
1137 1164 1300 1201 aeterna
1318 1158 1622 1217 percipiamus

235 1227 336 1272 Vita
370 1235 560 1279 aeterna,
600 1224 896 1280 dilectissimi,
934 1241 1163 1286 nunquam
1190 1226 1397 1283 vilescat,
1436 1243 1628 1288 semper-

237 1311 323 1357 que
369 1295 605 1340 dulcescat.
649 1295 692 1340 Si
728 1304 899 1339 amatur
934 1295 1021 1339 vita
1047 1330 1058 1350 ‚
1118 1313 1253 1357 quare
1291 1313 1381 1342 non
1414 1299 1626 1357 quaeritur

237 1368 364 1412 vera?
383 1367 425 1410 Si
443 1375 612 1409 amatur
632 1365 721 1409 vita
738 1400 749 1419 ‚
775 1365 870 1409 talis
888 1375 1110 1424 quaeratur
1130 1383 1229 1426 quae
1251 1383 1480 1427 nunquam
1497 1369 1625 1414 finia-

237 1446 324 1483 tur.
353 1439 409 1480 Et
431 1436 466 1480 si
487 1444 658 1480 amatur
673 1470 684 1490 ,
704 1451 837 1492 quare
854 1451 944 1481 non
963 1437 1205 1495 quaeritur?
1227 1442 1316 1483 Aut
1336 1438 1371 1482 si
1393 1439 1623 1499 quaeritur,

237 1508 339 1569 quia
359 1507 430 1550 hic
453 1521 543 1550 non
565 1514 628 1549 est
645 1540 655 1560 ‚
682 1504 738 1549 ad
760 1521 861 1550 eum
885 1505 1032 1551 locum
1057 1507 1131 1551 ubi
1150 1518 1213 1553 est
1234 1524 1369 1568 quare
1391 1524 1481 1554 non
1502 1507 1626 1554 festi-

238 1586 368 1622 natur
385 1579 402 1620 P
422 1575 538 1629 Quid
559 1575 680 1635 quod
698 1576 827 1620 etiam
849 1575 966 1621 ultro
988 1592 1033 1620 se
1054 1576 1180 1621 nobis
1202 1579 1293 1637 ipsa
1313 1580 1398 1623 vita
1421 1579 1629 1637 ingessit?

238 1648 437 1694 Christus
458 1655 522 1690 est
543 1646 658 1689 enim
681 1649 795 1690 Deus
816 1662 943 1691 verus
963 1657 1006 1691 et
1022 1648 1112 1693 vita
1127 1658 1305 1693 aeterna.
1327 1651 1458 1694 Venit
1478 1649 1534 1695 ad
1550 1665 1628 1695 nos

239 1717 431 1779 perditos
455 1751 467 1772 ‚
502 1725 547 1761 et
581 1715 764 1762 redemit
796 1717 995 1762 inventos
1023 1738 1031 1761 :
1058 1719 1178 1764 venit
1210 1720 1296 1764 huc
1318 1721 1374 1765 ad
1406 1721 1628 1779 regionem

239 1786 489 1833 mortalium
511 1788 602 1847 ipsa
623 1802 723 1832 vera
745 1788 834 1832 vita
856 1807 865 1833 :
891 1788 1011 1833 dedit
1030 1798 1206 1848 gustum
1221 1791 1382 1849 saporis
1401 1791 1466 1835 sui
1488 1811 1500 1847 3
1525 1807 1629 1849 gus-

239 1859 450 1913 tavimus,
474 1856 663 1903 vidimus
685 1858 896 1917 quoniam
921 1859 1061 1904 suavis
1082 1868 1161 1903 est.
1187 1860 1409 1904 Praecessit
1430 1875 1510 1904 nos
1527 1894 1539 1916 ,
1563 1861 1630 1905 in-

238 1929 392 1976 vitavit
419 1938 470 1973 ut
497 1944 729 1989 sequamur
756 1948 766 1974 2
796 1938 840 1973 et
864 1929 921 1974 ad
948 1939 1038 1974 tam
1060 1945 1270 1989 magnum
1297 1930 1408 1975 illud
1429 1930 1597 1976 donum
1615 1965 1626 1987 ‚

240 2002 366 2060 cujus
405 1999 538 2044 talem
572 2001 837 2059 suscepimus
879 2009 1056 2059 gustum
1083 2036 1094 2056 ‚
1144 2001 1264 2060 sequi
1302 2000 1590 2046 formidamus
1612 2003 1630 2046 i>

241 2070 373 2115 Venit
408 2069 464 2114 ad
500 2079 543 2114 te
576 2070 693 2124 vita,
723 2070 915 2129 repende
937 2071 1074 2115 vicem
1092 2105 1104 2126 ‚
1129 2071 1229 2115 veni
1256 2080 1299 2115 et
1331 2080 1381 2115 tu
1413 2070 1470 2115 ad
1491 2071 1626 2118 illam.

244 2140 440 2200 Suscepit
455 2139 707 2185 vehiculum
725 2141 873 2185 mortis
889 2175 900 2196 ‚
924 2151 973 2186 ut
994 2141 1205 2187 transiens
1219 2140 1423 2186 liberaret
1439 2150 1481 2185 te
1503 2160 1512 2186 :
1535 2157 1630 2186 sus·

243 2211 340 2271 cipe
372 2220 415 2256 et
442 2220 492 2256 tu
519 2220 704 2256 mortem
722 2246 733 2266 ‚
758 2220 809 2256 ut
831 2227 931 2256 cum
952 2212 1007 2256 ad
1033 2211 1154 2257 illam
1175 2212 1342 2258 veneris
1356 2245 1368 2266 ,
1391 2210 1451 2255 ita
1479 2211 1535 2256 ab
1557 2210 1630 2257 illa

245 2282 487 2340 suscipiaris
503 2317 514 2337 ,
539 2291 588 2327 ut
610 2298 839 2342 nunquam
860 2282 1070 2328 moriaris.

303 2352 430 2394 XIII.
458 2354 658 2396 Sanctam
683 2351 934 2396 Ecclesiam.
976 2355 1208 2410 Propterea
1243 2350 1371 2410 hujus
1407 2348 1628 2395 conclusio

247 2426 504 2468 sacramenti
524 2440 601 2483 per
622 2434 816 2470 sanctam
844 2423 1079 2468 Ecclesiam
1103 2421 1387 2476 terminatur,
1422 2420 1630 2481 quoniam

250 2494 284 2537 si
306 2493 402 2553 quis
429 2494 592 2552 absque
615 2510 663 2539 ea
684 2495 886 2540 inventus
909 2494 1040 2539 fuerit
1057 2528 1068 2549 ,
1092 2492 1257 2537 alienus
1288 2493 1370 2538 erit
1401 2508 1425 2538 a
1447 2505 1629 2537 numero
