1729 3143
440 232 494 257 DE
528 230 763 260 mscmLmA
785 227 1053 258 cums‘riANA.
1360 211 1436 249 '121

59 293 211 338 laniari
229 328 240 349 ,
264 309 378 339 mors
395 295 507 339 mala
530 296 607 339 tibi
624 294 830 340 videtur?
851 297 1005 340 Nonne
1026 293 1125 336 istas
1145 299 1305 336 mortes
1322 293 1441 335 Mar-

59 373 175 421 tyres
197 364 422 409 subierunt
437 400 448 420 ,
472 379 658 424 quorum
679 364 881 409 Natalitia
898 364 1199 408 celebramus?
1221 360 1348 414 Quod
1366 375 1441 417 ge-

58 449 139 478 nus
162 435 311 479 mortis
332 450 422 479 non
444 435 668 478 subierunt
686 436 703 477 P
729 437 784 477 Et
805 442 949 477 tamen
974 434 1006 476 si
1027 432 1256 477 Christiani
1273 445 1439 483 sumus,

57 504 92 547 si
114 504 159 547 in
177 504 308 548 domo
325 504 561 563 disciplinae
597 519 675 548 nos
709 518 797 547 esse
831 503 1134 555 meminimus,
1158 501 1227 546 vel
1250 516 1349 545 cum
1370 500 1441 543 hic

57 588 206 617 sumus
221 608 232 627 ,
258 574 325 618 vel
349 590 447 618 cum
468 576 538 618 hic
561 574 760 618 audimus
776 609 787 628 ,
812 573 846 617 si
867 581 1073 616 exeuntes
1096 572 1198 615 hinc
1220 586 1308 615 non
1325 569 1440 614 obli-

55 643 258 686 viscimur
277 677 288 697 ,
312 643 345 686 si
367 644 642 688 meminimus
664 643 784 704 quod
806 643 876 687 hic
899 642 1122 695 audimus,
1154 655 1300 684 nonne
1322 643 1440 684 Mar-

56 720 172 768 tyres
204 712 500 757 beatificamus
527 715 544 757 Ρ
588 718 740 767 Quaere
771 721 930 757 mortes
965 715 1209 769 Martyrum
1243 729 1252 754 ε
1294 708 1442 753 oculos

54 783 193 827 carnis
230 783 448 842 interroga
471 804 480 829 ε
508 784 619 829 111316
642 785 803 829 mortui
825 786 958 829 sunt?
979 783 1143 828 Oculus
1175 781 1277 827 fidei
1308 782 1443 825 inter-

54 866 156 910 roga
188 873 196 897 :
231 872 251 895 «
285 855 473 899 Pretiosa
506 857 550 899 in
581 865 818 915 conspectu
850 855 1023 899 Domini
1051 870 1166 899 mors
1193 862 1439 898 sanctorum

56 940 78 962 1)
103 925 241 983 ejus¹.
268 943 288 966 »
314 925 540 985 Quidquid
571 942 674 985 ergo
712 936 774 971 est
807 927 926 987 quod
961 926 1162 971 exhorres
1198 925 1242 968 in
1274 932 1439 978 morte,

53 994 235 1039 omnino
255 1010 346 1039 non
371 997 597 1041 exhorreas
613 1033 624 1052 ,
649 999 682 1041 si
703 1013 774 1042 eos
791 998 985 1042 imitaris.
1010 997 1063 1042 Id
1082 1012 1160 1055 age
1177 1030 1189 1051 ,
1214 1004 1264 1039 ut
1280 995 1440 1038 bonam

50 1064 182 1106 Vitam
211 1065 370 1106 habeas
398 1082 408 1107 ε
435 1077 478 1106 et
505 1079 800 1122 quaecumque
820 1069 989 1106 occasio
1016 1068 1149 1106 fuerit
1171 1076 1221 1106 ut
1243 1081 1364 1107 exeas
1388 1064 1442 1107 de

50 1131 134 1175 hoc
171 1146 380 1190 corpore,
419 1133 506 1175 exis
539 1132 592 1175 ad
623 1132 844 1190 requiem,
881 1132 966 1175 exis
1002 1131 1057 1175 ad
1093 1131 1437 1184 beatitudinem,

50 1216 149 1260 quae
185 1216 275 1244 non
315 1201 448 1244 habet
487 1201 689 1258 timorem
724 1216 804 1244 nec
840 1201 988 1245 finem.
1032 1204 1141 1246 Nam
1174 1201 1296 1260 quasi
1325 1202 1438 1245 bona

50 1285 164 1314 mors
186 1270 329 1315 divitis
351 1270 395 1313 in
416 1285 609 1329 purpura
627 1280 670 1314 et
693 1271 821 1328 bysso
835 1274 852 1297 2
872 1291 880 1315 :
902 1271 976 1314 sed
999 1270 1113 1314 mala
1129 1286 1243 1314 mors
1261 1271 1440 1313 sitientis

49 1350 92 1385 et
125 1342 239 1384 inter
273 1349 489 1384 tormenta
511 1350 678 1399 guttam
701 1357 826 1401 aquae
847 1342 1147 1386 desiderantis.
1174 1342 1304 1394 Quasi
1328 1342 1437 1384 mala

48 1426 164 1455 mors
188 1412 371 1470 jacentis
401 1412 603 1470 pauperis
628 1421 727 1456 ante
740 1413 918 1471 januam
938 1412 1082 1455 divitis
1098 1447 1108 1465 ,
1136 1413 1249 1455 inter
1270 1411 1440 1469 linguas

49 1496 209 1525 canum
228 1516 239 1536 ,
265 1482 310 1525 in
332 1481 445 1524 fame
464 1490 507 1524 et
524 1481 594 1524 siti
612 1482 742 1525 micas
760 1481 815 1524 de
831 1496 979 1524 mensa
994 1480 1277 1525 desiderantis
1298 1500 1306 1525 :
1327 1480 1439 1524 mala

48 1566 164 1595 mors
180 1586 190 1604 ,
216 1550 452 1595 aversanda
485 1566 615 1594 mors.
652 1551 805 1594 Finem
842 1553 1006 1609 respice
1034 1570 1042 1594 ε
1068 1550 1339 1595 Christianus
1362 1566 1405 1594 es
1425 1586 1435 1604 ‚

49 1620 150 1664 fidei
176 1620 355 1665 oculum
377 1621 571 1664 intende.
614 1640 633 1661 «
660 1620 855 1678 Contigit
877 1621 985 1663 mori
1009 1621 1182 1679 inopem
1202 1620 1325 1663 illum
1346 1655 1357 1674 ‚
1398 1629 1441 1664 et

51 1707 71 1731 »
97 1690 242 1734 efferri
271 1690 326 1733 ab
356 1689 531 1747 Angelis
564 1690 609 1732 in
643 1690 786 1733 sinum
818 1690 1019 1733 Abrahae.
1047 1708 1066 1730 »
1093 1689 1210 1742 Quid
1236 1689 1440 1749 proderat

47 1759 171 1804 diviti
185 1759 433 1820 sepulerum
449 1775 743 1804 marmoreum
760 1795 770 1814 ,
796 1760 955 1804 sitienti
974 1760 1091 1819 apud
1108 1760 1301 1804 inferos?
1323 1760 1438 1813 Quid

47 1830 231 1875 oberant
252 1832 432 1890 pauperi
455 1831 589 1890 panni
612 1846 712 1874 cum
742 1831 860 1875 sanie
882 1830 1079 1875 ulcerum
1103 1832 1194 1890 ejus
1210 1866 1220 1885 ,
1247 1831 1439 1890 requies-

47 1901 161 1944 centi
187 1901 234 1944 in
256 1901 353 1944 sinu
383 1901 606 1944 Abrahae‘?
629 1904 778 1960 Longe
799 1900 910 1945 vidit
938 1917 1037 1945 eum
1066 1902 1407 1961 requiescentem
1425 1937 1436 1955 ,

47 1984 180 2029 quem
216 1980 534 2029 contempserat
559 1972 792 2030 jacentem.
823 1972 957 2015 Modo
985 1970 1096 2029 elige
1124 1980 1310 2015 mortem
1337 1991 1346 2016 2
1369 1971 1439 2015 dic

46 2039 182 2092 mihi,
219 2041 317 2098 quis
350 2041 463 2083 bene
497 2050 697 2085 mortuus
735 2050 826 2095 est,
873 2042 970 2100 quis
1006 2040 1151 2084 male?
1186 2044 1300 2084 Puto
1338 2041 1439 2098 quia

47 2109 203 2153 melius
235 2109 308 2152 ille
330 2125 495 2168 pauper
515 2145 525 2164 ,
566 2126 696 2169 quam
728 2110 800 2154 ille
823 2111 957 2155 dives.
989 2115 1054 2155 An
1079 2113 1141 2154 vis
1176 2111 1438 2154 aromatibus

47 2178 245 2237 sepeliri,
271 2187 313 2222 et
341 2178 458 2237 apud
492 2177 652 2223 inferos
681 2180 827 2223 sitire?
848 2181 1100 2239 Respondes
1129 2200 1137 2225 :
1164 2182 1287 2224 Absit
1309 2197 1332 2223 a
1350 2195 1434 2223 me.

48 2253 162 2294 Puto
184 2249 306 2308 quod
332 2251 415 2293 hoc
437 2249 567 2294 dices.
595 2251 740 2294 Disces
764 2266 866 2309 ergo
894 2252 1002 2294 bene
1026 2253 1156 2306 mori,
1182 2253 1215 2295 si
1239 2252 1437 2295 didiceris

50 2319 161 2363 bene
191 2319 349 2364 vivere.
376 2323 540 2365 Merces
563 2321 678 2364 enim
701 2320 827 2365 bonae
849 2321 950 2364 vitae
967 2355 978 2375 ,
1003 2331 1163 2365 aeterna
1179 2330 1256 2365 est.

108 2390 227 2433 XIV.
254 2390 338 2442 Qui
357 2389 531 2434 discunt
549 2425 559 2445 ,
593 2390 824 2435 Christiani
843 2400 943 2434 sunt
966 2410 974 2435 :
995 2393 1068 2450 qui
1087 2391 1271 2435 audiunt
1288 2401 1331 2435 et
1347 2406 1437 2435 non

51 2457 251 2513 discunt,
281 2458 388 2519 quid
421 2460 475 2503 ad
506 2461 820 2505 seminantem?
851 2462 1108 2505 Seminantis
1135 2477 1314 2506 manum
1348 2476 1436 2506 non

99 2549 106 2565 ¹
130 2542 208 2573 Psal.
225 2553 296 2584 cxv,
318 2543 368 2574 15.
386 2561 424 2565 —
438 2551 450 2566 ²
472 2546 547 2576 Luc.
566 2555 629 2585 xvi,
653 2556 701 2586 ¹9·
