1729 3143
266 205 351 245 492
706 215 738 244 s.
775 216 1004 245 Aucus-nm
1034 220 1213 248 Errscom
1678 204 1681 247 Ι

266 292 360 338 tur,
386 296 561 342 seseque
584 282 696 326 inter
721 283 1023 342 imperitorum
1045 284 1243 344 plausus,
1269 286 1386 331 inani
1407 289 1644 347 jactatione

264 353 475 399 ventilant
491 387 501 407 ‚
526 354 736 412 possimus
759 369 986 400 occurrere
1017 375 1025 400 :
1051 356 1172 416 quod
1202 357 1390 401 breviter
1420 359 1550 404 etiam
1574 361 1646 405 hic

263 423 589 467 commemorari
610 439 633 467 a
655 438 724 467 me
745 433 900 483 potest.
939 425 1043 478 Quis
1074 426 1189 470 enim
1213 426 1488 473 mediocriter
1518 446 1646 475 sanus
1682 436 1684 446 '

263 512 351 540 non
390 496 514 541 facile
544 497 777 556 intelligat,
820 499 1142 558 Scripturarum
1170 500 1480 559 expositionem
1507 503 1562 546 ab
1595 503 1646 548 iis
1681 472 1686 560 1
1723 555 1726 558 ,

261 566 495 627 petendam
517 582 606 612 esse
622 603 632 623 ‚
658 569 734 628 qui
757 584 906 613 earum
930 569 1128 614 doctores
1158 585 1202 614 se
1233 585 1322 615 esse
1344 572 1605 630 profitentur
1629 592 1638 617 :
1682 561 1686 642 ff

260 639 440 697 fierique
461 653 607 697 posse,
635 639 721 683 imo
743 639 789 684 id
808 654 977 698 semper
1000 641 1210 696 accidere,
1236 650 1285 686 ut
1302 641 1440 686 multa
1460 643 1646 688 indoctis
1684 647 1688 696 i

259 707 490 753 videantur
512 708 699 753 absurda
714 744 725 764 ‚
750 725 849 769 quae
870 725 970 754 cum
994 726 1017 755 a
1044 711 1312 757 doctioribus
1335 721 1642 772 exponuntur,

259 793 310 823 eo
332 777 550 822 laudanda
571 779 803 824 videantur
819 814 829 834 ,
856 788 899 824 et
918 795 969 824 eo
991 782 1257 840 accipiantur
1283 792 1429 842 aperta
1449 782 1643 839 dulcius,

259 863 348 908 quo
383 847 527 892 clausa
561 847 780 892 difficilius
811 849 1148 906 aperiebantur?
1171 854 1264 894 Hoc
1296 851 1385 895 fere
1412 852 1458 895 in
1488 852 1644 896 sanctis

259 919 424 963 Veteris
441 918 701 963 Testamenti
718 917 838 962 libris
856 918 1022 975 evenit,
1039 919 1072 962 si
1086 919 1218 964 modo
1234 919 1307 964 ille
1323 922 1400 980 qui
1417 922 1475 966 eis
1493 923 1639 968 offen-

259 991 378 1034 ditur
394 1025 405 1045 ,
432 989 656 1034 doctorem
677 989 826 1048 potius
857 1005 1006 1034 eorum
1033 989 1155 1049 pium
1173 1026 1184 1046 ‚
1211 1006 1343 1051 quam
1376 992 1560 1051 impium
1582 993 1648 1038 la-

258 1070 494 1105 ceratorem
537 1060 756 1120 requirat,
800 1062 1004 1122 priusque
1037 1063 1181 1107 studio
1214 1063 1472 1122 quaerentis,
1514 1079 1646 1123 quam

259 1131 499 1175 temeritate
531 1130 888 1190 reprehendentis
920 1131 1157 1176 imbuatur.
1194 1135 1309 1187 Nec,
1341 1133 1375 1176 si
1405 1148 1455 1177 ea
1483 1132 1647 1178 discere

257 1202 462 1261 cupiens,
488 1202 532 1246 in
555 1202 722 1263 aliquos
745 1201 857 1248 forte
875 1202 1076 1247 inciderit
1099 1202 1168 1248 vel
1191 1203 1412 1262 episcopos
1430 1204 1498 1247 vel
1519 1220 1643 1263 pres-

258 1273 432 1330 byteros
447 1308 458 1327 ,
482 1271 552 1316 vel
573 1273 868 1331 cujuscemodi
888 1272 1092 1317 Ecclesiae
1118 1273 1344 1318 catholicae
1365 1274 1576 1319 antistites
1599 1284 1643 1320 et

255 1344 494 1398 ministros,
521 1344 595 1403 qui
621 1353 695 1388 aut
718 1344 872 1403 passim
901 1353 1082 1388 caveant
1110 1344 1275 1389 nudare
1297 1345 1532 1403 mysteria,
1566 1356 1643 1392 aut

256 1415 451 1460 contenti
483 1413 665 1473 simplici
694 1412 803 1469 fide,
840 1408 993 1458 altiora
1015 1429 1276 1474 cognoscere
1296 1431 1387 1460 non
1416 1417 1638 1472 curarint,

255 1486 453 1544 desperet
474 1484 534 1528 ibi
555 1485 777 1529 scientiam
799 1499 890 1529 esse
911 1485 1101 1530 veritatis
1117 1520 1128 1540 ‚
1163 1485 1240 1529 ubi
1273 1500 1415 1546 neque
1445 1501 1594 1531 omnes
1617 1501 1642 1531 a
1701 1517 1705 1527 .

255 1556 414 1617 quibus
436 1556 647 1615 quaeritur
668 1555 824 1600 docere
845 1565 1027 1615 possunt
1043 1591 1053 1611 ‚
1078 1571 1221 1617 neque
1243 1571 1393 1601 omnes
1415 1558 1490 1618 qui
1515 1573 1642 1618 quae·
1701 1568 1706 1584 *

253 1636 357 1671 runt
377 1627 540 1672 discere
562 1627 684 1686 digni
705 1635 820 1671 sunt.
847 1628 904 1671 Et
930 1625 1155 1685 diligentia
1177 1626 1311 1685 igitur
1333 1636 1376 1672 et
1400 1627 1536 1686 pietas
1559 1627 1640 1673 ad·
1702 1643 1705 1688 j

252 1698 443 1742 hibenda
464 1707 527 1742 est
550 1717 559 1743 :
586 1697 720 1742 altero
741 1698 837 1753 fiet,
863 1706 913 1741 ut
934 1697 1114 1741 scientes
1144 1697 1438 1756 inveniamus3
1471 1697 1606 1744 altero
1623 1734 1634 1755 ‚

254 1778 303 1813 ut
325 1770 430 1812 scire
452 1783 709 1812 mereamur.

313 1843 371 1883 II.
410 1839 494 1884 Sed
529 1839 734 1900 quoniam
770 1837 868 1882 duae
901 1838 1085 1882 maxime
1118 1847 1221 1883 sunt
1249 1837 1463 1883 illecebrae
1495 1841 1639 1885 Mani-

255 1912 475 1955 chaeorum
492 1947 503 1966 ‚
532 1911 692 1971 quibus
716 1909 994 1969 decipiuntur
1015 1910 1204 1965 incauti,
1229 1918 1279 1953 ut
1307 1925 1378 1954 eos
1399 1909 1537 1956 velint
1559 1911 1638 1956 ha-
1704 1927 1707 1972 j

261 1982 360 2025 bere
382 1981 609 2039 doctores3
644 1996 757 2036 una,
783 1995 884 2024 cum
921 1981 1160 2039 Scripturas
1188 1979 1541 2039 reprehendunt,
1568 1982 1641 2026 vel
1704 1973 1708 2020 ’ἶ

256 2068 362 2113 quas
397 2052 508 2096 male
535 2051 785 2110 intelligunt
806 2050 875 2095 vel
902 2067 1009 2111 quas
1030 2050 1144 2095 male
1163 2050 1348 2110 intelligi
1369 2051 1553 2108 volunt,
1578 2052 1642 2097 al-
1717 2111 1720 2113 Δ

255 2134 360 2179 tera,
379 2139 478 2169 cum
491 2125 591 2168 vitae
605 2133 731 2167 castae
746 2132 789 2167 et
805 2123 1095 2167 memorabilis
1108 2123 1388 2167 continentiae
1404 2123 1641 2181 imaginem
1701 2155 1704 2157 -

257 2193 497 2255 praeferunt
527 2214 536 2240 ι
569 2195 640 2239 hic
667 2194 779 2238 liber
804 2202 1119 2252 congruentem
1153 2193 1379 2237 catholicae
1400 2193 1641 2253 disciplinae

258 2266 516 2313 sententiam
536 2276 727 2310 nostram
751 2264 805 2309 de
827 2264 913 2309 vita
936 2274 978 2309 et
998 2265 1192 2309 moribus
1209 2264 1470 2319 continebit,
1490 2265 1535 2308 in
1552 2280 1641 2324 quo
1708 2270 1711 2310 ἶ

260 2337 436 2382 fortasse
458 2336 728 2396 intelligetur
749 2345 792 2381 et
813 2351 945 2396 quam
968 2336 1022 2380 sit
1042 2334 1168 2380 facile
1189 2334 1390 2380 simulare
1405 2369 1416 2388 ‚
1449 2343 1492 2379 et
1508 2350 1640 2394 quam

260 2407 437 2453 difficile
468 2408 628 2451 habere
654 2406 878 2451 virtutem.
903 2408 1017 2450 Eum
1047 2421 1148 2450 sane
1176 2405 1358 2451 modum
1384 2405 1542 2449 tenebo
1560 2439 1572 2459 ,
1606 2406 1640 2448 si

260 2488 411 2536 potero
427 2514 437 2534 ‚
473 2488 522 2523 ut
544 2492 687 2538 neque
713 2478 760 2521 in
787 2476 962 2522 illorum
983 2476 1159 2522 morbos
1174 2512 1184 2531 ‚
1211 2477 1286 2537 qui
1308 2477 1414 2520 mihi
1434 2484 1535 2520 sunt
1556 2489 1640 2519 no-
1710 2487 1711 2490 ’

262 2548 440 2603 tissimi,
465 2557 553 2593 tam
583 2547 766 2606 graviter
784 2547 988 2602 invehar,
1014 2562 1145 2607 quam
1162 2545 1224 2591 illi
1244 2547 1289 2591 in
1310 2561 1359 2591 ea
1387 2560 1485 2605 quae
1512 2545 1638 2603 igno-
1708 2547 1710 2550 ”
