1729 3143
445 192 498 216 DE
531 192 683 218 Liuiano
715 189 929 229 Astssrrrno,
966 193 1047 219 Lm.
1086 194 1114 218 1.
1386 171 1464 221 3³01

89 255 336 299 manumitti
368 254 537 298 volunt.
564 254 728 299 Deinde
750 263 964 312 parentes,
999 255 1168 310 fratres,
1204 257 1380 314 conjux,
1416 258 1471 300 li-
1521 257 1525 265 '

87 325 197 379 beri,
221 325 471 384 propinqui,
495 325 662 375 affines,
687 323 935 379 familiares,
974 334 1017 368 et
1047 327 1314 385 quicumque
1346 326 1473 369 nobis

86 392 231 452 aliqua
261 394 580 438 necessitudine
603 392 798 451 adjuncti
819 402 936 436 sunt.
974 397 1070 452 Ipsa
1093 394 1283 454 denique
1304 394 1469 449 civitas,

85 478 185 522 quae
206 463 395 520 parentis
422 462 518 506 loco
545 461 698 505 haberi
718 459 848 514 solet,
875 462 1060 505 honores
1087 463 1217 507 etiam
1239 472 1282 507 et
1302 463 1469 518 laudes,

85 540 129 575 et
147 547 195 574 ea
212 548 311 591 quae
329 531 488 575 dicitur
505 530 641 589 gloria
661 529 899 588 popularis.
918 530 987 574 Ad
1005 541 1247 576 extremum
1270 533 1470 591 pecunia,

83 616 172 659 quo
191 617 281 645 uno
303 600 478 644 nomine
499 599 780 643 continentur
801 599 961 654 omnia,
986 615 1175 658 quorum
1194 603 1290 659 jure
1307 602 1472 646 domini

82 686 246 724 sumus,
271 680 314 714 et
334 684 525 728 quorum
540 669 873 714 vendendorum
892 678 968 713 aut
985 669 1291 715 donandorum
1307 673 1470 716 habere

82 748 338 797 potestatem
359 738 572 783 videmur.
598 741 768 782 Horum
790 739 987 782 omnium
1009 739 1381 799 quemadmodum
1400 741 1469 785 lex

79 808 152 851 illa
167 824 244 852 sua
257 810 417 866 cuique
433 808 681 862 distribuat,
701 808 879 852 difficile
894 817 937 852 et
952 807 1135 867 longum
1159 818 1224 853 est
1240 810 1469 868 explicare,

79 885 122 920 et
140 877 267 934 plane
295 877 350 917 ad
373 876 418 916 id
439 876 559 932 quod
580 878 886 931 proposuimus
908 892 998 917 non
1020 880 1326 920 necessarium.
1363 881 1472 923 Satis

79 953 142 988 est
157 944 271 987 enim
293 942 439 987 videre
460 957 549 985 non
567 940 680 985 ultra
702 942 862 1000 porrigi
880 943 1008 1002 hujus
1024 943 1131 1002 legis
1150 954 1408 1003 potestatem
1423 948 1470 990 in

78 1013 342 1058 vindicando
361 1026 493 1071 quam
510 1020 559 1054 ut
577 1012 670 1055 haec
689 1011 760 1055 vel
782 1011 947 1071 aliquid
970 1014 1128 1057 horum
1147 1016 1312 1060 adimat
1336 1026 1472 1077 atque

79 1084 246 1127 auferat
266 1084 304 1125 ei
325 1097 454 1141 quem
478 1081 618 1139 punit.
646 1084 768 1124 Metu
791 1085 962 1126 coercet
983 1099 1108 1142 ergo,
1142 1094 1185 1129 et
1207 1085 1263 1129 ad
1284 1086 1329 1130 id
1351 1088 1472 1146 quod

77 1153 193 1206 vult,
216 1162 391 1212 torquet
410 1167 459 1195 ac
482 1160 705 1209 retorquet
725 1152 981 1195 miserorum
1001 1155 1189 1209 animos,
1216 1156 1376 1214 quibus
1399 1172 1471 1201 re-

78 1223 226 1281 gendis
248 1221 573 1266 accommodata
593 1230 670 1264 est.
695 1224 809 1264 Dum
830 1222 947 1265 enim
965 1223 1057 1267 haec
1078 1226 1275 1268 amittere
1293 1227 1465 1281 timent,

78 1302 230 1337 tenent
260 1293 305 1336 in
338 1293 404 1334 his
435 1290 609 1334 utendis
639 1291 876 1349 quemdam
904 1293 1083 1337 modum
1112 1303 1265 1353 aptum
1295 1296 1471 1341 vinculo

78 1362 276 1416 civitatis,
293 1360 432 1420 qualis
448 1375 500 1403 ex
512 1358 814 1418 hujuscemodi
827 1360 1079 1404 hominibus
1093 1365 1296 1407 constitui
1310 1376 1466 1423 potest.

78 1436 175 1479 Non
205 1441 350 1476 autem
381 1430 605 1474 ulciscitur
639 1438 868 1488 peccatum
901 1445 1002 1474 cum
1034 1441 1233 1475 amantur
1261 1434 1364 1488 ista,
1395 1438 1471 1480 sed

77 1518 177 1547 cum
200 1502 291 1546 aliis
313 1516 389 1560 per
412 1500 738 1558 improbitatem
760 1498 1035 1543 auferuntur.
1058 1502 1353 1553 Quamobrem
1371 1506 1471 1549 vide

77 1583 224 1618 utrum
243 1574 332 1631 jam
354 1579 612 1630 perventum
635 1570 688 1613 sit
716 1569 771 1613 ad
797 1569 839 1614 id
864 1570 985 1628 quod
1017 1571 1238 1615 infinitum
1267 1574 1466 1632 putabas.

77 1643 408 1686 Institueramus
435 1640 551 1682 enim
578 1654 788 1697 quaerere,
822 1648 1037 1697 quatenus
1063 1641 1221 1685 habeat
1245 1643 1315 1700 jus
1337 1643 1470 1687 ulcis-

78 1710 204 1756 cendi
221 1726 270 1752 ea
286 1708 374 1763 lex,
395 1724 482 1767 qua
501 1707 654 1766 populi
671 1708 831 1751 terreni
847 1708 1131 1768 civitatesque
1148 1711 1464 1767 gubernantur.

77 1785 129 1826 E.
156 1781 294 1824 Video
311 1788 585 1838 perventum.

134 1852 344 1894 XXXIII.
379 1853 431 1893 Α.
478 1849 607 1893 Vides
636 1865 737 1908 ergo
765 1852 894 1895 etiam
925 1851 1036 1895 illud
1067 1854 1188 1912 quod
1216 1869 1346 1911 poena
1378 1872 1466 1899 non

36 1973 41 1976 ⁴
75 1930 200 1973 esset,
222 1921 309 1963 sive
323 1935 422 1978 quae
440 1935 517 1977 per
530 1920 749 1979 injuriam,
770 1921 858 1963 sive
875 1937 974 1980 quae
990 1936 1066 1979 per
1082 1922 1212 1966 talem
1230 1924 1468 1968 vindictam

76 1990 262 2035 infertur
276 1990 541 2043 hominibus,
562 1991 595 2033 si
616 2005 686 2034 eas
703 2005 783 2044 res,
806 2007 904 2050 quae
925 1992 1062 2035 invito
1083 1993 1243 2035 auferri
1263 2004 1461 2051 possunt,

76 2076 166 2104 non
185 2061 403 2102 amarent?
426 2061 476 2101 E.
505 2058 556 2101 Id
573 2075 749 2117 quoque
766 2060 910 2103 video.
937 2063 989 2103 A.
1017 2063 1129 2105 Cum
1152 2062 1282 2118 igitur
1302 2063 1462 2107 eisdem

76 2131 205 2175 rebus
240 2130 347 2173 alius
393 2128 504 2172 male
523 2163 533 2181 ,
580 2128 687 2172 alius
730 2131 842 2172 bene
879 2139 1057 2185 utatur3
1104 2142 1147 2175 et
1192 2133 1250 2175 eis
1289 2134 1465 2191 quidem

76 2201 152 2260 qui
180 2200 315 2255 male,
341 2215 487 2244 amore
508 2200 574 2242 his
607 2200 817 2243 inhaereat
855 2209 985 2259 atque
1015 2202 1279 2260 implicetur,
1305 2203 1467 2247 scilicet

76 2269 274 2314 subditus
296 2270 354 2313 eis
376 2269 504 2312 rebus
521 2284 625 2327 quas
647 2270 685 2312 ei
708 2269 902 2312 subditas
925 2285 1012 2313 esse
1035 2273 1262 2329 oportebat
1283 2307 1294 2327 ,
1336 2282 1378 2316 et
1416 2288 1464 2316 ea

77 2340 191 2384 bona
225 2338 305 2381 sibi
335 2339 622 2392 constituens,
658 2339 818 2398 quibus
840 2338 1090 2384 ordinandis
1117 2341 1318 2400 beneque
1352 2351 1465 2385 trac-
1499 2354 1502 2356 ’

77 2409 220 2454 tandis
250 2409 340 2467 ipse
366 2423 453 2452 esse
490 2409 641 2467 utique
674 2407 853 2451 deberet
890 2409 1084 2452 bonum:
1122 2409 1193 2453 ille
1215 2420 1358 2454 autem
1390 2413 1463 2470 qui

80 2490 197 2524 recte
213 2480 279 2523 his
298 2479 450 2534 utitur,
472 2478 675 2522 ostendat
697 2479 874 2537 quidem
894 2479 1011 2522 bona
1030 2495 1134 2533 esse,
1160 2480 1235 2524 sed
1251 2496 1338 2526 non
1357 2481 1459 2525 sibi2
