1729 3143
410 218 464 245 ΒΕ
497 217 649 246 nmmo
680 215 895 254 Anm‘rmo,
930 215 1012 242 Lus.
1047 215 1095 240 11.
1363 197 1442 236 341

71 291 286 344 quantum
316 298 547 328 numerosa
568 297 670 327 esse.
700 284 756 325 Et
789 281 983 324 omnium
1013 277 1192 339 quidem
1214 273 1452 320 formarum

70 368 376 413 corporearum
400 354 584 398 artifices
604 352 802 396 homines
837 351 883 393 in
908 359 997 394 arte
1024 349 1191 393 habent
1221 360 1425 391 numeros
1442 379 1453 400 ,

70 425 230 484 quibus
252 434 456 485 coaptant
476 440 606 484 opera
624 439 700 468 sua
723 441 732 467 :
753 431 795 466 et
813 422 964 466 tandiu
982 435 1137 465 manus
1154 429 1284 480 atque
1300 419 1457 462 instru-

70 504 218 540 menta
241 497 285 540 in
308 494 562 540 fabricando
583 502 761 538 movent
777 527 788 548 ‚
814 492 952 537 donec
973 491 1083 535 illud
1104 491 1223 552 quod
1246 489 1460 535 formatur

72 565 177 610 foris
194 601 205 621 ,
231 566 288 611 ad
307 582 402 611 eam
429 582 529 627 quae
550 567 666 609 intus
687 572 750 608 est
774 563 915 608 lucem
941 577 1225 606 numerorum
1245 560 1431 604 relatum
1447 594 1458 615 ‚

72 645 289 696 quantum
316 645 457 695 potest
490 637 695 695 impetret
726 633 1043 679 absolutionem
1064 668 1075 688 ,
1107 633 1364 692 placeatque
1385 645 1463 689 per

70 706 355 765 interpretem
383 721 557 749 sensum
580 706 750 750 interno
772 703 906 765 judici
933 718 1143 763 supernos
1166 716 1370 746 numeros
1392 701 1465 745 in-

72 777 230 820 tuenti.
253 778 409 828 Quaere
427 776 586 820 deinde
604 776 778 820 artificis
795 776 928 835 ipsius
945 774 1140 818 membra
1158 773 1255 834 quis
1271 780 1462 827 moveat,

69 860 282 890 numerus
304 846 384 890 erit
409 857 547 890 3‘nam
569 855 802 891 moventur
833 846 964 889 etiam
989 844 1063 889 illa
1086 857 1331 888 numerose.
1353 845 1410 885 Et
1431 841 1467 885 si

71 915 278 961 detrahas
300 916 354 958 de
383 917 586 960 manibus
609 931 718 973 opus
735 951 746 971 ,
778 925 822 960 et
843 915 897 958 de
919 916 1065 956 animo
1086 914 1374 958 intentionem
1397 910 1466 955 sa-

69 982 270 1029 bricandi
287 1018 298 1038 ‚
325 993 556 1043 motusque
572 983 646 1028 ille
664 984 963 1028 membrorum
979 983 1031 1026 ad
1051 982 1384 1027 delectationem
1400 997 1469 1026 re-

72 1054 236 1098 feratur
252 1089 262 1109 ,
289 1054 458 1098 saltatio
481 1054 723 1098 vocabitur.
747 1057 903 1107 Quaere
918 1069 1020 1112 crgo
1044 1052 1150 1113 quid
1172 1054 1218 1097 in
1239 1054 1467 1098 saltatione

71 1124 262 1168 delectet
289 1142 297 1167 2
324 1123 606 1182 respondebit
642 1124 722 1168 tibi
750 1139 957 1168 numerus
985 1142 993 1167 :
1020 1126 1132 1168 Ecce
1155 1138 1266 1167 sum.
1299 1123 1470 1183 Inspice

67 1195 158 1255 jam
193 1193 567 1252 pulchritudinem
606 1192 783 1237 formati
817 1194 1035 1252 corporis3
1061 1193 1232 1236 numeri
1259 1202 1468 1237 tenentur

71 1265 118 1308 in
139 1264 254 1309 loco.
288 1264 458 1322 Inspice
492 1262 866 1322 pulchritudinem
897 1263 1149 1308 mobilitatis
1176 1263 1221 1307 in
1253 1278 1435 1323 corpore
1453 1298 1466 1320 ,

73 1335 246 1380 numeri
268 1343 495 1379 versantur
527 1334 569 1378 in
605 1342 816 1393 tempore.
843 1337 963 1378 Intra
995 1333 1049 1378 ad
1083 1343 1221 1380 artem
1251 1334 1372 1378 unde
1399 1335 1469 1379 isti

72 1407 318 1467 procedunt
332 1441 343 1461 ‚
369 1421 516 1466 quaere
532 1406 580 1449 in
602 1421 650 1449 ea
671 1414 841 1464 tempus
857 1414 900 1448 et
916 1405 1062 1449 locum
1088 1427 1099 1462 3
1121 1421 1350 1466 nunquam
1367 1407 1465 1463 erit,

76 1492 294 1538 nusquam
317 1477 397 1520 erit
417 1498 427 1534 3
457 1476 563 1521 vivit
594 1476 639 1519 in
662 1491 710 1519 ea
733 1484 880 1519 tamen
903 1490 1111 1520 numerus
1137 1495 1146 1520 :
1178 1491 1258 1520 nec
1280 1478 1371 1536 ejus
1394 1492 1466 1521 re-

73 1548 144 1607 gio
166 1548 406 1606 spatiorum
425 1555 487 1591 est
502 1581 512 1601 ‚
535 1560 616 1590 nec
639 1555 741 1590 aetas
765 1546 935 1590 dierum
957 1567 967 1603 3
991 1555 1035 1589 et
1056 1545 1274 1590 discendae
1295 1547 1376 1591 arti
1398 1556 1468 1592 ta-

72 1633 175 1662 men
198 1633 299 1662 cum
324 1632 369 1661 se
398 1617 758 1672 accommodant,
790 1617 867 1677 qui
888 1632 932 1661 se
955 1617 1138 1661 artifices
1168 1617 1261 1660 fieri
1283 1617 1466 1674 volunt,

72 1704 228 1748 corpus
251 1703 379 1733 suum
406 1702 481 1747 per
506 1688 599 1731 loca
622 1696 666 1731 et
687 1696 885 1747 tempora
906 1696 1085 1732 movent
1105 1723 1115 1742 ‚
1145 1687 1339 1732 animum
1361 1704 1465 1733 vero

4 1751 8 1755 ’
70 1774 148 1818 per
178 1767 407 1817 tempora:
436 1772 611 1802 accessu
637 1758 802 1818 quippe
838 1758 1044 1816 temporis
1076 1758 1300 1817 peritiores
1332 1758 1460 1803 fiunt.

73 1827 348 1873 Transcende
377 1842 480 1886 ergo
513 1836 556 1870 et
581 1828 776 1871 animum
800 1827 976 1872 artificis
992 1863 1003 1881 ‚
1029 1836 1079 1872 ut
1101 1843 1331 1872 numerum
1353 1843 1468 1873 sem-

70 1899 293 1958 piternum
312 1896 459 1941 videas
477 1918 488 1955 3
509 1899 599 1958 jam
622 1897 703 1942 tibi
724 1898 934 1958 sapientia
955 1898 1010 1942 de
1029 1898 1119 1958 ipsa
1142 1899 1347 1943 interiore
1364 1899 1465 1944 sede

72 1969 285 2028 fulgebit,
311 1978 354 2013 et
378 1967 431 2012 de
447 1968 540 2027 ipso
559 1970 788 2013 secretario
806 1969 996 2013 veritatis
1014 1988 1023 2014 :
1049 1985 1148 2030 quae
1165 1970 1200 2014 si
1214 1970 1358 2015 adhuc
1374 1969 1464 2015 lan-

74 2039 316 2099 guidiorem
333 2047 557 2098 aspectum
577 2048 701 2083 tuum
716 2039 990 2095 reverberat,
1014 2038 1127 2083 refer
1144 2039 1322 2084 oculum
1340 2055 1465 2085 men-

72 2111 125 2155 tis
152 2110 199 2153 in
227 2108 348 2153 illam
370 2110 482 2153 viam
503 2144 513 2164 ,
550 2108 629 2152 ubi
650 2124 695 2152 se
717 2108 976 2154 ostendebat
998 2109 1207 2154 hilariter.
1241 2113 1463 2156 Memento

72 2195 174 2225 sane
212 2177 429 2223 distulisse
466 2187 509 2222 te
544 2178 753 2223 visionem
769 2214 780 2234 ‚
809 2195 940 2239 quam
964 2180 1117 2225 fortior
1139 2181 1370 2241 saniorque
1391 2197 1461 2226 re-

73 2260 211 2310 petas,

133 2322 299 2366 XLIII.
326 2322 404 2364 Vae
421 2320 497 2380 qui
519 2319 830 2381 derelinquunt
848 2329 890 2365 te
909 2321 1067 2367 ducem
1082 2358 1093 2378 ,
1119 2333 1162 2368 et
1180 2324 1385 2369 oberrant
1413 2325 1459 2369 in

74 2391 262 2449 vestigiis
279 2390 380 2445 tuis,
401 2390 477 2450 qui
489 2399 621 2434 nutus
641 2399 738 2435 tuos
756 2407 834 2451 pro
845 2400 889 2435 te
909 2401 1070 2447 amant,
1087 2402 1130 2437 et
1142 2393 1458 2438 obliviscuntur

76 2462 183 2522 quid
204 2462 385 2517 innuas,
411 2476 436 2506 o
459 2462 707 2506 suavissima
731 2461 804 2506 lux
826 2473 1020 2523 purgatae
1041 2465 1197 2509 mentis
1219 2465 1425 2525 sapientia
1443 2486 1453 2521 3

78 2547 166 2577 non
187 2533 300 2578 enim
319 2547 453 2579 cessas
470 2533 651 2579 innuere
667 2533 792 2579 nobis
806 2569 817 2591 ,
843 2550 942 2594 quae
959 2544 1001 2579 et
1019 2545 1181 2595 quanta
1202 2536 1256 2581 sis
1277 2555 1286 2580 :
1312 2545 1355 2580 ct
1372 2551 1455 2581 nu-
