1729 3143
305 209 389 237 Lm.
425 211 455 236 1.
491 209 545 236 DE
579 210 764 238 uomens
797 210 997 239 ECCLESIAE
1029 208 1287 239 cunonem.
1402 199 1485 240 525

102 273 201 317 satis
224 274 298 318 fiat
318 292 326 318 :
353 288 453 318 nam
476 273 573 333 quis
594 273 766 332 ignorat
787 290 916 333 quam
939 275 1100 331 multa,
1127 285 1170 321 et
1191 276 1344 336 quanti
1371 291 1485 336 pon-

101 342 214 387 deris
230 344 362 388 verba
376 344 421 387 in
436 343 519 388 illis
532 343 653 388 libris
672 343 726 388 de
741 345 952 390 charitate
968 347 1150 406 proximi
1171 362 1485 407 usquequaque

101 410 260 456 diffusa
277 413 394 457 sint?
418 411 502 456 Sed
524 428 623 457 cum
641 412 815 457 duobus
836 415 975 459 modis
997 425 1202 476 peccetur
1223 417 1270 460 in
1290 417 1483 472 homine,

101 497 191 526 uno
209 483 244 526 si
263 481 466 536 laedatur,
490 481 575 527 alio
597 482 631 526 si
657 498 758 526 cum
780 492 923 542 potest
945 500 1035 530 non
1059 486 1316 546 adjuvetur,
1349 501 1487 547 eaque

99 551 191 610 ipsa
227 551 314 595 sint
351 551 513 610 quibus
547 550 650 595 mali
686 552 883 597 homines
921 569 1011 599 esse
1049 554 1266 611 dicantur,
1299 571 1486 616 quorum

99 630 322 675 neutrum,
348 621 425 680 qui
447 620 602 679 diligit,
627 620 731 666 iacit
755 637 764 663 :
794 622 911 678 satis,
932 625 1114 683 opinor,
1141 625 1263 685 quod
1283 627 1486 671 volumus

100 691 368 736 demonstrat
390 692 469 735 ista
490 692 703 736 sententia
723 711 732 738 :
764 711 783 734 «
804 692 988 739 Dilectio
1011 696 1196 754 proximi
1218 697 1383 742 malum
1399 712 1489 743 non

100 779 122 803 »
148 770 366 820 operatur.
386 779 407 803 »
431 763 486 805 Et
504 762 538 805 si
557 762 612 807 ad
631 763 745 807 bona
766 765 994 822 pervenire
1012 781 1102 810 non
1120 778 1350 822 possumus
1368 798 1379 819 ,
1405 767 1488 809 nisi

99 830 212 875 mala
234 830 402 890 operari
424 830 733 881 destiterimus⁷
758 832 838 871 ista
860 842 961 871 sunt
988 830 1109 888 quasi
1136 831 1356 876 cunabula
1378 835 1485 879 cha-

99 900 235 944 ritatis
258 901 359 952 Dei,
375 895 535 955 quibus
549 894 770 954 diligimus
790 897 1064 955 proximum:
1087 908 1136 942 ut
1158 901 1367 959 quoniam
1389 921 1408 943 «
1421 904 1488 946 Di-

103 988 122 1011 »
147 967 277 1013 lectio
295 967 480 1027 proximi
502 966 666 1011 malum
683 982 774 1011 non
791 977 1011 1026 operatur,
1031 987 1050 1010 n
1076 969 1178 1014 hinc
1207 970 1262 1014 ad
1289 970 1400 1015 illud
1421 987 1488 1016 as-

100 1040 336 1086 cendamus
356 1039 476 1100 quod
500 1039 667 1083 dictum
684 1048 748 1084 est
767 1058 775 1084 :
806 1058 826 1082 «
845 1041 1011 1085 Scimus
1029 1042 1237 1101 quoniam
1264 1042 1486 1103 diligenti-

103 1130 124 1154 »
150 1113 231 1156 bus
255 1115 393 1156 Deum
414 1110 559 1156 omnia
579 1110 823 1169 procedunt
839 1111 885 1155 in
903 1112 1109 1156 bonum1.
1134 1134 1152 1154 »

160 1186 233 1227 Ll.
257 1182 341 1228 Sed
352 1182 496 1226 nescio
510 1179 732 1241 quomodo
747 1190 821 1225 aut
835 1183 996 1241 pariter
1012 1183 1093 1228 ista
1107 1183 1152 1227 in
1168 1183 1486 1243 plenitudinem

100 1252 499 1314 perfectionemque
535 1263 833 1311 consurgunt,
875 1263 950 1298 aut
981 1254 1215 1299 inchoatur
1253 1256 1372 1314 prius
1410 1257 1488 1300 Dei

104 1341 240 1380 amor,
266 1334 309 1369 et
329 1325 448 1383 prius
470 1323 692 1383 perficitur
715 1324 912 1383 proximi.
949 1325 1018 1369 Ad
1048 1326 1344 1385 incipiendum
1373 1328 1488 1371 enim

103 1395 228 1440 citius
250 1409 329 1439 nos
356 1393 536 1438 fortasse
558 1394 604 1438 in
625 1409 669 1438 se
691 1391 837 1438 divina
857 1394 1040 1439 charitas
1059 1396 1194 1454 rapit,
1225 1397 1301 1440 sed
1320 1396 1489 1442 facilius

101 1466 271 1510 minora
292 1465 554 1524 perficimus.
593 1466 782 1523 Quoquo
804 1464 936 1509 modo
959 1474 1104 1509 autem
1137 1481 1202 1509 res
1231 1481 1275 1510 se
1296 1467 1457 1512 habeat
1475 1502 1486 1523 ,

101 1535 213 1580 illud
236 1534 420 1579 maxime
444 1534 685 1578 tenendum
703 1542 781 1589 est,
807 1549 861 1578 ne
882 1549 925 1578 se
943 1535 1173 1595 quisquam
1195 1536 1359 1591 credat,
1380 1553 1488 1582 con-

102 1615 268 1666 tempto
290 1605 501 1666 proximo,
528 1605 583 1649 ab
603 1604 918 1650 beatitudinem
939 1615 982 1651 et
1002 1606 1057 1651 ad
1076 1611 1214 1651 Deum
1235 1624 1367 1668 quem
1389 1608 1490 1652 dili-

103 1678 164 1736 git
186 1693 275 1721 esse
296 1687 545 1722 venturum.
569 1679 713 1736 Atque
735 1677 902 1721 utinam
928 1686 977 1722 ut
998 1676 1124 1722 facile
1147 1687 1210 1722 est
1233 1679 1345 1722 bene
1362 1679 1488 1723 insti-

102 1757 199 1793 tuto
222 1757 264 1792 et
286 1749 475 1806 benigno
507 1747 686 1806 diligere
716 1748 990 1806 proximum,
1030 1747 1090 1792 ita
1123 1747 1248 1793 facile
1279 1757 1389 1793 esset
1419 1748 1490 1793 vel

103 1817 343 1873 consulere,
378 1817 447 1862 vel
474 1815 584 1860 nihil
616 1832 788 1861 nocere.
821 1819 919 1862 Non
951 1817 1068 1861 enim
1101 1817 1157 1862 ad
1184 1819 1278 1863 haec
1301 1819 1400 1863 satis
1427 1827 1491 1863 est

42 1915 45 1919 -
102 1888 303 1934 voluntas
323 1888 456 1941 bona,
481 1887 557 1932 sed
578 1903 686 1947 opus
708 1898 771 1932 est
789 1903 947 1947 magna
965 1888 1151 1948 quadam
1170 1890 1337 1934 ratione
1360 1898 1489 1949 atque

103 1958 351 2019 prudentia,
372 1973 459 2017 qua
480 1972 608 2001 nemo
626 1958 691 2001 uti
713 1966 869 2016 potest,
902 1957 984 2001 nisi
1014 1961 1127 2002 Deus
1159 1958 1233 2002 ille
1262 1958 1359 2003 fons
1392 1974 1488 2003 om-

104 2029 228 2074 nium
244 2030 460 2072 bonorum
478 2027 524 2070 id
538 2027 752 2070 tribuerit.
775 2029 837 2071 De
855 2042 942 2087 qua
963 2042 1024 2082 re,
1049 2037 1266 2087 quantum
1283 2028 1485 2084 arbitror,

106 2099 388 2155 difficillima,
414 2098 678 2143 tentabimus
706 2098 848 2142 dicere
872 2113 951 2157 pro
974 2108 1173 2158 suscepto
1200 2114 1329 2158 opere
1351 2115 1489 2159 pauca

106 2169 326 2230 quaedam,
351 2184 471 2229 spem
493 2177 628 2213 totam
650 2168 958 2213 constituentes
973 2168 1018 2212 in
1040 2184 1108 2224 eo,
1128 2171 1252 2229 cujus
1269 2169 1399 2215 solius
1411 2170 1489 2214 ista

107 2242 223 2287 dona
240 2250 355 2286 sunt.

166 2316 263 2358 LII.
300 2315 441 2357 Homo
463 2312 593 2370 igitur
611 2320 659 2355 ut
678 2311 844 2355 homini
865 2320 1065 2370 apparet,
1102 2312 1243 2356 anima
1270 2311 1489 2356 rationalis

108 2394 172 2429 est
194 2383 364 2428 mortali
383 2392 511 2442 atque
533 2391 704 2426 terreno
731 2390 854 2425 utens
871 2397 1066 2441 corpore.
1094 2383 1255 2426 Partim
1273 2396 1374 2439 ergo
1390 2397 1488 2426 cor-

108 2455 231 2515 pori,
256 2454 411 2514 partim
429 2469 530 2499 vero
552 2454 705 2498 animae
733 2452 920 2498 hominis
950 2452 1063 2497 Lene
1084 2452 1208 2505 facit,
1235 2450 1311 2509 qui
1339 2452 1486 2511 proxi-

157 2557 168 2575 ι
191 2541 281 2573 Rom.
301 2539 399 2582 xxvii,
418 2538 471 2572 28.
