1729 3143
208 236 258 271 1¹2
635 245 667 270 s.
704 241 933 269 Auons‘nm
967 237 1146 268 triscom

203 308 469 352 coronatur?
492 309 580 350 Aut
596 303 818 364 quomodo
849 305 1057 348 innocens
1073 300 1359 361 judicabitur,
1385 302 1457 345 cui
1478 301 1574 345 dic-

201 386 296 421 tum
312 385 400 421 est:
416 394 437 418 «
453 375 607 433 Diliges
629 373 874 432 proximum
889 383 1016 417 tuum
1032 373 1143 416 sicut
1164 380 1207 415 te
1218 372 1401 430 ipsum¹,
1418 389 1439 412 »
1455 372 1490 415 si
1501 371 1580 415 ho-

201 446 423 490 micidium
434 443 670 489 committit
680 443 724 486 in
734 459 777 487 se
785 444 894 502 ipso,
910 442 1030 503 quod
1040 442 1309 488 committere
1322 441 1580 500 prohibetur

200 515 246 558 in
268 516 492 574 proximo?

257 587 336 629 XI.
372 582 565 627 Audiant
584 597 687 641 ergo
705 583 842 627 sancti
865 581 919 626 de
947 581 1176 641 Scripturis
1191 580 1348 625 sanctis
1363 588 1582 640 praecepta

200 653 418 712 patientiae
444 670 453 696 ι
481 670 502 694 «
528 653 625 706 Fili,
645 651 852 696 accedens
875 651 930 696 ad
944 651 1194 696 servitutem
1216 652 1310 705 Dei,
1335 659 1400 695 sta
1426 651 1472 694 in
1485 652 1581 710 jus-

198 740 219 763 »
243 722 338 765 titia
354 731 396 765 et
404 721 573 776 timore,
597 730 640 765 et
651 737 847 781 praepara
868 721 1053 765 animam
1069 730 1188 765 tuam
1202 720 1256 764 ad
1268 720 1578 764 tentationem:

201 807 222 831 »
246 789 440 850 deprime
456 806 530 835 cor
550 799 701 845 tuum,
723 800 767 835 et
790 791 955 835 sustine
973 812 984 848 3
1008 799 1058 834 ut
1080 799 1242 834 crescat
1262 790 1309 833 in
1340 789 1581 834 novissimis

201 878 222 902 »
247 861 335 905 vita
351 870 442 905 tua.
459 862 600 905 Omne
620 861 740 921 quod
762 862 842 906 tibi
864 861 1164 920 supervenerit
1186 861 1353 919 accipe,
1378 869 1422 903 et
1443 861 1487 903 in
1510 858 1584 903 do-

202 949 222 973 »
247 930 339 975 lore
351 931 530 986 sustine,
548 941 591 976 et
612 933 656 975 in
676 932 927 977 humilitate
949 941 1024 976 tua
1046 931 1300 991 patientiam
1311 931 1441 975 habe.
1463 933 1584 983 Quo-

202 1019 223 1043 »
248 1001 364 1045 niam
398 1002 443 1045 in
464 1003 564 1060 igne
586 1001 799 1061 probatur
820 1016 975 1046 aurum
1007 1010 1051 1045 et
1090 1010 1318 1059 argentum
1335 1035 1346 1055 ,
1385 1000 1584 1044 homines

201 1087 222 1111 »
246 1085 349 1115 vero
371 1070 643 1130 receptibiles
665 1072 711 1114 in
732 1071 904 1115 camino
926 1070 1277 1114 humiliationis2.
1299 1088 1318 1111 »
1337 1072 1394 1114 Et
1420 1070 1466 1113 in
1486 1069 1585 1113 loco

199 1137 284 1183 alio
300 1139 459 1197 legitur
477 1158 485 1183 :
504 1158 523 1181 «
544 1139 643 1194 Fili,
668 1154 724 1182 ne
746 1139 920 1183 deficias
937 1139 983 1181 in
997 1139 1225 1194 disciplina
1242 1139 1586 1197 Domini,neque

201 1224 221 1247 »
247 1208 439 1263 fatigeris
459 1238 470 1259 ,
501 1219 602 1248 cum
635 1209 689 1247 ab
707 1207 783 1247 illo
814 1206 1048 1262 increparis
1067 1206 1098 1248 ³.
1141 1207 1282 1257 Quem
1305 1205 1422 1248 enim
1444 1206 1587 1264 diligit

202 1294 222 1316 »
249 1274 472 1327 Dominus,
494 1273 672 1331 corripit
690 1292 698 1317 :
725 1273 918 1331 flagellat
936 1283 1081 1318 autem
1110 1289 1283 1318 omnem
1299 1274 1437 1318 filium
1453 1291 1586 1335 quem

202 1363 222 1385 »
249 1343 436 1402 recipit4.
460 1343 590 1395 Quod
610 1343 680 1386 hic
699 1343 889 1402 positum
907 1352 986 1398 est,
1007 1343 1203 1388 «Filium
1217 1359 1349 1404 quem
1363 1345 1541 1402 recipit:
1561 1364 1580 1386 »

198 1415 281 1458 hoc
299 1414 344 1456 in
362 1412 611 1472 supradicto
626 1413 873 1458 testimonio
892 1423 972 1468 est,
992 1432 1012 1455 «
1029 1415 1236 1458 Homines
1254 1414 1541 1472 receptibiles.
1563 1433 1582 1456 »

201 1487 294 1528 Hoc
315 1484 430 1527 enim
449 1484 617 1543 justum
637 1491 716 1538 est,
735 1493 785 1527 ut
806 1484 881 1543 qui
904 1483 959 1527 de
980 1484 1158 1542 pristina
1181 1483 1386 1528 felicitate
1400 1484 1586 1542 paradisi

198 1562 375 1611 propter
400 1562 704 1596 contumacem
723 1551 975 1595 deliciarum
1003 1553 1296 1611 appetentiam
1325 1553 1488 1597 dimissi
1510 1569 1585 1598 su-

155 1646 158 1647 *
200 1638 296 1666 mus
312 1657 322 1677 ,
358 1637 435 1681 per
469 1622 681 1665 humilem
704 1621 1000 1666 molestiarum
1022 1622 1275 1680 patientiam
1297 1623 1579 1680 recipiamur:

200 1693 375 1751 fugaces
397 1691 511 1735 mala
530 1691 746 1746 faciendo,
767 1692 946 1735 reduces
967 1690 1080 1735 mala
1103 1691 1332 1749 patiendo,
1357 1692 1416 1735 ibi
1434 1702 1585 1737 contra

195 1761 406 1820 justitiam
427 1760 647 1814 facientes,
672 1760 742 1804 hic
757 1776 837 1819 pro
855 1761 1019 1819 justitia
1042 1760 1266 1818 patientes.

259 1832 361 1873 XII.
400 1830 484 1874 Sed
507 1844 607 1872 vera
633 1829 837 1888 patientia
854 1863 864 1883 ,
890 1845 988 1888 quae
1008 1830 1140 1888 hujus
1170 1838 1234 1873 est
1255 1831 1431 1874 nomine
1454 1830 1585 1889 digna

201 1901 386 1954 virtutis,
413 1899 699 1959 quaerendum
720 1908 783 1943 est
806 1899 924 1942 unde
961 1909 1172 1944 sumatur.
1209 1902 1320 1944 Sunt
1355 1901 1471 1944 enim
1509 1902 1584 1961 qui

202 1986 297 2015 eam
320 1970 517 2014 tribuant
529 1969 693 2014 viribus
710 1968 945 2014 voluntatis
958 1969 1177 2023 humanae,
1189 1986 1277 2015 non
1292 1987 1398 2030 quas
1421 1971 1583 2016 habent

203 2057 253 2085 ex
276 2040 423 2085 divino
447 2041 679 2100 adjutorio,
701 2040 777 2084 sed
797 2055 904 2098 quas
923 2039 1123 2085 exlibero
1144 2042 1339 2086 arbitrio.
1357 2045 1490 2086 Error
1510 2058 1588 2086 au·-

203 2121 289 2154 tem
312 2110 391 2153 iste
415 2110 628 2168 superbus
652 2118 715 2153 est
738 2128 746 2153 :
772 2123 925 2153 eorum
949 2118 1012 2153 est
1026 2110 1141 2154 enim
1159 2111 1234 2168 qui
1256 2110 1508 2166 abundant,
1533 2112 1587 2155 de

203 2179 362 2238 quibus
377 2178 535 2222 dicitur
550 2179 595 2221 in
611 2177 780 2222 Psalmo
799 2200 806 2222 ;
827 2197 846 2219 «
865 2179 1161 2237 Opprobrium
1176 2180 1234 2223 eis
1251 2182 1327 2239 qui
1342 2180 1584 2236 abundant,

205 2267 226 2290 »
253 2258 295 2292 et
343 2247 562 2306 despectio
595 2248 828 2306 superbis⁵.
875 2250 974 2292 Non
1020 2264 1123 2306 ergo
1161 2259 1224 2292 est
1264 2250 1343 2293 ista
1381 2251 1587 2308 patientia

207 2336 226 2357 »
251 2332 492 2374 pauperum
512 2352 522 2370 ,
573 2333 672 2376 quae
711 2332 801 2361 non
832 2318 947 2375 perit
993 2317 1038 2360 in
1066 2319 1314 2361 aeternumG.
1345 2338 1363 2359 «
1394 2319 1450 2362 Hi
1472 2321 1588 2362 enim

207 2401 417 2445 pauperes
437 2387 491 2430 ab
509 2386 584 2431 illo
603 2402 696 2431 eam
720 2386 853 2431 divite
866 2386 1106 2445 accipiunt,
1130 2388 1200 2432 cui
1224 2388 1403 2433 dicitur:
1430 2408 1449 2430 «
1474 2392 1587 2433 Deus

253 2488 263 2504 ¹
282 2482 394 2513 Matth.
413 2491 476 2522 Χιι,
500 2491 550 2524 19·
564 2491 629 2505 -2
648 2483 745 2515 Eecli.
762 2495 799 2514 11.
824 2494 854 2522 1,
871 2483 901 2514 5.
916 2499 957 2505 -
974 2482 986 2505 3
1006 2485 1098 2515 Prov.
1119 2495 1162 2520 ιιι,
1186 2496 1236 2523 ιι,
1258 2494 1306 2516 12.
1320 2484 1382 2514 -4
1406 2485 1502 2517 Hebr.
1525 2496 1584 2526 xn,

220 2535 370 2569 5.G.-5
390 2537 469 2569 Psal.
490 2537 643 2578 cxx11,4.
659 2536 855 2577 -‘'»1‹l.1x‚
879 2549 918 2577 ις)
