1729 3143
555 175 609 202 m:
639 171 923 204 CATACLYSMO.
1354 171 1372 207 1
1381 171 1431 208 61

59 256 80 279 »
104 237 267 297 cipium
289 237 335 282 in
355 235 426 281 die
453 238 625 283 virtutis
650 247 759 294 tuae,
790 239 836 282 in
857 239 1161 298 splendoribus
1187 249 1437 288 sanctorum

56 325 79 350 »
103 322 155 352 ex
185 316 310 352 utero
342 308 543 366 generavi
575 309 676 353 te1:
700 328 717 349 »
757 316 967 368 tanquam
1001 309 1163 356 diceret
1186 329 1195 356 ε
1221 313 1280 356 Ut
1301 314 1440 358 sancti

52 377 405 422 illuminarentur
420 412 431 432 ,
457 377 698 436 processisti
719 392 770 420 ex
793 393 877 422 me.
902 381 990 424 Nec
1013 379 1098 424 fuit
1113 415 1124 435 ‚
1149 380 1437 438 dilectissimi,

52 447 136 492 alia
159 464 286 493 causa
307 464 385 493 cur
405 447 475 492 vel
504 448 595 506 ipsa
627 447 803 492 nomina
827 449 964 492 Patris
991 459 1034 494 et
1063 450 1163 494 Filii
1189 460 1234 495 et
1259 453 1443 511 Spiritus

51 519 187 563 sancti
209 520 404 578 sejuncta
426 517 697 573 viderentur,
721 518 803 562 nisi
825 527 875 563 ut
889 519 1027 564 sancti
1044 520 1242 567 homines
1260 523 1445 569 instrue-

50 598 217 632 rentur.
242 590 463 633 Caeterum
484 588 606 647 quod
621 588 789 633 dictum
808 598 872 633 est
888 589 1031 647 Moysi
1053 591 1109 634 ab
1126 592 1217 650 ipsa
1238 594 1445 639 substan-

50 658 110 701 tia
134 657 378 702 Trinitatis:
408 660 538 716 «Ego
560 673 657 702 sum
675 658 753 718 qui
777 674 889 703 sum.
910 662 967 704 Et
988 660 1047 704 sic
1069 660 1185 704 dices
1209 680 1218 705 :
1240 663 1325 714 Qui
1353 672 1417 707 est
1433 698 1444 718 ,

52 744 73 768 »
99 726 215 771 misit
236 742 307 771 me
321 729 352 771 ².
372 745 393 769 »
419 730 534 786 Ergo
558 743 608 772 ex
631 738 756 773 utero
780 728 826 772 in
856 728 1166 788 splendoribus
1193 740 1446 776 sanctorum

46 805 275 853 generatus
294 805 358 841 est
379 796 533 841 Filius.
561 796 646 843 Sed
664 813 719 842 ne
736 799 849 842 hanc
865 800 1191 858 generationem
1214 802 1447 846 carnaliter

47 865 116 911 vel
144 867 455 926 sstemporaliter
487 869 703 928 acciperes
732 868 892 914 factam
909 904 920 925 ,
959 870 1062 914 audi
1085 870 1312 931 quomodo
1345 887 1448 916 eum

47 937 260 994 genuerit.
302 939 628 995 «Eructuavit,
668 940 836 1000 inquit,
874 955 950 984 cor
977 955 1126 985 meum
1155 942 1400 986 Verbumss.
1425 960 1446 983 »

44 1008 234 1050 Joannes
258 1008 377 1050 testis
401 1007 508 1052 dicit
529 1027 538 1053 :
570 1027 590 1050 «
607 1012 659 1052 In
676 1010 892 1062 principio
910 1020 1004 1054 erat
1023 1010 1221 1055 Verbum
1235 1014 1267 1055 4.
1291 1030 1312 1053 »
1336 1015 1449 1056 Deus

46 1077 173 1118 Pater
193 1073 326 1116 dicit:
357 1090 377 1113 «
395 1071 654 1115 Eructuavit
683 1086 758 1115 eor
784 1086 934 1115 meum
956 1073 1168 1118 Verbum.
1191 1093 1212 1116 »
1239 1077 1448 1126 Habacuc

44 1141 150 1187 dicit
170 1161 179 1186 ε
210 1160 231 1184 «
248 1140 507 1185 Ambulavit
529 1140 726 1184 Verbum
742 1142 773 1184 ⁵.
796 1157 817 1181 »
843 1140 980 1186 Audis
1002 1145 1144 1187 Deum
1161 1146 1375 1204 Verbum,
1402 1160 1446 1195 et

43 1213 128 1257 hoc
144 1226 234 1256 esse
249 1211 296 1254 in
312 1210 526 1270 principio
549 1209 669 1269 apud
691 1212 847 1264 Deum,
869 1220 912 1255 et
929 1214 1070 1255 Deum
1087 1228 1178 1258 esse
1201 1217 1442 1264 Verbumss.

47 1281 413 1326 Testimoniorum
435 1295 541 1335 vox,
567 1289 610 1323 et
631 1280 767 1339 ipsius
790 1280 1009 1325 Trinitatis
1031 1283 1176 1327 unitas
1200 1299 1278 1343 per
1300 1295 1447 1333 totum

43 1350 262 1396 mundum
283 1359 436 1395 contra
457 1359 501 1394 te
518 1348 679 1394 clamat
698 1367 708 1394 ε
733 1358 776 1393 et
798 1359 848 1394 tu
863 1349 984 1395 velut
1005 1352 1123 1395 canis
1139 1353 1319 1400 rabidus
1336 1372 1447 1402 con-

45 1430 113 1466 tra
140 1431 283 1466 totum
309 1420 529 1464 mundum
550 1418 696 1463 latras.
727 1418 813 1463 Sed
835 1419 938 1463 audi
962 1419 1107 1465 adhuc
1129 1422 1249 1467 unde
1275 1425 1447 1483 plenius

46 1491 316 1536 convincaris
332 1525 343 1546 ‚
369 1490 491 1550 quod
514 1489 698 1533 Trinitas
727 1504 842 1532 unus
864 1491 978 1533 Deus
1000 1490 1054 1534 sit
1074 1509 1083 1534 :
1110 1492 1248 1537 Patris
1270 1509 1356 1540 vox
1377 1508 1442 1543 est

44 1577 122 1621 per
136 1563 400 1621 Prophetam
417 1559 473 1605 ad
486 1559 648 1604 Filium
665 1579 674 1603 ε
700 1577 720 1600 «
736 1562 788 1602 In
802 1558 1108 1618 splendoribus
1125 1572 1378 1610 sanctorum
1391 1583 1442 1613 cx

49 1649 71 1673 »
97 1640 223 1675 utero
252 1630 383 1689 genui
404 1630 494 1673 te5.
513 1646 534 1670 »
561 1629 697 1672 Patris
718 1643 803 1672 vox
834 1637 898 1672 est
919 1628 975 1673 ad
1003 1633 1160 1675 Isa'iam
1181 1635 1442 1694 prophetam

45 1700 102 1745 de
126 1701 288 1760 Spiritu
307 1708 458 1745 sancto
479 1717 488 1743 ε
519 1717 540 1742 «
559 1699 744 1758 Spiritus
760 1708 952 1755 sanctus,
972 1700 1132 1761 inquit,
1155 1718 1178 1747 a
1193 1718 1264 1748 me
1282 1707 1438 1752 exiet.»

45 1774 104 1815 Et
124 1771 225 1815 Filii
245 1786 328 1816 vox
346 1779 411 1814 est
430 1770 478 1814 in
497 1768 736 1828 Evangelio
755 1769 988 1815 ostendens
1009 1771 1056 1815 in
1072 1787 1117 1817 se
1137 1775 1309 1820 Patrem
1334 1792 1439 1835 esse,

46 1848 90 1884 et
115 1855 159 1884 se
187 1840 234 1883 in
262 1841 378 1899 ipso,
404 1838 485 1883 ubi
513 1839 602 1883 ait:
633 1841 796 1883 «Pater
828 1839 873 1883 in
906 1853 976 1883 me
1010 1855 1191 1887 manens
1217 1844 1309 1904 ipse
1337 1846 1443 1893 lacit

0 1959 1 1971 ἶ
49 1927 70 1951 »
96 1911 268 1968 opera'.
289 1927 309 1951 »
335 1908 433 1953 Filii
454 1924 538 1953 vox
557 1916 620 1952 est
640 1907 695 1952 de
716 1907 880 1968 Spiritu
899 1918 1064 1966 sancto,
1090 1912 1321 1961 ostendens
1337 1920 1441 1977 quia

46 1979 270 2039 quomodo
292 1979 492 2039 procedit
512 1993 564 2022 ex
586 1982 730 2035 Patre,
754 1979 814 2024 ita
836 1994 888 2023 ex
912 1994 956 2024 se
972 1979 1090 2039 ipso,
1115 1983 1193 2027 ubi
1213 1985 1272 2030 ait
1298 1987 1441 2032 Disci-

0 2045 2 2107 ζ
47 2048 161 2108 pulis
184 2049 270 2093 suis
292 2058 390 2107 post
410 2048 805 2094 resurrectionem.
835 2067 855 2091 «
875 2050 1071 2110 Accipite
1087 2053 1296 2112 Spiritum
1316 2071 1442 2103 sanc-

0 2111 2 2160 Ι
51 2137 72 2162 »
98 2128 208 2164 turn.
235 2121 292 2163 Et
311 2119 584 2163 insufflavit'
573 2133 621 2162 m
645 2120 748 2175 eis8‚
768 2137 790 2161 »
815 2120 874 2165 ait
894 2122 1193 2181 Evangelista,
1228 2126 1438 2185 Spiritum

50 2199 250 2234 sanctum
271 2188 378 2233 dans
401 2188 486 2243 eis,
511 2202 559 2231 ac
575 2187 755 2232 dicens:
784 2207 805 2231 «
825 2189 868 2234 Si
889 2191 960 2234 cui
981 2193 1226 2239 remiseritis
1241 2208 1437 2256 peccata,

54 2278 76 2302 ³)
101 2259 377 2304 remittentur
397 2257 522 2302 illi.»
549 2258 674 2302 Unde
696 2267 760 2303 est
781 2268 825 2303 et
845 2258 958 2305 illud
976 2263 1160 2322 apostoli
1183 2267 1333 2313 Pauli:
1358 2271 1438 2316 «Si

101 2374 109 2388 ¹
134 2368 211 2399 Psal.
232 2377 300 2408 cix,
329 2367 359 2398 3.
384 2383 425 2390 —
441 2373 454 2388 2
473 2366 572 2397 Exod.
596 2375 651 2406 ιιι,
678 2364 729 2406 14.
749 2383 790 2388 —
810 2363 823 2389 3
843 2368 910 2400 Psal
929 2379 1016 2411 μιν,
1039 2379 1070 2402 2.
1093 2385 1132 2394 —-
1147 2371 1163 2402 4
1181 2375 1274 2406 Joan.
1294 2387 1316 2415 1,
1338 2387 1365 2408 1,
1404 2397 1431 2405 ..

52 2421 66 2445 5
85 2422 207 2454 Habac.
231 2433 280 2463 111,
306 2422 338 2461 5„
357 2421 446 2461 juxta
468 2432 540 2456 Lxx·
561 2437 601 2443 —
616 2418 631 2443 6
662 2420 740 2453 psal.
767 2432 833 2461 cix,
855 2422 886 2455 3.
904 2440 945 2447 —
963 2431 977 2457 7
1004 2426 1096 2457 Joan.
1128 2438 1191 2469 xiv,
1219 2440 1268 2462 10.
1283 2430 1352 2456 -28
1376 2435 1423 2466 Μ,

54 2487 107 2518 xx,
132 2485 186 2510 22.

245 2540 434 2571 cxxxiv.
1206 2541 1251 2577 11
