1729 3143
611 253 665 281 DE
698 252 950 280 HAERESIBUS.
1389 236 1474 275 223

144 321 244 366 XX.
279 318 533 365 Archontici
550 334 574 363 a
591 316 861 378 principibus
878 313 1085 374 appellati
1096 348 1108 369 ,
1130 312 1473 366 universitatem,

82 405 214 451 quam
236 393 352 435 Deus
373 388 569 435 condidit
585 422 598 443 ,
623 401 754 446 opera
776 399 867 429 esse
888 383 1138 444 principum
1160 381 1328 426 dicunt.
1357 383 1478 441 Ope-

81 469 235 505 rantur
274 461 406 505 etiam
438 456 676 519 quamdam
717 453 1053 515 turpitudinem.
1091 451 1476 499 Resurrectionem

84 531 225 576 carnis
245 538 425 589 negant.

139 601 263 644 XXI.
298 598 564 645 Cerdoniani
585 611 609 641 a
634 595 835 642 Cerdone
867 593 1102 647 nominati,
1135 594 1212 654 qui
1235 593 1326 638 duo
1349 592 1473 652 prin-

80 668 192 727 cipia
219 669 301 712 sibi
335 667 606 713 adversantia
637 665 948 724 dogmatizavit
980 682 990 709 ε
1019 666 1249 722 Deumque
1273 664 1400 721 Legis
1424 678 1476 708 ac

80 738 400 797 Prophetarum
416 752 507 782 non
528 750 618 781 esse
640 744 809 795 patrem
830 734 1019 796 Christi,
1045 749 1126 778 nec
1149 734 1319 778 bonum
1337 736 1480 777 Deum

80 822 194 863 esse,
219 807 294 852 sed
305 809 500 868 justum3
517 816 686 867 patrem
703 822 806 852 vero
826 806 989 852 Christi
1009 805 1179 850 bonum
1201 823 1210 850 ε
1235 804 1483 849 Christum-

80 893 169 938 que
188 879 333 938 ipsum
355 894 501 939 neque
520 887 674 923 natum
696 894 749 923 ex
770 877 951 923 foemina
969 913 980 933 ‚
1005 891 1149 937 neque
1168 875 1372 920 habuisse
1388 890 1483 919 car-

79 955 212 1008 nem3
234 965 317 995 nee
339 965 439 996 vere
465 959 691 995 mortuum
723 949 794 996 vel
822 949 1067 1010 quidquam
1088 962 1291 1008 passum,
1317 946 1394 990 sed
1417 945 1481 990 si-

80 1019 267 1064 mulasse
289 1020 547 1080 passionem.
569 1020 755 1074 Quidam
771 1036 875 1066 vero
891 1021 938 1065 in
959 1019 1138 1064 duobus
1157 1018 1384 1079 principiis
1397 1016 1485 1061 suis

80 1088 192 1134 duos
214 1090 318 1134 deos
334 1091 394 1134 ita
416 1105 518 1134 eum
539 1091 692 1136 dixisse
713 1091 949 1151 perhibent
963 1126 974 1146 ‚
1000 1100 1050 1135 ut
1070 1106 1185 1134 unus
1203 1105 1356 1135 eorum
1374 1096 1485 1133 esset

79 1159 246 1216 bonus,
271 1165 380 1205 alter
413 1170 560 1206 autem
594 1162 750 1207 malus.
788 1159 1171 1202 Resurrectionem
1201 1170 1486 1205 mortuorum

79 1240 211 1288 negat
225 1266 237 1286 ‚
262 1246 469 1290 spernens
490 1234 623 1278 etiam
647 1234 976 1276 Testamentum
996 1227 1150 1270 Vetus.

137 1300 288 1342 XXII.
323 1300 519 1353 Marcion
547 1314 753 1357 quoque,
790 1312 816 1341 a
846 1311 936 1356 quo
967 1295 1241 1341 Marcionitae
1275 1297 1486 1356 appellati

81 1378 206 1424 sunt,
232 1367 445 1414 Cerdonis
467 1375 641 1412 secutus
658 1375 722 1411 est
743 1366 948 1425 dogmata
964 1365 1020 1410 de
1038 1365 1213 1411 duobus
1230 1367 1453 1428 principiis
1472 1387 1482 1414 z

80 1439 280 1501 quamvis
302 1437 572 1498 Epiphanius
603 1452 705 1481 eum
735 1436 818 1481 tria
846 1436 964 1481 dicat
987 1436 1216 1480 asseruisse
1241 1437 1456 1498 principia
1471 1474 1483 1495 ‚

79 1511 271 1565 bonum,
292 1510 487 1569 justum,
514 1523 700 1568 pravum
721 1526 731 1553 ι
757 1506 834 1552 sed
855 1507 1072 1552 Eusebius
1097 1507 1300 1553 Sinerum
1321 1525 1486 1568 quem-

83 1578 184 1625 dam
200 1615 212 1636 ,
249 1595 340 1624 non
360 1579 630 1624 Marcionem
648 1613 660 1634 ‚
685 1578 820 1623 trium
850 1578 1168 1638 principiorum
1189 1587 1323 1639 atque
1353 1589 1486 1625 natu-

86 1664 235 1694 rarum
256 1649 408 1694 scribit
430 1649 699 1694 auctorem1.

146 1721 318 1766 XXIII.
352 1718 556 1779 Apellitae
587 1726 690 1762 sunt
726 1732 918 1778 quorum
939 1717 1114 1777 Apelles
1148 1727 1212 1763 est
1250 1720 1452 1780 princeps
1472 1756 1484 1777 ‚

86 1791 164 1850 qui
186 1789 297 1835 duos
318 1789 499 1850 quidem
521 1788 626 1834 deos
645 1787 903 1843 introducit,
927 1803 1068 1833 unum
1089 1789 1275 1846 bonum,
1301 1790 1489 1836 alterum

83 1859 251 1904 malum
278 1878 288 1905 ε
313 1875 406 1905 non
427 1868 576 1904 tamen
597 1859 644 1903 in
667 1858 844 1903 duobus
866 1859 1043 1903 diversis
1065 1868 1199 1920 atque
1216 1861 1332 1905 inter
1351 1876 1396 1905 se
1413 1861 1489 1907 ad-

83 1930 218 1974 versis
248 1945 339 1974 esse
360 1929 612 1990 principiis;
647 1929 724 1974 sed
751 1944 891 1973 unum
920 1944 1011 1973 esse
1032 1931 1294 1990 principium
1315 1967 1327 1988 ,
1354 1931 1488 1977 deum

84 1998 250 2044 scilicet
269 2001 440 2045 bonum
459 2021 471 2059 3
495 2009 539 2045 et
559 2000 615 2044 ab
637 2000 715 2046 illo
737 1998 903 2045 factum
926 2000 1114 2045 alterum
1138 2020 1147 2046 :
1170 2003 1247 2062 qui
1269 2018 1370 2048 cum
1392 2019 1488 2049 ma-

82 2069 228 2128 lignus
248 2079 386 2127 esset,
410 2071 615 2117 inventus
637 2079 702 2115 est
721 2071 768 2115 in
784 2086 863 2115 sua
882 2071 1102 2116 mundum
1126 2071 1397 2131 malignitate
1419 2074 1487 2119 fe-

83 2139 205 2186 cisse.
231 2142 362 2186 Hunc
383 2140 584 2201 Apellem
603 2141 758 2186 dicunt
772 2141 954 2202 quidam
969 2143 1102 2187 etiam
1123 2142 1180 2188 de
1202 2145 1378 2191 Christo
1396 2153 1487 2191 tam

84 2209 192 2256 falsa
215 2211 421 2266 sensisse,
446 2220 496 2256 ut
518 2209 684 2258 diceret
706 2227 835 2268 eum,
871 2228 961 2258 non
988 2213 1169 2273 quidem
1195 2230 1373 2261 carnem
1407 2216 1487 2261 de«-

87 2282 279 2340 posuisse
296 2280 352 2326 de
366 2281 481 2327 coelo
496 2316 507 2337 ‚
532 2282 609 2327 sed.
625 2297 678 2327 ex
691 2282 916 2328 elementis
932 2285 1088 2329 mundi
1104 2287 1335 2347 accepisse,
1351 2303 1486 2348 quam

88 2352 258 2397 mundo
291 2352 510 2409 reddidit,
547 2368 650 2398 cum
680 2353 772 2399 sine
803 2368 933 2400 carne
963 2371 1192 2416 resurgens
1224 2359 1418 2405 ascendit
1439 2359 1486 2404 in

94 2422 276 2468 coelum.

147 2496 310 2539 XXIV.
348 2496 566 2542 Severiani
589 2512 612 2541 a
635 2498 792 2542 Severo
815 2497 974 2553 exorti,
1002 2497 1155 2544 vinum
1178 2515 1270 2547 non
1290 2501 1453 2548 bibunt
1467 2539 1478 2559 ‚

138 2584 147 2601 ¹
172 2578 288 2612 Euseb.
307 2578 363 2612 lib.
380 2589 415 2621 v,
430 2589 502 2623 cap.
527 2580 577 2614 13.
