1729 3143
186 213 269 253 570
613 220 648 250 s.
683 221 914 252 *newsum
945 224 1126 255 smenon

187 307 207 332 »
244 289 342 335 Sive
359 300 460 345 ergo
480 285 752 332 manducatis
767 322 778 343 ‚
804 288 890 334 sive
907 289 1054 336 bibitis
1069 324 1081 347 ‚
1106 289 1176 336 vel
1197 290 1316 337 aliud
1335 293 1443 352 quid
1463 293 1558 340 faci-

184 378 206 402 »
241 360 293 404 tis
311 393 321 413 ‚
346 357 491 402 omnia
512 358 558 402 in
579 356 759 417 gloriam
781 360 860 404 Dei
880 359 1025 406 facite.
1051 361 1151 407 Sine
1172 362 1412 408 offensione
1427 374 1563 411 estote

184 450 204 473 »
239 431 265 473 J
267 427 402 473 udaeis
423 437 466 473 et
489 430 648 474 Graecis
666 439 710 475 et
725 430 930 476 Ecclesiae
947 433 1051 484 Dei,
1076 433 1189 479 sicut
1204 443 1248 479 et
1263 449 1344 494 ego
1361 436 1510 480 omnib
1518 452 1565 482 us

183 518 204 541 »
238 513 316 558 per
338 498 483 544 omnia
513 499 686 559 placeo,
711 515 802 546 non
832 517 1032 562 quaerens
1063 503 1184 563 quod
1205 504 1312 548 mihi
1337 505 1447 550 utile
1472 515 1562 564 est,

185 589 204 613 »
239 570 315 615 sed
335 570 455 631 quod
474 571 650 628 multis,
674 582 724 618 ut
745 572 851 618 salvi
867 574 976 619 fiant
991 576 1022 619 ¹.
1047 575 1290 622 Imitatores
1306 577 1394 621 mei
1409 586 1562 636 estote,

183 660 203 683 »
237 641 350 686 sicut
370 650 414 686 et
434 657 515 702 ego
537 643 744 688 Christi&

236 714 419 772 XXXV.
446 715 640 773 Apparet
657 714 812 772 igitur,
836 722 888 758 ut
905 715 1088 774 opinor,
1112 730 1202 776 quo
1219 692 1308 760 fine
1325 730 1350 760 a
1363 716 1565 762 carnibus

179 791 222 828 et
244 797 268 827 a
289 783 392 828 vino
423 784 478 828 sit
510 784 834 829 abstinendum.
871 787 912 828 Is
939 786 1037 830 finis
1065 794 1131 830 est
1157 786 1328 846 triplex.
1355 786 1425 831 Ad
1446 802 1569 832 com-

177 852 454 911 primendam
475 853 812 899 delectationem
828 887 839 909 ‚
865 867 964 913 quae
989 854 1036 898 in
1056 854 1123 899 his
1149 856 1335 900 maxime
1358 856 1463 901 cibis
1483 858 1566 902 ha-

178 923 271 967 beri
291 923 401 968 solet
419 958 430 979 ‚
456 933 588 984 atque
609 924 656 967 in
677 923 752 968 tali
775 933 885 983 potu
905 939 1045 984 usque
1068 925 1124 969 ad
1143 924 1398 971 ebrietatem
1415 942 1568 987 perve-

176 994 284 1037 nire.
311 992 381 1038 Ad
407 992 616 1038 tuendam
638 993 935 1039 infirmitatem
950 1029 962 1050 ‚
986 1003 1165 1054 propter
1186 994 1261 1039 illa
1283 1011 1381 1056 quae
1402 998 1569 1042 sacrifi-

175 1074 331 1110 cantur
347 1074 479 1125 atque
500 1064 708 1109 libantur.
733 1067 791 1109 Et
811 1065 934 1125 quod
955 1065 1144 1110 maxime
1165 1058 1567 1114 commendandum

126 1163 133 1171 =
175 1144 237 1180 est
260 1169 272 1191 ‚
306 1143 484 1194 propter
514 1135 769 1179 charitatem
790 1169 802 1191 ‚
826 1150 882 1179 ne
904 1135 1241 1181 imbecilliorum
1262 1137 1318 1181 ab
1338 1137 1404 1182 his
1426 1139 1568 1183 conti-

174 1207 376 1251 nentium
399 1205 651 1251 offendatur
671 1206 915 1251 infirmitas.
943 1209 1032 1252 Vos
1056 1215 1201 1252 autem
1229 1208 1456 1254 immunda
1478 1225 1567 1255 esse

174 1278 355 1323 obsonia
380 1277 520 1323 dicitis
534 1313 546 1331 ,
573 1293 674 1323 cum
696 1277 813 1323 dicat
843 1278 1078 1338 Apostolus
1100 1280 1246 1324 omnia
1264 1278 1431 1324 munda
1448 1294 1565 1338 esse,

174 1349 249 1394 sed
282 1349 321 1393 ei
353 1348 519 1393 malum
560 1364 649 1394 esse
685 1350 762 1410 qui
798 1364 875 1409 per
903 1350 1190 1395 offensionem
1221 1350 1473 1395 manducat.
1510 1354 1567 1396 Et

173 1434 348 1480 prorsus
372 1418 504 1464 credo
525 1434 600 1464 vos
630 1419 720 1464 istis
742 1419 881 1479 epulis
903 1420 1149 1479 inquinari,
1174 1435 1225 1465 eo
1246 1421 1341 1480 ipso
1368 1436 1457 1480 quo
1484 1421 1567 1466 im-

173 1490 339 1535 munda
362 1506 451 1535 esse
472 1490 759 1535 arbitramini.
787 1492 861 1534 Ait
881 1490 997 1534 enim
1017 1509 1025 1536 :
1055 1510 1076 1533 «
1096 1491 1241 1537 Credo
1261 1500 1306 1536 et
1325 1492 1501 1538 confido
1519 1493 1565 1538 in

175 1580 196 1604 »
224 1562 410 1607 Domino
440 1564 543 1605 Jesu
560 1596 571 1617 ‚
601 1562 704 1622 quia
737 1560 847 1605 nihil
874 1576 1107 1606 commune
1134 1577 1211 1622 per
1232 1563 1404 1623 ipsum3
1428 1563 1504 1608 sed
1527 1564 1566 1608 ei

176 1651 196 1673 »
222 1632 299 1692 qui
336 1631 567 1676 existimat*
591 1630 757 1692 aliquid
792 1646 1025 1676 commune
1062 1647 1151 1676 esse
1170 1666 1182 1688 ,
1234 1631 1298 1676 illi
1333 1648 1567 1679 commune

174 1722 194 1744 η
222 1705 331 1748 estss.
360 1721 380 1744 »
407 1703 490 1748 Cui
521 1711 666 1747 autem
700 1701 886 1746 dubium
909 1711 999 1757 est,
1034 1717 1269 1747 commune
1300 1702 1456 1759 illum,
1479 1704 1566 1748 im-

174 1774 390 1819 mundum
413 1784 456 1818 et
477 1774 759 1833 inquinatum
781 1775 985 1818 vocasse?
1010 1774 1094 1818 Sed
1121 1773 1308 1818 stultum
1329 1784 1394 1819 est
1419 1775 1566 1819 vobis-

172 1861 275 1890 cum
313 1859 439 1903 agere
474 1844 529 1889 de
565 1843 821 1903 Scripturis‚
858 1858 958 1888 cum
991 1852 1035 1887 et
1069 1843 1281 1888 rationem
1315 1844 1565 1903 pollicendo

141 1922 145 1928 ‘
172 1916 428 1975 decipiati33
466 1925 508 1959 et
539 1930 610 1959 eos
642 1914 802 1969 libros,
827 1915 873 1957 in
899 1914 1061 1973 quibus
1082 1928 1238 1972 magna
1260 1923 1325 1958 est
1346 1915 1564 1973 religionis

172 1987 405 2033 auctoritas
422 2022 433 2043 ‚
454 1985 570 2031 falsis
591 1986 807 2046 capitibus
826 1985 1025 2029 immissis
1042 1994 1269 2045 corruptos
1283 2000 1373 2031 esse
1389 1986 1558 2032 dicatis.

172 2059 358 2103 Ratione
374 2057 508 2116 igitur
525 2057 634 2102 mihi
655 2055 912 2116 persuadete
928 2090 939 2111 ‚
965 2054 1188 2115 quomodo
1209 2065 1563 2102 vescentem-car-

173 2145 248 2174 nes
270 2129 555 2190 coinquinent
571 2163 583 2183 ‚
609 2128 644 2172 si
664 2127 756 2172 sine
773 2126 863 2171 ulla
881 2125 1121 2171 offensione
1134 2161 1146 2182 ‚
1170 2127 1262 2171 sine
1279 2126 1370 2172 ulla
1391 2128 1563 2172 infirma

174 2201 379 2261 opinione
393 2235 405 2255 ‚
431 2200 523 2244 sine
544 2198 633 2244 ulla
653 2197 833 2242 libidine
858 2205 1104 2241 sumuntur.

230 2273 436 2316 XXXVI.
462 2269 832 2330 Operae-pretium
856 2277 918 2312 est
946 2276 1083 2313 totam
1105 2267 1412 2327 superstitiosae
1431 2268 1562 2328 hujus

175 2341 449 2386 abstinentiae
466 2341 679 2385 rationem
696 2353 953 2397 cognoscere
969 2373 980 2393 ,
1006 2353 1106 2397 quae
1123 2338 1183 2382 ita
1199 2337 1396 2382 redditur
1416 2356 1426 2383 ε
1446 2340 1562 2391 Quo-

175 2413 290 2456 niam
307 2447 318 2467 ,
345 2413 488 2472 inquit
504 2446 515 2466 ,
550 2410 799 2455 membrum
821 2409 899 2454 Dei
919 2407 1136 2453 malorum
1166 2408 1418 2453 substantiae
1438 2422 1561 2452 com-

175 2482 362 2527 mixtum
383 2492 473 2538 est,
509 2491 560 2526 ut
587 2496 680 2526 eam
714 2479 977 2535 refrenaret,
1005 2488 1136 2539 atque
1159 2495 1182 2523 a
1210 2494 1381 2524 summo
1411 2478 1559 2524 furore

219 2569 232 2591 ῐ
253 2579 266 2599 1
286 2569 357 2601 Cor.
377 2578 412 2608 x,
435 2568 554 2609 19-33.
569 2584 610 2591 —
625 2574 637 2590 ²
657 2567 704 2600 Id.
724 2577 770 2607 xi,
792 2577 821 2598 1.
836 2582 876 2589 —
893 2564 906 2590 3
925 2568 1016 2599 Rom.
1036 2575 1099 2606 xiv,
1119 2573 1172 2597 20.
1188 2581 1228 2589 —
1244 2564 1261 2594 4
1277 2564 1339 2599 Tit.
1358 2575 1383 2605 1,
1405 2563 1459 2598 15.
