1729 3143
226 176 309 213 360
633 181 666 209 s.
703 181 933 209 Atreum-Im
963 181 1144 210 muscum

217 267 268 296 eo
285 249 404 310 quod
422 249 512 306 ipse
526 246 694 299 dixisti,
719 259 820 288 cum
842 259 1082 305 quaererem
1097 253 1248 289 utrum
1263 246 1423 291 invitus
1440 248 1596 293 beatus

214 322 388 367 futurus
410 318 463 361 sis
491 335 499 359 :
524 315 784 374 respondisti
806 316 920 360 enim
950 315 1071 376 quod
1101 317 1192 375 Jam
1218 330 1326 360 esses
1357 316 1534 373 beatus,
1560 319 1596 361 si

210 399 397 451 potestas
431 394 540 430 esset
575 386 621 429 in
655 395 697 430 te
717 407 728 444 3
752 386 864 431 velle
897 386 1013 431 enim
1041 395 1109 442 te,
1135 385 1211 430 sed
1242 385 1443 431 nondum
1472 402 1596 446 posse

211 459 365 504 dixisti.
406 457 491 500 Ubi
524 470 602 514 ego
638 456 804 516 subjeci
836 456 890 500 de
922 465 964 501 te
999 455 1204 500 clamasse
1225 457 1482 502 veritatem:
1507 472 1597 502 non

208 531 323 574 enim
345 542 504 586 negare
533 543 762 586 possumus
794 527 956 572 habere
978 543 1056 572 nos
1077 536 1334 587 potestatem
1350 562 1361 582 ‚
1386 528 1468 572 nisi
1489 527 1597 573 dum

206 600 332 645 nobis
352 614 443 643 non
462 598 583 643 adest
601 598 722 659 quod
747 598 948 643 voiumus
971 618 980 644 z
1007 599 1114 643 dum
1132 608 1278 643 autem
1298 597 1501 643 volumus
1518 634 1529 654 ,
1561 598 1597 643 si

205 669 406 714 voluntas
427 670 519 729 ipsa
541 670 662 713 deest
684 669 808 714 nobis
830 704 840 724 ‚
878 684 968 713 non
990 669 1141 728 utique
1169 669 1385 713 volumus.
1414 669 1539 722 Quod
1561 667 1596 712 si

205 741 296 783 fieri
311 755 400 783 non
415 748 557 798 potest
574 774 585 794 ,
611 749 660 783 ut
678 739 785 783 dum
802 737 1004 782 volumus
1019 754 1108 783 non
1128 739 1309 783 velimus
1327 773 1338 793 ,
1365 738 1485 782 adest
1505 738 1594 781 uti-

203 825 289 869 que
307 808 507 853 voluntas
529 808 778 855 volentibus
799 827 807 851 :
835 822 915 851 nec
937 806 1057 850 aliud
1085 807 1326 866 quidquam
1351 817 1415 851 est
1445 808 1490 851 in
1512 822 1594 866 po-

203 887 381 932 testate,
409 879 489 921 nisi
511 878 633 938 quod
660 877 905 922 volentibus
937 876 1071 920 adest.
1098 877 1312 921 Voluntas
1335 878 1469 936 igitur
1491 892 1595 922 nos-

202 960 267 994 tra
290 964 370 1004 n—ec
386 949 589 992 voluntas
607 955 717 989 esset
731 980 742 998 ,
768 948 849 988 nisi
863 956 972 989 esset
987 948 1032 989 in
1049 950 1194 990 nestra
1212 955 1441 1004 potestate.
1459 951 1594 992 Porro

202 1021 303 1078 quia
332 1030 396 1061 est
426 1018 471 1059 in
494 1025 706 1075 potestate
722 1049 734 1068 ‚
759 1014 896 1058 libera
918 1025 981 1058 est
1003 1005 1143 1058 no‘bis.
1170 1018 1266 1060 Non
1294 1015 1409 1058 enim
1428 1025 1492 1060 est
1513 1032 1595 1061 no-

201 1090 266 1132 bis
289 1088 500 1139 liberum,
528 1084 648 1144 quod
669 1085 715 1127 in
733 1093 944 1143 potestate
962 1100 1053 1129 non
1074 1085 1286 1129 habemus
1304 1120 1316 1139 ‚
1353 1095 1429 1129 aut
1450 1096 1593 1144 potest

201 1173 290 1202 non
313 1170 402 1199 esse
423 1155 544 1214 quod
566 1154 792 1198 habemus.
820 1157 886 1197 Ita
907 1154 957 1197 fit
979 1163 1026 1197 ut
1049 1163 1092 1197 et
1108 1157 1248 1197 Deum
1273 1169 1363 1198 non
1384 1170 1592 1213 negemus

199 1243 288 1271 esse
308 1226 537 1285 praescium
562 1225 759 1268 omnium
778 1222 1029 1267 futurorum
1049 1257 1060 1277 ‚
1086 1231 1129 1266 et
1146 1238 1224 1267 nos
1245 1233 1392 1268 tamen
1408 1224 1591 1270 velimus

199 1298 321 1357 quod
344 1295 560 1340 volumus.
589 1296 700 1338 Cum
721 1293 837 1336 enim
857 1293 910 1336 sit
932 1293 1132 1350 praescius
1156 1293 1390 1338 voluntatis
1412 1305 1586 1351 nostrae,

199 1369 321 1427 cujus
345 1376 407 1410 est
430 1365 632 1425 praescius
654 1365 746 1423 ipsa
768 1363 863 1406 erit.
890 1362 1103 1407 Voluntas
1121 1377 1221 1421 ergo
1244 1365 1352 1419 erit,
1387 1366 1489 1425 quia
1510 1381 1589 1410 vo-

198 1438 377 1483 luntatis
402 1445 464 1479 est
485 1434 702 1494 praescius.
730 1436 818 1478 Nec
841 1430 1042 1476 voluntas
1065 1447 1154 1476 esse
1170 1434 1359 1492 poterit,
1382 1434 1417 1478 si
1438 1436 1484 1479 in
1505 1452 1589 1495 po-

198 1517 350 1553 testate
370 1521 460 1550 non
482 1505 578 1548 erit.
600 1507 714 1561 Ergo
729 1512 771 1547 et
788 1503 1010 1562 potestatis
1025 1512 1088 1547 est
1103 1503 1320 1562 praescius
1344 1507 1441 1551 Non
1456 1506 1588 1564 igitur

197 1595 273 1639 per
295 1580 385 1637 ejus
404 1575 718 1636 praescientiam
736 1574 841 1617 mihi
863 1582 1051 1633 potestas
1076 1572 1282 1618 adimitur
1296 1610 1306 1629 ,
1334 1591 1432 1634 quae
1450 1591 1586 1635 prop-

196 1660 312 1694 terea
336 1648 442 1691 mihi
465 1646 619 1690 certior
642 1644 806 1700 aderit,
838 1645 940 1704 quia
963 1643 1037 1688 ille
1058 1645 1180 1703 cujus
1203 1646 1473 1704 praescientia
1493 1662 1586 1692 non

196 1719 363 1764 fallitur
379 1754 389 1772 7
416 1717 654 1761 affuturam
679 1715 786 1758 mihi
809 1730 897 1759 esse
919 1715 1148 1773 praescivit.
1175 1718 1227 1759 E.
1263 1719 1477 1776 Eccejam
1494 1733 1584 1762 non

197 1804 308 1847 nego
330 1788 389 1831 ita
411 1801 582 1830 necesse
602 1799 692 1829 esse
713 1785 806 1828 fieri
828 1800 1119 1844 quaecumque
1142 1786 1356 1844 praescivit
1373 1789 1486 1830 Deus
1504 1822 1515 1841 ,
1541 1797 1584 1832 et

195 1861 255 1904 ita
279 1874 379 1902 eum
402 1866 580 1918 peccata
602 1864 747 1900 nostra
765 1855 964 1914 praescire
982 1890 993 1910 ,
1025 1864 1075 1899 ut
1097 1865 1269 1899 maneat
1286 1865 1433 1901 tamen
1455 1858 1582 1902 nobis

193 1928 394 1974 voluntas
415 1927 550 1971 libera
566 1961 576 1981 ,
601 1935 730 1985 atque
752 1925 799 1968 in
820 1934 965 1969 nostra
988 1925 1127 1984 posita
1149 1934 1379 1984 potestate.

255 2002 330 2043 IX.
350 2003 403 2044 A.
423 1999 540 2052 Quid
559 2012 659 2055 ergo
674 2006 716 2040 te
735 1998 913 2041 movet?
935 1999 1003 2041 An
1021 1995 1133 2040 forte
1148 1994 1310 2040 oblitus
1327 1995 1432 2056 quid
1445 1998 1582 2056 prima

195 2080 341 2115 nostra
371 2069 608 2129 disputatio
630 2067 870 2127 peregerit3
907 2066 1084 2124 negabis
1117 2065 1240 2110 nullo
1272 2075 1452 2125 cogente
1470 2102 1482 2122 ,
1507 2077 1582 2113 aut

194 2142 414 2201 superiore
432 2175 443 2195 ‚
478 2149 552 2183 aut
574 2137 775 2181 inferiore
793 2173 804 2192 ,
831 2145 903 2180 aut
928 2135 1086 2196 aequali
1102 2171 1113 2191 ‚
1145 2135 1220 2180 sed
1248 2152 1296 2180 ea
1318 2152 1396 2182 nos
1417 2137 1579 2183 volun-

195 2221 281 2255 tate
299 2211 505 2270 peccare?
526 2212 577 2253 E.
603 2207 722 2253 Nihil
741 2208 897 2251 horum
921 2222 1092 2266 prorsus
1114 2205 1254 2250 audeo
1276 2221 1435 2265 negare
1465 2226 1474 2252 z
1503 2207 1579 2252 sed

194 2290 339 2324 tamen
374 2280 536 2334 fateor,
562 2277 759 2323 nondum
790 2277 917 2322 video
946 2274 1167 2336 quomodo
1197 2276 1278 2319 sibi
1304 2291 1393 2320 non
1422 2276 1576 2321 adver-

196 2360 341 2394 sentur
364 2352 455 2394 haec
477 2350 565 2393 duo
581 2384 591 2400 ‚
623 2347 890 2407 praescientia
919 2346 997 2390 Dei
1024 2345 1077 2390 de
1110 2346 1295 2404 peccatis
1325 2347 1480 2390 nostris
1496 2380 1506 2400 ‚
1533 2355 1576 2389 et

194 2429 389 2463 nostrum
412 2421 457 2463 in
487 2420 708 2478 peccando
730 2418 915 2461 liberum
941 2416 1182 2460 arbitrium.
1213 2418 1322 2461 Nam
1349 2425 1391 2459 et
1407 2417 1573 2474 justum

193 2492 330 2532 Deum
360 2505 528 2534 necesse
552 2499 614 2534 est
635 2489 847 2533 fateamur
862 2522 873 2544 ‚
900 2496 941 2531 et
966 2486 1208 2546 praescium.
1242 2485 1324 2530 Sed
1350 2485 1454 2529 scire
1478 2484 1570 2529 vel-
