1729 3143
222 227 275 265 54
658 237 690 262 s.
728 233 955 260 AUGUSTlNl
990 234 1169 262 El‘lscol‘l

229 303 457 361 concepit,
488 311 593 345 tunc
625 298 788 357 repleta
826 308 889 343 est
921 300 1052 356 gratia
1081 319 1089 343 ι
1115 308 1222 344 tunc
1258 302 1491 346 Dominum
1512 317 1603 346 sus-

223 374 338 433 cepit
354 408 364 428 ,
399 381 449 416 ut
469 379 576 415 esset
606 369 652 411 in
679 383 728 412 ea
760 369 836 429 qui
862 367 1024 414 fecerat
1055 385 1165 414 eam.
1190 373 1341 430 Neque
1360 372 1475 415 enim
1491 407 1502 427 ‚
1537 371 1605 416 di-

220 442 469 495 lectissimi,
512 437 782 484 credendum
819 449 883 484 est
901 474 912 494 ‚
949 442 1069 500 quod
1096 440 1172 486 illo
1193 443 1282 501 jam
1306 451 1518 500 praesente
1555 456 1604 486 ac

216 520 469 574 protegente
502 518 674 569 poterat
709 509 771 553 illi
802 509 997 555 foeminae
1024 512 1239 556 dominari
1261 512 1483 571 corruptio
1503 547 1514 568 ‚
1559 512 1606 556 in

217 599 304 643 qua
324 596 413 626 non
435 589 528 625 erat
544 580 709 626 ardoris
731 580 884 626 libido.

272 654 376 696 XII.
401 651 579 697 Noverit
601 661 747 695 tamen
766 666 898 711 quem
920 653 1110 711 portavit
1132 653 1254 710 virgo
1277 661 1416 696 mater
1433 686 1444 707 ,
1469 666 1606 696 nove-

216 722 272 765 rit
290 756 302 777 ,
340 730 493 780 stupor
532 721 736 766 abscedat
757 757 767 777 ,
802 722 910 766 fides
940 721 1132 766 accedat.
1159 725 1274 766 Ecce
1295 737 1426 782 quern
1462 730 1610 780 portat

216 792 407 837 nascitur
428 812 439 848 3
464 792 663 835 nondum
680 791 893 852 loquitur,
919 801 962 836 et
983 801 1127 836 totum
1150 792 1346 836 concutit
1371 791 1604 835 mundum.

215 863 387 908 Clamat
425 861 589 907 coelum
611 897 622 917 ‚
667 864 770 907 novi
810 862 960 906 sideris
1002 861 1170 906 radians
1200 860 1370 919 fulgore
1405 880 1414 906 :
1452 859 1611 905 clamat

216 941 331 977 terra
352 967 368 988 ,
396 932 572 977 turbata
600 947 678 991 per
706 931 925 976 Herodem
955 953 967 989 3
1004 933 1186 976 veniunt
1214 932 1330 988 Magi
1360 930 1573 975 admoniti
1596 964 1608 985 ‚

217 1003 447 1062 inquirunt
469 1002 611 1047 Judaei
633 1003 826 1058 turbati3
866 1011 1073 1061 quaerunt
1097 1002 1172 1044 ubi
1205 1010 1314 1044 esset
1343 1001 1419 1060 qui
1441 1000 1611 1059 ubique

219 1083 338 1119 totus
369 1082 434 1118 est
450 1107 461 1128 ,
486 1073 700 1132 quaeritur
720 1073 766 1118 in
788 1073 956 1116 mundo
989 1071 1223 1114 fabricator
1240 1072 1412 1113 mundi.
1442 1071 1507 1114 Ad
1528 1071 1613 1114 hoc

216 1154 363 1188 autern
386 1143 668 1202 quaerebatur
684 1176 695 1195 ,
720 1157 809 1184 non
833 1149 883 1184 ut
905 1148 1210 1196 agnosceretur
1226 1173 1237 1191 ‚
1263 1139 1338 1182 sed
1364 1147 1414 1182 ut
1437 1138 1613 1182 occide-

216 1223 337 1257 retur
363 1231 373 1256 ι
399 1212 502 1271 quia
543 1228 563 1251 «
589 1209 783 1254 Mundus
817 1224 894 1268 per
924 1223 1024 1253 eum
1055 1208 1195 1252 factus
1226 1217 1315 1263 est,
1351 1217 1394 1252 et
1422 1207 1613 1252 mundus

224 1303 242 1325 »
268 1297 368 1326 eum
398 1296 488 1324 non
517 1279 724 1338 cognovit
747 1281 778 1321 ¹.
807 1297 826 1319 »
865 1279 902 1322 Ο
925 1277 1090 1321 munde
1118 1276 1369 1332 immunde,
1394 1277 1513 1322 venit
1536 1277 1613 1337 qui

218 1363 261 1398 te
279 1351 464 1396 redimat
481 1384 491 1404 ‚
513 1358 556 1393 et
572 1349 761 1392 turbaris
782 1368 792 1404 3
815 1356 858 1390 et
874 1356 981 1391 tunc
1002 1362 1102 1390 eum
1119 1348 1182 1391 vis
1200 1346 1382 1406 perdere
1397 1382 1408 1402 ,
1432 1346 1613 1406 quando

218 1423 291 1467 ille
313 1431 356 1465 te
377 1419 590 1478 disposuit
610 1418 795 1461 liberare
814 1418 823 1460 l
849 1419 886 1461 Ο
911 1417 1166 1461 Judeeorum
1188 1427 1301 1461 terra
1330 1418 1463 1475 impia
1482 1453 1492 1474 ,
1523 1433 1613 1462 non

219 1490 421 1549 congruis
461 1487 591 1532 eoelo.
637 1486 813 1532 Coelum
856 1487 1125 1530 demonstrat
1150 1521 1161 1541 ‚
1205 1495 1256 1529 ut
1299 1486 1502 1530 adoretur
1526 1503 1537 1530 .-
1564 1495 1613 1530 tu

220 1561 380 1622 quaeris
395 1594 406 1613 ,
432 1567 483 1603 ut
503 1556 647 1601 infans
669 1566 864 1600 necetur.
900 1555 980 1599 Ille
1008 1556 1089 1599 tibi
1112 1556 1342 1600 annuntiat
1364 1559 1504 1600 Deum
1528 1557 1612 1600 ho-

220 1634 383 1677 minem
404 1629 638 1687 suscepisse
660 1643 740 1686 pro
763 1636 806 1671 te
822 1662 832 1681 ‚
859 1636 901 1670 et
918 1636 966 1670 tu
988 1627 1052 1670 vis
1074 1628 1255 1685 perdere
1272 1642 1372 1670 eum
1395 1627 1470 1686 qui
1491 1627 1613 1671 venit

222 1702 435 1747 redimere
460 1708 517 1743 te.
544 1701 738 1756 Expecta
765 1695 993 1756 paululum
1013 1731 1028 1751 ,
1069 1696 1123 1739 ad
1154 1697 1237 1739 hoc
1260 1695 1437 1755 quidem
1459 1697 1578 1740 venit
1599 1731 1610 1751 ,

222 1783 272 1818 ut
294 1782 414 1816 tuam
431 1770 561 1813 etiam
581 1768 806 1827 pessimam
824 1766 999 1825 impleat
1016 1765 1286 1810 voluntatem
1304 1785 1312 1810 :
1336 1766 1411 1809 sed
1428 1767 1607 1822 sustine,

224 1853 275 1889 ut
295 1857 418 1887 suam
440 1840 513 1884 ille
534 1839 710 1898 colligat
732 1838 1046 1882 haereditatem.
1081 1836 1248 1895 Collige
1264 1872 1275 1892 ‚
1309 1836 1463 1895 collige
1480 1873 1490 1892 ‚
1527 1841 1614 1881 Re-

224 1914 426 1971 demptor
453 1929 461 1955 :
495 1925 585 1955 non
610 1908 817 1968 glorietur
843 1908 1072 1966 dispersor.
1101 1907 1284 1951 Vindica
1311 1907 1356 1950 in
1378 1922 1450 1952 eos
1472 1908 1549 1967 qui
1572 1917 1616 1951 te

224 1982 457 2044 parvulum
480 1987 803 2040 persequuntur
819 2013 830 2032 7
854 1976 1026 2037 parvuli
1046 1977 1238 2035 ipsorum
1262 1992 1342 2035 pro
1360 1985 1402 2020 te
1424 1977 1615 2021 morian-

225 2064 312 2099 tur.
345 2053 388 2098 Si
417 2053 495 2111 ipsi
540 2067 570 2095 n
591 2060 634 2095 te
660 2048 858 2094 crudeles
881 2049 1097 2101 existunt,
1131 2047 1301 2106 parvuli
1325 2048 1515 2105 ipsorum
1534 2062 1614 2106 pro

224 2134 267 2169 te
288 2124 545 2168 moriantur.
577 2120 759 2165 Vindica
777 2155 788 2175 ,
819 2120 878 2164 sic
901 2118 1086 2163 vindica.
1113 2118 1330 2161 Insulteut
1352 2116 1432 2160 filii
1455 2132 1613 2176 paren-

223 2195 341 2239 tibus
362 2192 561 2237 nondum
582 2191 811 2250 loquentes
833 2225 842 2240 ‚
868 2189 1131 2233 convincant
1150 2189 1373 2232 saevientes
1395 2205 1404 2231 :
1425 2186 1613 2231 infantes

223 2264 372 2308 dicant
393 2261 690 2306 testimonium
716 2260 770 2303 de
793 2268 866 2302 tua
890 2258 1137 2303 innocentia
1154 2293 1165 2312 ‚
1190 2257 1291 2316 quia
1314 2271 1402 2300 non
1423 2257 1548 2300 estin
1570 2265 1614 2300 te

228 2332 317 2375 ulla
337 2331 502 2375 malitia
531 2350 540 2375 ε
571 2339 614 2374 et
635 2330 664 2374 ii
695 2330 769 2389 qui
794 2337 836 2372 te
866 2328 1022 2372 volunt
1045 2329 1320 2371 innocentem
1338 2325 1503 2380 occidi,
1528 2326 1612 2370 hoc

228 2402 285 2445 eis
303 2403 528 2459 proveniat
546 2437 557 2456 ‚
582 2410 631 2446 ut
653 2416 751 2445 suos
772 2399 973 2460 parvulos
995 2399 1049 2442 ab
1073 2399 1129 2442 eis
1151 2397 1279 2442 facias
1299 2397 1500 2456 separari.
1525 2399 1615 2440 Lu-

224 2471 357 2529 geatis
374 2469 488 2526 licet,
513 2471 671 2526 Judaei,
694 2480 825 2530 atque
846 2468 1059 2527 plangatis
1082 2467 1193 2512 filios
1218 2476 1383 2511 vestros
1398 2502 1408 2521 ,
1436 2482 1525 2510 non
1547 2465 1609 2510 illi

272 2556 286 2572 ¹
303 2557 393 2586 Joan.
412 2566 436 2595 1,
463 2566 513 2587 ιο.
