1729 3143
0 278 14 306 Π

0 768 16 797 Γ’
1 699 18 726 “1‘’
0 487 19 658 ffi'b’t.)
0 421 17 449 ΕΞ
0 360 14 374 ’-

0 1347 13 1363 ⁴¹
0 1264 12 1292 Ε
0 1193 13 1221 ΕΞ
0 1122 15 1151 G?
0 1051 16 1079 Τ
0 980 15 1008 15

324 281 405 307 LIB.
441 281 471 307 1.
507 281 561 308 DE
593 281 779 308 MORIBUS
816 279 1015 308 ECCLESIAE
1045 275 1302 307 CATHOLICAE.
1426 268 1508 306 517

187 344 414 388 XXXVII.
441 344 660 390 Illecebrae
676 355 821 389 autem
839 345 1029 404 corporis
1047 345 1139 388 sitae
1160 353 1262 388 sunt
1276 343 1323 387 in
1337 343 1404 388 his
1420 358 1509 388 om-

128 413 276 468 nibus,
302 430 402 474 quae
434 431 665 474 corporeus
694 430 842 459 sensus
880 416 1077 474 attingit,
1102 431 1201 474 quae
1230 431 1254 459 a
1288 413 1510 459 nonnullis

51 528 55 554 Ι,
95 484 102 487 ”
126 484 254 527 etiam
276 485 488 530 sensibilia
511 486 793 530 nominantur
822 504 831 530 :
857 486 901 529 in
923 486 1083 545 quibus
1112 486 1298 530 maxime
1327 485 1402 529 lux
1431 485 1511 529 ista

127 553 313 611 vulgaris
334 555 523 610 excellit,
549 557 649 616 quia
670 565 712 600 et
732 556 778 600 in
800 556 902 614 ipsis
924 556 1119 600 sensibus
1142 556 1298 600 nostris
1314 590 1325 611 ,
1351 555 1512 616 quibus

127 624 269 668 anima
291 640 367 683 per
391 639 547 684 corpus
567 625 728 680 utitur,
760 625 870 669 nihil
903 635 967 670 est
990 625 1126 670 oculis
1147 626 1474 685 praeferendum
1498 644 1508 670 2

125 703 170 738 et
190 693 289 738 ideo
310 695 355 738 in
375 696 605 754 Scripturis
630 696 786 740 sanctis
802 731 812 750 ,
838 696 1073 740 visibilium
1096 697 1271 741 nomine
1296 695 1512 741 sensibilia

125 774 282 809 cuncta
299 766 611 824 significantur.
638 769 790 827 Itaque
807 768 853 811 in
870 769 992 812 Novo
1012 769 1286 810 Testamento
1305 767 1364 808 sic
1383 766 1438 809 ab
1457 766 1510 808 is-

125 843 268 879 torum
304 850 449 879 amore
482 837 795 894 prohibemur:
827 838 962 876 «Nou
995 834 1298 890 respicientes,
1336 833 1509 892 inquit,

125 923 145 946 »
170 920 269 963 quae
289 904 517 956 videntur,
543 901 618 946 sed
637 917 735 961 quae
759 916 849 946 non
866 901 1085 945 videntur.
1105 904 1213 955 Quae
1232 903 1347 946 enirn
1362 904 1513 947 viden-

125 991 146 1014 »
171 982 258 1027 tur,
274 972 527 1031 temporalia
541 981 640 1015 sunt
655 991 662 1017 z
679 987 778 1032 quae
790 981 935 1016 autem
949 987 1037 1016 non
1045 971 1266 1027 videntur,
1282 976 1477 1017 aeterna¹.
1489 992 1508 1014 »

123 1045 189 1086 Ex
211 1058 300 1102 quo
318 1041 501 1099 intelligi
521 1051 683 1100 potest,
706 1057 839 1102 quam
858 1042 1090 1086 Christiani
1108 1058 1197 1086 non
1215 1042 1324 1086 sint²
1345 1044 1421 1102 qui
1443 1058 1513 1087 so-

122 1113 207 1157 lem
233 1123 275 1157 et
296 1113 446 1156 lunam
477 1128 566 1156 non
588 1112 719 1157 modo
749 1111 993 1171 diligendos
1014 1147 1024 1167 ‚
1055 1112 1130 1156 sed
1153 1112 1283 1156 etiam
1306 1112 1512 1157 colendos

124 1191 298 1243 putant.
326 1182 438 1235 Quid
463 1182 578 1225 enirn
601 1181 822 1237 videmus,
849 1183 880 1226 si
900 1181 1033 1226 solem
1056 1191 1098 1226 et
1119 1183 1269 1226 lunam
1286 1198 1374 1227 non
1388 1183 1512 1228 vide-

124 1254 249 1297 mus?
272 1253 407 1297 Vetiti
435 1262 577 1297 autem
602 1268 750 1296 sumus
772 1253 966 1297 converti
994 1253 1049 1296 ad
1080 1268 1128 1296 ea
1159 1268 1256 1313 quae
1288 1253 1507 1298 videntur.

123 1326 222 1368 Non
244 1333 346 1367 sunt
366 1323 496 1381 igitur
513 1323 642 1367 etiam
660 1324 738 1367 ista
760 1322 979 1381 diligenda
999 1323 1038 1366 ei
1053 1358 1064 1377 ,
1085 1323 1160 1382 qui
1178 1338 1370 1367 amorem
1387 1322 1513 1367 illum

123 1394 427 1452 incorruptum
466 1396 555 1437 Deo
587 1394 753 1450 cogitat<
783 1392 999 1436 exhibere.
1041 1392 1124 1437 Sed
1146 1393 1225 1437 erit
1265 1392 1372 1436 mihi
1405 1393 1514 1437 alius

125 1463 244 1508 locus
261 1499 272 1519 ‚
312 1479 399 1524 quo
437 1463 491 1507 de
537 1464 627 1507 istis
666 1462 915 1521 diligentius
956 1463 1214 1522 requiretur.
1260 1464 1357 1507 Non
1397 1464 1513 1508 enim

125 1550 242 1578 nunc
265 1533 318 1578 de
341 1533 448 1588 fide,
480 1533 554 1578 sed
577 1534 631 1577 de
653 1534 738 1577 vita
760 1531 904 1577 dicere
931 1532 1128 1589 institui,
1152 1547 1230 1592 per
1259 1548 1390 1593 quam
1421 1548 1514 1577 me-

125 1619 271 1649 remur
303 1604 410 1648 scire
439 1602 559 1664 quod
581 1602 812 1648 credimus.
838 1602 1064 1648 Amandus
1086 1603 1216 1661 igitur
1250 1603 1364 1648 solus
1401 1607 1514 1649 Deus

125 1683 189 1718 est
217 1694 225 1718 ε
262 1674 401 1719 omnis
438 1689 537 1718 vero
564 1674 642 1718 iste
670 1672 886 1728 mundus,
924 1673 969 1717 id
1001 1683 1089 1729 est,
1122 1674 1267 1718 omnia
1298 1673 1514 1719 sensibilia

125 1744 445 1788 contemnenda
472 1763 482 1789 ;
504 1742 717 1788 utendum
741 1753 886 1789 autem
906 1744 971 1788 his
999 1743 1054 1789 ad
1082 1744 1211 1803 hujus
1240 1745 1341 1789 vitae
1362 1759 1513 1789 neces-

125 1814 310 1858 sitatem.

186 1885 435 1928 XXXVIII.
463 1883 608 1928 Gloria
619 1899 722 1929 vero
736 1883 954 1943 popularis
966 1884 1083 1928 sicin
1094 1885 1218 1929 Novo
1235 1884 1510 1928 Testamento

126 1955 327 2015 abjicitur
344 1964 476 2013 atque
493 1954 788 1999 contemnitur
807 1973 815 1999 :
842 1973 862 1996 «
882 1955 923 1999 Si
946 1954 1211 2009 hominibus,
1237 1954 1394 2014 inquit,
1415 1954 1511 2013 pla—

128 2046 148 2069 »
175 2042 270 2071 cere
292 2025 471 2080 vellem,
496 2026 655 2070 Christi
677 2041 823 2070 servus
845 2041 934 2070 non
952 2040 1086 2070 essem
1104 2026 1135 2068 ³.
1161 2028 1238 2069 Est
1265 2025 1370 2069 item
1391 2023 1511 2069 aliud

125 2097 246 2157 quod
264 2095 318 2139 de
341 2096 596 2154 corporibus
624 2111 701 2155 per
722 2096 1051 2155 imaginationes
1078 2094 1287 2155 quasdam
1320 2095 1512 2154 concipit

127 2167 285 2221 anima,
311 2175 353 2210 et
374 2182 469 2210 eam
496 2177 622 2211 vocat
644 2181 789 2210 rerum
812 2166 1051 2210 scientiam.
1079 2165 1374 2219 Quamobrem
1397 2175 1512 2211 recte

128 2238 258 2282 etiam
280 2238 437 2283 curiosi
460 2253 550 2282 esse
566 2237 851 2297 prohibemur
867 2271 878 2291 ‚
905 2236 1025 2297 quod
1039 2252 1246 2296 magnum
1264 2246 1511 2296 temperan—

128 2310 199 2353 tiae
221 2324 380 2352 munus
399 2319 477 2368 est.
505 2309 615 2352 Hinc
637 2307 747 2352 illud
770 2317 834 2352 est
852 2327 860 2352 :
891 2326 910 2349 «
931 2309 1090 2353 Cavete
1109 2323 1163 2351 ne
1176 2307 1270 2367 quis
1288 2322 1362 2352 vos
1378 2308 1510 2351 sedu-

132 2398 151 2420 »
174 2388 242 2422 cat
274 2393 350 2437 per
385 2378 747 2438 philosophiam4.
770 2397 788 2419 »
830 2380 889 2421 Et
920 2379 1021 2438 quia
1053 2378 1193 2437 ipsum
1227 2392 1387 2421 nomen
1420 2377 1513 2436 phi-

128 2447 335 2507 losophiae
371 2450 403 2492 si
440 2448 737 2493 consideretur
758 2483 768 2502 ‚
810 2463 899 2492 rem
925 2463 1128 2507 magnam
1155 2455 1336 2506 totoque
1366 2447 1510 2491 animo

130 2517 418 2578 appetendam
434 2519 661 2578 significat,
681 2519 714 2563 si
731 2517 908 2578 quidem
925 2516 1196 2577 philosophia
1213 2525 1275 2561 est
1289 2531 1409 2561 amor
1424 2526 1510 2561 stu-

177 2608 188 2624 1
210 2609 229 2633 2
250 2604 323 2634 Cor.
343 2613 387 2643 iv,
409 2602 459 2635 18.
475 2619 515 2627 —
532 2609 546 2625 2
565 2601 799 2635 Manichaei.—
816 2598 829 2624 3
850 2598 917 2632 Gal.
936 2610 959 2641 1,
979 2609 1030 2632 ιο.
1047 2598 1115 2629 -4
1136 2598 1255 2632 coloss.
1272 2611 1312 2641 11,
1329 2601 1362 2632 8.
