1729 3143
233 235 313 272 392
664 241 694 266 s.
732 240 961 267 AUGUSTINI
992 241 1171 268 muscom

229 309 558 369 improbantur,
595 315 639 350 et
665 305 917 363 corrigenda
933 305 1213 365 judicantur,
1238 306 1348 351 sicut
1374 307 1420 350 in
1454 307 1612 353 divinis
1668 295 1670 350 ἶ

230 377 558 425 auctoritatibus
579 375 765 436 legimus
783 397 794 435 3
819 377 876 421 ait
900 377 1015 421 enim
1033 377 1266 437 Apostolus
1288 397 1297 422 :
1325 396 1345 420 «
1367 377 1614 423 Misericor·
1668 369 1671 384 ²

233 470 253 492 »
280 450 395 492 diam
414 456 674 492 consecutus
691 463 786 492 sum
803 483 814 503 ,
839 449 941 508 quia
962 449 1162 506 ignorans
1182 447 1318 506 feci⁸3
1339 466 1360 490 »
1383 448 1442 493 ait
1455 458 1498 493 et
1513 453 1617 494 Pro-

228 520 359 578 pheta
381 537 391 561 :
420 536 442 560 α
467 517 630 561 Delicta
647 519 890 578 juventutis
916 527 959 563 et
981 519 1237 578 ignorantiae
1259 534 1368 563 meae
1390 535 1445 563 ne
1461 519 1619 563 memi-
1670 522 1672 525 ’

229 607 250 629 »
282 588 441 632 neris2.
471 606 491 628 »
520 590 631 632 Sunt
653 588 784 633 etiam
803 590 1058 633 necessitate
1081 588 1193 634 sacta
1212 588 1517 649 improbanda,
1542 589 1623 633 ubi-

226 656 323 701 vult
344 657 478 702 homo
507 667 622 702 recte
657 657 826 712 facere,
851 668 896 703 et
930 675 1020 703 non
1050 668 1194 719 potest
1221 678 1229 704 ε
1256 675 1358 703 nam
1380 659 1499 703 unde
1521 668 1622 703 sunt
1659 672 1676 698 ¹·

226 727 313 772 illae
335 744 461 773 voces
481 747 490 774 ε
516 747 537 772 ι(
556 731 655 775 Non
672 730 789 773 enim
807 729 930 790 quod
946 729 1048 775 volo
1065 729 1177 775 facio
1193 731 1359 775 bonum
1376 765 1386 785 ,
1410 729 1485 775 sed
1501 729 1623 790 quod

228 817 249 840 »
274 798 377 843 nolo
392 798 557 843 malum
572 834 583 855 ,
603 800 687 844 hoc
705 814 787 858 ago
804 800 836 843 3.
858 818 879 841 »
904 802 961 845 Et
980 799 1108 856 illud,
1133 820 1152 843 «
1174 800 1297 844 Velle
1314 801 1479 860 adjacet
1495 800 1619 854 mihi,
1674 820 1676 822 ·

229 887 250 911 »
275 870 484 929 perficere
498 879 646 915 autem
664 870 833 915 bonum
846 886 937 915 non
953 871 1126 915 invenio
1141 872 1174 915 4.
1193 889 1214 912 »
1234 873 1292 915 Et
1308 870 1420 915 illud
1437 906 1448 927 ,
1473 889 1493 913 «
1510 872 1624 916 Caro
1675 899 1677 901 ·

229 959 251 983 »
277 940 546 998 concupiscit
575 941 778 982 adversus
800 941 1023 998 spiritum,
1049 941 1221 999 spiritus
1246 951 1394 986 autem
1420 941 1625 986 adversus

232 1030 250 1052 »
277 1025 451 1055 carnem
477 1031 488 1066 3
524 1010 618 1052 haec
653 1010 769 1053 enim
799 1010 989 1054 invicem
1025 1010 1312 1055 adversantur
1333 1046 1344 1066 ,
1380 1019 1431 1055 ut
1458 1026 1547 1055 non
1576 1027 1624 1057 ea
1676 1050 1679 1060 .

229 1099 251 1122 »
278 1096 378 1139 quae
400 1078 531 1123 vultis
552 1077 717 1123 faciatis
732 1081 764 1122 ⁵.
791 1097 813 1121 »
842 1079 927 1125 Sed
949 1081 1044 1125 haec
1068 1082 1215 1125 omnia
1237 1081 1466 1126 hominurn
1490 1091 1593 1127 sunt
1608 1117 1620 1138 ,
1677 1087 1680 1111 ¹
1728 1085 1729 1088 ’

228 1167 279 1195 ex
310 1151 380 1195 illa
415 1151 565 1195 mortis
599 1150 880 1196 damnatione
913 1152 1183 1196 venientium
1209 1171 1218 1196 z
1245 1167 1345 1195 nam
1368 1152 1402 1195 si
1437 1167 1527 1196 non
1562 1162 1626 1198 est

228 1223 307 1267 ista
333 1237 466 1281 poena
488 1222 676 1267 hominis
697 1257 708 1277 ,
745 1222 819 1266 sed
841 1231 996 1266 natura
1013 1256 1024 1276 ‚
1050 1221 1171 1266 nulla
1201 1222 1281 1266 ista
1304 1231 1481 1281 peccata
1504 1233 1620 1269 sunt.

233 1293 276 1339 Si
299 1293 415 1335 enim
437 1308 526 1337 non
547 1292 766 1336 receditur
791 1291 846 1335 ab
869 1305 921 1336 eo
945 1290 1078 1336 modo
1100 1307 1189 1351 quo
1211 1292 1468 1337 naturaliter
1486 1292 1624 1338 factus

230 1371 320 1417 est,
349 1363 407 1406 ita
430 1372 482 1406 ut
503 1362 658 1407 melius
680 1378 769 1406 esse
797 1378 887 1406 non
909 1362 1073 1421 possit,
1106 1377 1155 1406 ea
1178 1378 1278 1422 quae
1302 1363 1434 1408 debet
1451 1399 1461 1419 ,
1490 1363 1593 1409 facit
1611 1400 1622 1420 ,

231 1448 332 1477 cum
349 1433 442 1476 haec
461 1431 579 1476 facit.
604 1432 648 1492 Si
667 1440 812 1476 autem
830 1433 971 1476 bonus
984 1432 1118 1477 homo
1137 1440 1246 1476 esset
1261 1467 1273 1488 ,
1296 1433 1331 1477 si
1349 1432 1472 1478 aliter
1489 1443 1621 1493 esset,

232 1519 351 1548 nunc
390 1513 537 1548 autem
570 1504 672 1563 quia
708 1503 769 1547 ita
806 1512 896 1558 est,
921 1518 1011 1548 non
1033 1512 1097 1548 est
1118 1504 1286 1559 bonus,
1313 1519 1392 1547 nec
1414 1504 1548 1549 habet
1578 1506 1625 1549 in

231 1582 446 1633 potestate
480 1582 530 1617 ut
561 1573 701 1617 bonus
733 1573 787 1617 sit
802 1608 813 1628 ,
838 1574 925 1617 sive
948 1587 1039 1617 non
1060 1572 1251 1618 videndo
1273 1574 1414 1634 qualis
1436 1589 1525 1618 esse
1544 1573 1624 1618 de-

234 1645 361 1698 beat,
388 1645 476 1688 sive
502 1643 694 1688 videndo
715 1652 759 1687 et
788 1659 880 1688 non
901 1641 1089 1687 valendo
1119 1658 1208 1687 esse
1226 1678 1238 1698 ,
1268 1641 1444 1703 qualem
1466 1643 1626 1688 debere

235 1729 324 1758 esse
342 1729 386 1758 se
405 1713 550 1772 videt,
572 1728 750 1773 poenam
773 1713 899 1757 istam
917 1728 1006 1757 esse
1029 1714 1125 1774 quis
1146 1713 1356 1759 dubitet?
1377 1714 1527 1758 Omnis
1549 1730 1626 1758 au-

235 1793 324 1828 tem
352 1799 484 1842 poena
507 1784 541 1827 si
561 1784 677 1843 justa
701 1792 791 1837 est,
820 1784 987 1842 peccati
1009 1799 1142 1842 poena
1164 1793 1253 1838 est,
1287 1794 1330 1828 et
1364 1784 1627 1843 supplicium

237 1853 488 1898 nominatur
507 1872 516 1897 :
537 1854 571 1897 si
590 1861 734 1897 autem
762 1852 920 1912 injusta
949 1863 1014 1897 est
1036 1868 1166 1912 poena
1181 1889 1192 1909 ,
1218 1854 1425 1913 quoniam
1447 1869 1628 1914 poenam

238 1939 328 1968 esse
346 1938 475 1967 nemo
493 1923 699 1982 ambigit,
725 1923 885 1982 injusto
903 1922 1051 1983 aliquo
1075 1923 1328 1967 dominante
1352 1924 1519 1968 homini
1546 1925 1629 1968 im-

238 1993 378 2053 posita
399 2002 476 2038 est.
502 1996 636 2038 Porro
663 1993 764 2053 quia
789 1992 844 2036 de
866 1993 1181 2052 omnipotentia
1205 1993 1283 2037 Dei
1304 2001 1346 2037 et
1361 1993 1526 2053 justitia
1545 1993 1629 2038 du-

240 2065 378 2109 bitare
405 2064 618 2108 dementis
641 2073 731 2119 est,
751 2065 868 2124 justa
890 2064 984 2108 haec
1007 2079 1138 2123 poena
1161 2072 1249 2118 est,
1272 2073 1315 2108 et
1344 2079 1424 2124 pro
1450 2073 1629 2124 peccato

243 2134 390 2196 aliquo
419 2136 640 2195 penditur.
665 2137 763 2180 Non
785 2135 900 2178 enim
922 2133 1153 2194 quisquam
1176 2134 1360 2193 injustus
1382 2135 1630 2180 dominator
1686 2131 1690 2153 ⁴·

243 2215 318 2250 aut
341 2206 563 2266 subripere
583 2206 804 2250 hominem
828 2205 972 2265 potuit
988 2240 999 2260 ,
1023 2205 1144 2250 velut
1166 2205 1384 2264 ignoranti
1407 2208 1495 2250 Deo
1517 2225 1526 2250 :
1554 2215 1630 2251 aut

245 2285 503 2337 extorquere
522 2277 659 2321 invito
674 2311 685 2332 ,
712 2286 920 2336 tanquam
941 2274 1186 2320 invalidiori
1203 2310 1215 2331 ,
1244 2275 1314 2320 vel
1335 2275 1539 2320 terrendo
1559 2276 1629 2322 vel

245 2348 537 2406 confligendo,
549 2357 599 2391 ut
611 2348 831 2392 hominem
841 2348 1000 2408 injusta
1012 2362 1141 2406 poena
1156 2347 1383 2391 cruciaret.
1404 2346 1629 2405 Relinqui-

249 2425 319 2460 tur
333 2432 436 2475 ergo
447 2453 458 2473 ,
473 2426 521 2462 ut
532 2418 626 2462 haec
636 2419 750 2478 justa
764 2433 894 2477 poena
909 2418 964 2462 de
978 2416 1255 2462 damnatione
1264 2417 1452 2462 hominis
1463 2416 1623 2461 veniat.

295 2506 306 2527 ¹
334 2517 345 2536 1
367 2507 448 2538 Tim.
465 2518 488 2547 1,
519 2507 570 2540 13.
598 2524 637 2533 ,-
654 2514 667 2530 ²
686 2505 1214 2549 Psal.xx1v,7.——³Bom.v1i,
1246 2519 1297 2549 ¹9-
1317 2525 1357 2531 -
1380 2505 1396 2536 4
1413 2506 1492 2538 lbid.
1515 2507 1566 2537 18.
1588 2522 1626 2529 --

252 2557 266 2581 ⁵
285 2560 350 2591 Gal.
373 2572 406 2600 v,
429 2572 478 2603 ¹7-

1689 2322 1693 2464 ἓ

1690 2496 1694 2514 ι’

1690 2520 1693 2538 l
