1729 3143
216 207 298 246 332
639 217 671 247 s.
711 219 940 249 AUGUSTL'NI'
973 220 1148 252 ssrtscorx

226 274 236 301 χ
269 286 431 328 XXXI.
470 284 553 329 Sed
575 285 676 344 quia
698 285 818 331 dedit
845 302 1048 335 numeros
1077 291 1277 334 omnibus
1302 292 1430 337 rebus
1461 294 1590 337 etiam

211 355 365 397 infimis
382 389 391 407 ,
418 363 460 397 et
487 356 530 397 in
553 355 639 399 fine
661 370 803 400 rerum
826 357 975 404 locatis
990 395 1001 415 ‚
1027 369 1071 405 et
1091 376 1271 421 corpora
1299 362 1416 406 enim
1447 364 1592 407 onmia

209 424 403 483 quamvis
423 424 467 466 in
489 425 617 469 rebus
639 436 829 472 extrema
847 430 957 484 sint,
979 430 1142 476 habent
1159 447 1363 478 numeros
1381 448 1506 477 suos:
1531 449 1596 477 sa-

208 507 308 551 pere
330 502 474 555 autem
498 509 587 538 non
609 496 727 541 dedit
745 500 1012 556 corporibus,
1036 517 1179 561 neque
1195 502 1347 546 animis
1366 502 1590 556 omnibus,

205 561 277 604 sed
304 571 468 607 tantum
494 566 776 612 rationalibus
793 603 803 623 ,
831 578 1038 631 tanquam
1062 571 1107 614 in
1131 572 1190 614 eis
1206 572 1289 615 sibi
1310 571 1458 616 sedem
1475 570 1595 616 loca-

204 632 331 686 verit,
356 633 411 677 de
443 651 527 694 qua
555 637 755 696 disponat
785 641 930 684 omnia
964 641 1036 684 illa
1067 642 1196 686 etiam
1233 643 1405 699 infima,
1431 641 1593 702 quibus

204 717 406 747 numeros
428 704 547 750 dedit
574 726 581 751 :
608 707 754 768 itaque
783 710 989 768 quoniam
1012 712 1066 754 de
1088 713 1343 771 corporibus
1367 712 1497 757 facile
1512 712 1595 772 ju:-

202 771 410 829 dicamus,
438 785 644 837 tauquam
666 779 720 822 de
737 780 865 824 rebus
889 782 986 839 quae
1005 781 1117 826 infra
1140 798 1217 826 nos
1234 784 1445 827 ordinatae
1467 792 1595 839 sunt,=

202 843 360 902 quibus
382 845 608 905 impressos
628 865 829 893 numeros
848 850 960 894 infra
984 867 1060 895 nos
1076 867 1165 895 esse
1183 854 1426 909 cernimus,
1450 863 1493 897 et
1515 869 1591 897 eos

201 925 427 973 propterea
451 917 574 962 vilius
598 920 821 964 habemus.
852 923 936 965 Sed
965 937 1064 965 cum
1095 923 1353 979 coeperimus
1378 933 1589 982 tanquam

200 999 367 1027 sursum
410 1000 556 1029 versus
589 1001 808 1030 recurrere
825 1023 835 1042 ,
875 1004 1118 1033 invenimus
1147 1005 1219 1033 eos
1255 1000 1382 1033 etiam
1424 1000 1593 1035 nostras

199 1064 364 1098 mentes
389 1056 690 1100 transcendere
706 1092 716 1110 ,
754 1066 885 1117 atque
915 1059 1294 1103 incommutabiles
1316 1060 1362 1103 in
1384 1061 1474 1118 ipsa
1494 1075 1590 1104 ma-

198 1139 300 1167 nere
323 1126 516 1169 veritate.
553 1129 609 1170 Et
642 1128 742 1186 quia
774 1143 921 1186 sapere
955 1130 1079 1187 pauci
1113 1139 1320 1187 possunt,
1360 1144 1590 1173 numerare

199 1203 341 1237 autem
361 1195 488 1238 etiam
507 1195 648 1239 stultis
673 1213 924 1242 concessum
947 1208 1038 1254 est,
1064 1199 1277 1240 mirantur
1305 1199 1501 1242 homines
1519 1213 1589 1242 sa-

196 1264 402 1323 pientiam
419 1299 429 1318 ,
456 1280 746 1326 numerosque
767 1276 1069 1311 contemnunt.
1105 1267 1225 1309 Docti
1252 1274 1395 1309 autem
1429 1276 1471 1310 et
1495 1276 1588 1310 stu-

197 1333 325 1388 diosi,
349 1344 514 1394 quanto
537 1337 786 1379 remotiores
809 1344 910 1379 sunt
932 1351 955 1378 a
977 1334 1075 1378 labe
1098 1343 1283 1389 terrena,
1310 1344 1434 1379 tanto
1452 1337 1586 1394 magis

193 1413 235 1447 et
257 1419 490 1448 numerum
512 1414 554 1447 et
576 1405 830 1462 sapientiam
854 1405 898 1447 in
917 1404 1006 1464 ipsa
1031 1405 1210 1448 veritate
1229 1414 1514 1460 contuentur,
1541 1414 1588 1449 et

194 1482 430 1532 utrumque
452 1475 632 1517 charum
655 1474 820 1520 habent
843 1494 851 1518 ι
878 1485 921 1518 et
941 1475 986 1517 in
1010 1475 1100 1534 ejus
1132 1476 1324 1519 veritatis
1355 1491 1587 1533 compara-

194 1543 310 1587 tione
332 1559 418 1588 non
443 1545 501 1587 cis
525 1560 679 1587 aurum
702 1553 744 1588 et
776 1554 1032 1603 argentum,
1068 1554 1110 1588 et
1147 1554 1301 1589 caetera
1331 1545 1387 1590 de
1419 1545 1585 1607 quibus

193 1614 389 1657 homines
411 1614 645 1668 dimicant,
670 1614 745 1658 sed
765 1615 845 1674 ipsi
867 1616 997 1659 etiam
1020 1614 1234 1660 vilescunt
1256 1617 1351 1660 sibi.

250 1685 438 1728 XXXII.
474 1686 562 1729 Nec
578 1683 744 1727 mireris
763 1700 966 1728 numeros
984 1685 1082 1729 ideo
1106 1685 1279 1729 viluisse
1302 1686 1584 1738 hominibus,

193 1763 235 1797 ct
267 1754 440 1797 charam
472 1769 561 1797 esse
589 1754 840 1813 sapientiam
862 1790 872 1808 ,
897 1755 997 1813 quia
1022 1753 1189 1799 facilius
1213 1765 1394 1814 possunt
1421 1771 1580 1798 nume-

193 1839 285 1868 rare
309 1841 438 1884 quam
462 1840 634 1883 sapere,
661 1840 760 1868 cum
784 1825 927 1868 videas
949 1826 1119 1869 charius
1137 1824 1233 1868 illos
1246 1825 1406 1868 habere
1425 1841 1582 1869 aurum

192 1911 325 1954 quarn
347 1894 497 1938 lumen
518 1894 736 1949 lucernae,
775 1895 845 1938 eui
878 1904 1177 1953 comparatum
1209 1910 1361 1937 aurum
1395 1894 1576 1939 ridetur.

194 1963 277 2008 Sed
302 1965 541 2008 honoratur
563 1964 747 2023 amplius
770 1979 834 2007 res
855 1964 986 2022 longe
1008 1961 1209 2017 inferior,
1235 1964 1337 2022 quia
1355 1963 1579 2007 lucernam

192 2033 274 2076 sibi
310 2043 352 2077 et
384 2033 607 2078 mendicus
645 2034 867 2089 accendit,
903 2049 1057 2077 aurum
1090 2049 1193 2077 vero
1227 2034 1354 2093 pauci
1375 2034 1574 2078 habent:

191 2121 443 2166 quanquam
466 2105 673 2164 sapientia
697 2105 807 2148 absit
830 2114 878 2148 ut
899 2105 944 2147 in
965 2104 1289 2162 comparatione
1312 2103 1482 2146 numeri
1505 2103 1577 2145 in-

194 2177 391 2221 veniatur
415 2176 592 2220 inferior
608 2212 618 2231 ,
644 2191 744 2219 cum
766 2177 917 2219 eadem
941 2175 994 2218 sit
1021 2194 1028 2219 :
1054 2174 1128 2217 sed
1151 2173 1327 2217 oculum
1351 2188 1440 2232 quo
1460 2173 1578 2216 cerni

194 2248 346 2304 possit,
373 2248 567 2307 inquirit.
597 2246 682 2291 Sed
707 2243 1075 2306 quemadmodum
1096 2244 1140 2287 in
1162 2259 1251 2288 uno
1272 2244 1369 2300 igne
1387 2243 1579 2287 consub-

196 2317 420 2373 stantialis,
440 2329 489 2362 ut
510 2319 567 2361 ita
589 2317 747 2370 dicam,
769 2316 952 2359 sentitur
977 2313 1122 2372 fulgor
1138 2322 1181 2357 et
1201 2312 1331 2367 calor,
1351 2328 1431 2358 nec
1454 2327 1578 2372 sepa-

198 2388 280 2430 rari
298 2390 350 2432 ab
370 2389 553 2432 invicem
572 2396 751 2447 possunt
770 2408 781 2444 3
807 2395 951 2430 tamen
967 2385 1020 2429 ad
1040 2400 1088 2428 ea
1108 2383 1225 2428 calor
1239 2384 1430 2443 pel'V0'“⁵⁸

198 2472 332 2516 prope
356 2458 670 2513 admoventur,
707 2457 850 2515 fulgor
877 2471 979 2500 vero
1008 2455 1131 2498 etiaw
1167 2454 1175 2466 '
1373 2503 1459 2528 “m
1502 2451 1605 2540 quae'

200 2527 462 2572 diss‘unditur
483 2549 492 2573 z
516 2529 574 2573 sic
595 2527 892 2585 intelligentise
916 2543 920 2545 ·
1108 2573 1160 2588 ...ι
1188 2526 1357 2609 longius
1387 2516 1603 2610 latiusque

816 2652 844 2658 ω
866 2630 912 2645 „s
929 2612 1124 2677 potentia
1140 2649 1151 2670 ,
1172 2622 1603 2693 quaeinestffitpissn‘

1696 2441 1703 2649 ἰ

1698 2680 1704 2851 s
