1729 3143
54 295 147 337 LX.

50 364 168 406 LXI.

50 434 191 477 LXII.

50 505 215 547 LXIII.

49 575 208 618 LXIV.

48 645 183 687 LXV.

47 714 206 757 LXVI.

48 785 230 826 LXVII.

0 858 1 874 ¹
47 854 251 897 LXVIII.

47 924 207 967 LXIX.

46 995 184 1037 LXX.

46 1065 207 1107 LXXI.

0 1145 1 1178 i
46 1135 229 1176 LXXII.

45 1203 249 1245 LXXIII.

4 1194 10 1321 l
44 1270 247 1311 mv.

7 1325 223 1403 [ιΧΧν.

47 1409 249 1452 LXXVL

11 1479 269 1522 ‘Lxxvn.

49 1549 296 1592 Lxxvni.

50 1688 252 1732 LXXIX.

49 1829 228 1872 LXXX.

47 1969 248 2010 LXXXI.

47 2038 273 2080 LXXXII.

47 2109 298 2151 LXXXIII.

47 2178 290 2220 LXXXIV.

48 2248 267 2290 LXXXV.

46 2318 288 2360 LXXXVI.

47 2387 313 2429 LXXXVII.

569 222 625 249 niz
655 219 904 251 HAERESIBUS.
1347 209 1432 245 217

380 287 666 334 Proclianitae.

377 357 622 404 Patriciani.

374 431 547 475 Ascitae.

377 497 778 557 Passalorynchitae.

375 570 570 632 Aquarii.

375 639 646 687 Coluthiani.

373 710 629 754 Floriniani.

373 784 437 825 De
457 779 612 824 mundi
637 788 755 825 statu
774 778 1091 824 dissentientes.

370 852 508 898 Nudis
530 850 717 911 pedibus
739 849 1032 896 ambulantes.

372 922 610 967 Donatistae
627 957 638 977 ‚
663 922 752 967 sive
774 921 1022 966 Donatiani.

372 992 720 1038 Priscillianistae.

371 1067 484 1110 Cum
505 1064 758 1110 hominibus
783 1079 874 1110 non
896 1063 1230 1109 manducantes.

367 1135 637 1178 Rhetoriani.

366 1204 526 1248 Christi
548 1203 821 1248 divinitatem
840 1194 1089 1254 passibilem
1112 1198 1324 1245 dicentes.

372 1273 634 1318 Triformem
653 1275 793 1315 Deum
812 1275 1029 1325 putantes.

377 1341 548 1398 Aquam
572 1341 664 1382 Deo
685 1347 948 1383 coaeternam
971 1336 1180 1381 dicentes.

375 1410 615 1467 Imaginem
634 1409 712 1452 Dei
730 1424 819 1453 non
838 1423 927 1452 esse
950 1408 1140 1452 animam
1161 1407 1369 1452 dicenteS.

378 1478 721 1522 Innumerabiles
744 1477 932 1522 mundos
953 1479 1196 1536 opinantes.

377 1548 553 1592 Animas
575 1549 772 1592 converti
788 1549 833 1592 in
851 1547 1072 1592 daemones
1089 1548 1195 1592 etin
1217 1562 1443 1607 quaecum-

432 1633 519 1677 que
542 1617 743 1661 animalia
766 1619 1073 1662 existimantes.

376 1688 697 1733 Liberationem
720 1690 918 1733 omnium
947 1688 1066 1747 apud
1094 1688 1255 1734 inferos
1284 1688 1442 1734 factam

432 1760 593 1805 Christi
615 1759 894 1804 descensione
917 1760 1158 1804 credentes.

374 1829 536 1874 Christi
562 1829 617 1873 de
646 1834 772 1875 Patre
793 1831 1012 1877 nativitati
1039 1831 1213 1876 initium
1235 1833 1443 1892 temporis

431 1898 599 1943 dantes.

374 1967 652 2013 Luciferiani.

374 2038 689 2083 Jovinianistae.

374 2109 565 2153 Arabici.

376 2176 639 2221 Helvidiani.

376 2246 621 2290 Paterniani
633 2282 644 2302 ‚
669 2248 758 2293 sive
777 2251 1050 2296 Venustiani.

376 2317 724 2363 Tertullianistae.

369 2386 600 2432 Abeloi'tae.

48 2457 337 2500 LXXXVIII.
374 2457 622 2517 Pelagiani‚
649 2460 725 2519 qui
747 2468 790 2504 et
812 2461 1080 2507 Coelestiani.

109 2528 144 2568 Ι.
178 2525 415 2571 Simoniani
432 2543 456 2572 a
473 2529 648 2575 Simone
667 2545 793 2588 mago
808 2566 820 2587 ,
841 2533 917 2591 qui
934 2533 1178 2593 baptizatus
1195 2551 1218 2582 a
1235 2536 1435 2598 Philippo
