1729 3143
0 595 23 1047 ffi‘÷55·¹÷‘5.¹3

0 1084 19 1117 il

0 1158 17 1187 tf

315 248 398 277 Lm.
432 248 464 276 1.
498 246 553 276 nn
581 247 766 275 norimus
796 245 996 274 noemam
1024 242 1279 274 cunonem.
1406 236 1490 277 539

117 341 138 365 »
172 337 228 366 ne
255 323 424 382 ponatis
455 320 770 367 offendiculum
801 320 923 365 fratri
947 320 1014 364 vel
1037 320 1304 365 scandalum.
1331 321 1428 367 Scio
1448 332 1492 368 et

117 411 137 436 »
172 394 347 438 confido
375 393 421 437 in
441 393 627 438 Domino
648 395 775 448 Jesu,
800 392 902 452 quia
931 391 1042 436 nihil
1063 407 1295 438 commune
1320 408 1398 453 per
1423 395 1491 454 ip-

116 481 137 506 »
171 478 285 519 sum,
310 464 392 508 nisi
408 464 447 508 ei
466 464 542 524 qui
558 463 770 508 existimat
784 461 893 523 quid
909 478 1140 508 commune
1159 478 1270 520 esse,
1293 463 1358 508 illi
1376 479 1491 510 com-

115 552 136 576 »
170 548 306 578 mune
326 535 433 578 est1.
462 551 482 576 »
511 535 741 579 Potuit-ne
763 533 898 592 magis
922 534 1146 578 ostendere
1162 569 1174 590 ‚
1204 549 1294 579 non
1313 536 1359 579 in
1392 536 1492 596 ipsis

111 604 245 649 rebus
265 604 426 665 quibus
447 604 675 661 vescimur,
699 603 838 648 sedin
858 604 1003 648 animo
1019 619 1108 649 esse
1128 604 1216 649 vim
1238 604 1488 665 quamdam,

110 690 211 735 quae
233 674 289 719 ad
311 690 412 720 eum
433 674 577 720 valeat
594 673 905 720 maculandum
924 694 937 733 3
963 682 1006 718 et
1025 683 1251 735 propterea
1270 676 1320 720 iis
1341 676 1487 733 etiam,

109 746 186 805 qui
217 744 273 789 ad
308 745 403 789 haec
437 745 758 790 contemnenda
790 753 892 789 sunt
926 743 1101 800 idonei,
1125 754 1331 806 certoque
1351 746 1492 792 sciunt

110 830 199 860 non
221 830 266 859 se
288 814 454 875 pollui,
478 816 513 860 si
534 815 642 876 quid
664 815 861 860 ciborum
884 815 974 859 sine
994 816 1111 876 turpi
1133 817 1371 877 cupiditate
1391 818 1492 862 alti-

111 883 263 930 tudine
292 885 450 929 mentis
483 882 791 942 assumpserint
811 918 822 939 ‚
847 884 1102 929 charitatem
1134 894 1280 930 tamen
1308 901 1397 932 esse
1424 888 1493 932 in-

108 955 352 999 tuendam?
373 954 484 997 Vide
518 952 626 1013 quid
658 963 863 1013 sequatur
888 973 896 998 :
926 973 946 997 «
970 957 1080 1000 Nam
1101 955 1135 999 si
1155 965 1332 1016 propter
1353 972 1493 1003 escam

110 1042 131 1066 »
158 1022 293 1068 frater
313 1031 416 1067 tuus
436 1023 716 1068 contristatur
732 1058 743 1080 ‚
765 1024 854 1084 jam
874 1039 963 1069 non
979 1024 1221 1070 secundum
1237 1026 1491 1072 charitatem

112 1112 134 1136 »
161 1092 377 1139 ambulas·
402 1113 422 1135 »

165 1165 349 1208 LXXII.
376 1165 492 1222 Lege
513 1171 670 1208 caetera
689 1197 701 1218 ‚
728 1178 829 1208 nam
851 1163 1031 1224 longum
1053 1173 1117 1210 est
1136 1166 1282 1211 omnia
1299 1167 1493 1227 interpo-

111 1249 213 1280 nere
230 1269 240 1289 ‚
271 1243 315 1279 et
336 1234 530 1279 invenies
553 1244 823 1295 praeceptum
856 1235 905 1280 iis
921 1270 932 1292 ‚
969 1238 1046 1296 qui
1070 1247 1251 1297 possunt
1277 1239 1354 1282 ista
1386 1253 1493 1283 con-

107 1313 300 1348 temnere
318 1335 330 1357 ,
355 1302 402 1346 id
423 1312 487 1346 est
501 1337 513 1358 ,
538 1304 801 1349 firmioribus
824 1313 866 1350 et
892 1307 1178 1352 securioribus
1192 1343 1203 1363 ‚
1227 1306 1324 1353 ideo
1345 1317 1491 1353 tamen

105 1388 195 1418 esse
224 1371 588 1431 temperandum,
628 1389 684 1417 ne
715 1374 998 1420 offendantur
1028 1377 1120 1432 illi,
1159 1378 1319 1438 quibus
1350 1378 1492 1423 adhuc

105 1459 185 1505 pro
210 1458 288 1488 sua
317 1442 617 1488 imbecillitate
644 1443 949 1504 hujuscemodi
970 1463 1079 1507 opus
1106 1457 1170 1492 est
1190 1449 1488 1508 temperantia.

108 1517 213 1561 Haec
243 1512 307 1557 illi
341 1512 396 1557 de
432 1513 592 1573 quibus
626 1513 806 1572 agebam
840 1523 1004 1559 norunt
1038 1523 1081 1558 et
1103 1522 1254 1559 tenent
1296 1534 1304 1560 ε
1343 1517 1492 1561 Chris-

107 1585 214 1631 tiani
251 1592 352 1629 sunt
386 1584 501 1628 enim
523 1619 534 1639 ‚
571 1599 659 1629 non
688 1584 882 1628 haeretici
913 1603 921 1629 :
959 1584 1210 1644 intelligunt
1252 1587 1493 1647 Scripturas

106 1655 349 1700 secundum
373 1653 652 1714 apostolicam
674 1654 945 1714 disciplinam
962 1690 973 1710 ,
1012 1670 1102 1700 non
1139 1656 1380 1700 secundum
1415 1672 1492 1702 su-

105 1727 294 1787 perbum
329 1735 372 1770 et
407 1725 754 1771 commentitium
785 1740 949 1769 nomen
970 1725 1180 1784 Apostoli.
1209 1745 1230 1769 «
1254 1729 1349 1773 Non
1374 1743 1491 1773 man-

108 1810 130 1838 »
155 1795 392 1841 ducantem
416 1809 546 1840 nemo
567 1795 758 1854 spernit,
783 1795 1120 1839 manducantem
1141 1809 1270 1840 nemo
1286 1796 1454 1856 judicat
1478 1817 1487 1842 :

107 1885 129 1908 »
144 1866 233 1925 *qui
265 1866 464 1909 infirmus
497 1874 560 1907 est
576 1897 587 1918 ‚
622 1864 718 1907 olus
742 1864 992 1909 manducat.
1016 1882 1036 1906 »
1061 1864 1190 1910 Multi
1210 1874 1357 1911 tamen
1379 1867 1491 1911 firmi

106 1945 284 1997 propter
305 1935 500 1979 infirmos
515 1932 647 1989 *idem
674 1933 842 1978 faciunt
863 1952 872 1979 :
897 1934 1044 1979 multis
1065 1951 1155 1980 non
1176 1945 1239 1980 est
1260 1952 1386 1981 causa
1412 1938 1490 1983 ista

106 2005 320 2061 faciendi,
356 2005 432 2050 sed
459 2005 580 2066 quod
601 2004 753 2050 viliore
780 2005 900 2050 victu
920 2006 1064 2050 vivere
1084 2006 1253 2066 placet,
1287 2007 1490 2052 minime-

105 2092 193 2138 que
208 2085 463 2136 sumptuoso
479 2076 670 2136 corporis
688 2075 1012 2121 substentaculo
1028 2085 1199 2121 aetatem
1220 2077 1489 2138 tranquillis-

106 2147 259 2192 simam
292 2146 467 2192 ducere.
510 2165 532 2189 «
557 2146 713 2191 Omnia
743 2146 858 2190 enim
886 2146 992 2191 mihi
1026 2146 1142 2191 licita
1168 2157 1297 2203 sunt,
1322 2148 1485 2209 inquit,

110 2235 130 2260 »
156 2216 232 2262 sed
259 2232 341 2277 ego
368 2232 459 2262 non
488 2217 659 2277 redigar
681 2217 763 2262 sub
785 2226 998 2277 potestate
1020 2217 1152 2263 ullius
1164 2219 1196 2262 ².
1225 2236 1246 2260 »
1273 2221 1338 2263 Ita
1359 2220 1487 2264 multi

104 2297 250 2349 neque
270 2297 505 2333 vescuntur
531 2288 735 2333 carnibus
755 2323 766 2343 ‚
806 2303 947 2348 neque
969 2297 1115 2334 tamen
1142 2304 1212 2334 eas
1240 2290 1486 2335 immundas

76 2368 78 2370 ’
104 2357 398 2418 superstitiose
429 2367 602 2418 putant.
637 2360 790 2419 Itaque
817 2357 946 2402 iidem
978 2358 1088 2418 ipsi,
1114 2359 1191 2420 qui
1212 2360 1302 2404 sani
1324 2369 1487 2420 tempe-

105 2437 232 2484 rant,
259 2427 293 2472 si
325 2428 433 2473 ratio
455 2427 715 2474 valetudinis
737 2437 861 2487 cogat
877 2463 889 2485 ‚
920 2429 1071 2488 aegroti
1092 2429 1183 2474 sine
1211 2429 1300 2474 ulla
1331 2428 1484 2476 formi-

104 2499 207 2543 dine
229 2499 461 2558 accipiunt.
494 2498 622 2545 Multi
654 2500 806 2545 vinum
836 2515 926 2546 non
952 2500 1111 2546 bibunt
1126 2535 1138 2557 ,
1161 2515 1243 2547 nec
1264 2510 1409 2547 tamen
1431 2516 1483 2547 eo

153 2589 163 2607 ¹
182 2585 275 2616 Rom.
296 2593 364 2627 nv,
382 2582 480 2625 2-14.
496 2600 537 2606 —
553 2590 565 2607 ²
588 2594 599 2615 1
625 2584 698 2616 Cor.
718 2594 766 2625 vr,
787 2592 837 2616 12.
