1729 3143
195 234 275 270 568
629 242 659 265 s.
699 243 924 267 Anousrnvl
959 243 1136 268 EPIScom

133 307 141 363 ἦ
195 328 213 350 »
250 309 348 352 cibo
372 316 446 349 tuo
470 304 648 364 perdere
671 304 795 349 illum
811 340 822 361 ‚
847 321 925 365 pro
948 321 1037 365 quo
1054 307 1249 351 Christus
1271 315 1468 350 mortuus
1489 316 1567 351 est.

142 382 144 385 ’
192 398 211 420 »
248 380 343 422 Non
367 391 470 433 ergo
493 365 819 434 blasphemetur
841 376 1006 420 bonum
1028 385 1241 420 nostrum.
1267 378 1365 421 Non
1388 385 1450 421 est
1473 391 1572 435 reg-

189 468 208 490 »
245 461 352 489 num
375 445 451 489 Dei
473 460 569 489 esca
591 454 634 489 et
654 454 809 504 potus,
837 446 912 490 sed
930 436 1098 506 justitia
1122 456 1165 490 et
1186 462 1268 506 pax
1298 456 1341 490 et
1367 446 1572 504 gaudium

189 537 207 560 »
244 518 290 560 in
315 516 479 576 Spiritu
500 525 664 560 sancto.
691 517 776 570 Qui
799 518 915 561 enim
936 518 981 561 in
1002 518 1086 562 hoc
1108 519 1238 562 servit
1259 517 1431 563 Christo
1449 552 1460 574 ,
1485 517 1575 577 pla-

187 606 206 629 »
243 596 312 632 cet
335 590 451 642 Deo,
478 596 521 631 et
541 588 752 647 probatus
774 597 837 632 est
855 588 1121 633 hominibus.
1148 591 1301 648 Itaque
1331 604 1431 648 quae
1460 588 1576 647 pacis

187 678 207 700 »
243 667 345 703 sunt
376 668 616 713 sectemur,
643 667 686 703 et
713 674 811 719 quae
840 658 1137 704 aedificationis
1171 669 1274 704 sunt
1299 660 1345 703 in
1369 659 1572 704 invicem.

186 749 204 771 »
242 728 340 775 Noli
362 738 540 788 propter
567 743 706 773 escam
729 730 952 773 destruere
974 745 1082 789 opus
1100 730 1192 773 Dei.
1218 729 1375 773 Omnia
1393 728 1574 789 quidem

186 820 205 843 »
242 799 406 845 munda
435 808 565 854 sunt3
598 800 673 845 sed
702 799 866 843 malum
889 809 954 844 est
973 801 1142 844 homini
1164 802 1239 860 qui
1266 816 1343 859 per
1366 800 1576 844 offensio-

185 891 205 913 »
242 887 344 915 nem
361 869 612 914 manducat.
633 873 805 914 Bonum
824 878 888 913 est
906 884 997 913 non
1018 869 1282 914 manducare
1304 885 1478 914 carnem
1497 906 1508 925 ,
1533 880 1577 915 et

186 961 206 984 »
242 957 332 986 non
355 942 507 986 bibere
527 941 681 985 vinum
703 975 714 995 ,
750 955 893 999 neque
923 941 969 983 in
994 955 1083 1000 quo
1106 939 1236 984 frater
1265 950 1365 985 tuus
1389 941 1578 985 offendi-

188 1032 208 1054 »
244 1022 339 1068 tur,
366 1022 442 1056 aut
464 1010 779 1055 scandalizatur
795 1045 806 1065 ‚
833 1020 909 1055 aut
930 1011 1191 1054 infirmatur.
1213 1014 1277 1054 Tu
1295 1011 1428 1055 fidem
1444 1012 1579 1056 habes

189 1103 209 1126 »
245 1098 377 1143 penes
410 1082 717 1141 temetipsum,
754 1082 868 1126 habe
900 1097 1046 1127 coram
1069 1085 1174 1126 Deo.
1206 1085 1364 1126 Beatus
1391 1084 1467 1142 qui
1489 1098 1579 1127 non

187 1173 206 1195 »
238 1153 407 1213 judicat
430 1152 709 1211 semetipsum
729 1153 775 1196 in
798 1168 849 1197 eo
872 1152 991 1213 quod
1014 1152 1187 1212 probat.
1213 1155 1294 1206 Qui
1318 1162 1465 1197 autem
1489 1154 1579 1197 dis-

188 1244 208 1266 »
245 1225 418 1279 cernit,
458 1226 491 1268 si
528 1223 855 1269 manducaverit
888 1224 1118 1268 damnatus
1153 1233 1242 1279 est,
1278 1225 1380 1284 quia
1411 1240 1502 1269 non
1529 1240 1581 1269 ex

187 1315 207 1336 »
244 1294 331 1339 fide
351 1297 381 1338 ¹.
417 1295 558 1339 Omne
592 1303 738 1338 autem
767 1294 888 1354 quod
915 1310 1004 1339 non
1027 1309 1079 1337 ex
1101 1293 1214 1348 fide,
1239 1303 1468 1352 peccatum
1499 1303 1577 1338 est.

190 1384 209 1406 »
250 1365 464 1409 Debemus
483 1373 630 1408 autem
649 1380 727 1409 nos
745 1365 957 1408 firmiores
973 1363 1289 1408 imbecillitates
1306 1364 1579 1408 infirmorum

189 1454 209 1477 »
245 1437 457 1481 sustinere
474 1471 484 1490 ,
511 1445 553 1479 et
575 1451 665 1480 non
687 1436 813 1480 nobis
834 1435 1021 1494 placere.
1050 1436 1359 1494 Unusquisque
1382 1445 1579 1479 nostrum
1640 1432 1643 1433 ⁷

189 1526 208 1549 »
245 1507 442 1565 proximo
465 1521 543 1550 suo
564 1506 733 1565 placeat
751 1506 797 1549 in
819 1506 985 1549 bonum
1001 1540 1012 1560 ‚
1036 1504 1090 1550 ad
1113 1505 1460 1550 aedificationem.
1481 1509 1582 1551 Ete-

190 1595 211 1617 »
246 1577 336 1619 nim
361 1577 556 1621 Christus
579 1590 669 1619 non
691 1575 772 1619 sibi
793 1575 1002 1634 placuit2.
1033 1596 1051 1617 »

245 1649 458 1690 XXXIII.
498 1647 691 1691 Satis-ne
722 1655 901 1705 apparet
929 1646 1188 1706 Apostolum
1209 1647 1268 1691 eis
1297 1647 1577 1707 praecepisse,

188 1728 238 1761 ut
260 1732 409 1761 carnes
432 1732 521 1760 non
545 1715 884 1771 manducarent,
910 1732 1054 1776 neque
1080 1717 1233 1760 vinum
1256 1717 1458 1762 biberent
1481 1718 1582 1777 qui-

189 1801 380 1845 cumque
403 1787 613 1829 firmiores
643 1795 783 1828 essent
805 1805 814 1830 2
839 1786 940 1844 quia
963 1786 1158 1830 infirmos
1181 1786 1466 1830 offendebant
1493 1802 1582 1831 non

192 1859 249 1901 eis
277 1856 561 1915 congruendo
581 1890 592 1909 ‚
632 1864 675 1899 et
707 1854 927 1899 faciebant
958 1865 1008 1899 ut
1041 1865 1246 1915 putarent
1273 1872 1371 1911 eos,
1397 1858 1471 1916 qui
1498 1857 1584 1901 fide

193 1928 338 1972 omnia
361 1925 527 1969 munda
545 1924 828 1984 judicabant,
853 1926 898 1969 in
916 1926 1171 1985 obsequium
1197 1926 1414 1970 idolorum
1436 1943 1459 1971 a
1483 1927 1583 1971 tali-

198 2000 275 2041 bus
305 1996 442 2056 epulis
474 2005 518 2039 et
552 2004 659 2055 potu
686 1996 803 2040 nolle
825 1996 1078 2039 abstinere?
1109 1998 1202 2040 Hoc
1230 1997 1444 2055 significat
1464 2006 1507 2041 et
1530 1998 1584 2042 ad

194 2068 442 2114 Corinthios
465 2069 548 2111 hoc
570 2066 702 2111 modo
733 2067 923 2110 scribens
953 2086 961 2111 :
995 2086 1014 2109 «
1040 2070 1103 2110 De
1125 2067 1229 2111 escis
1251 2077 1395 2111 autem
1425 2069 1587 2112 sacrifi-

200 2159 219 2180 »
255 2140 421 2184 ciorum
446 2154 544 2199 quae
574 2136 700 2181 idolis
721 2137 1030 2192 immolantur,
1063 2138 1219 2182 scimus
1251 2139 1352 2197 quia
1385 2138 1493 2182 nihil
1523 2148 1585 2183 est

200 2230 220 2251 »
256 2210 423 2253 idolum
446 2210 490 2252 in
514 2207 680 2253 mundo
696 2243 706 2263 ,
733 2218 776 2252 et
792 2209 912 2268 quod
931 2207 1077 2253 nullus
1094 2211 1208 2253 Deus
1228 2210 1308 2253 nisi
1328 2225 1456 2255 unus.
1479 2213 1586 2255 Nam

203 2300 221 2322 »
258 2280 337 2323 etsi
358 2288 459 2323 sunt
481 2279 556 2339 qui
579 2279 780 2323 dicantur
804 2279 862 2323 dii
880 2314 891 2334 ‚
922 2279 1010 2324 sive
1032 2279 1077 2323 in
1099 2279 1211 2324 coelo
1229 2315 1240 2335 ,
1265 2280 1352 2324 sive
1374 2281 1419 2324 in
1441 2289 1555 2325 terra
1571 2316 1582 2336 ‚

206 2369 225 2391 »
261 2351 385 2394 nobis
409 2360 554 2394 tamen
577 2365 690 2393 unus
716 2353 829 2394 Deus
856 2353 982 2394 Pater
998 2385 1009 2405 ‚
1043 2365 1094 2394 ex
1123 2366 1211 2408 quo
1235 2351 1379 2394 omnia
1395 2385 1406 2405 ‚
1438 2360 1481 2395 ct
1508 2366 1586 2396 nos

207 2438 225 2459 »
262 2421 306 2463 in
327 2419 429 2474 illo,
468 2429 511 2464 et
543 2436 656 2463 unus
680 2420 889 2464 Dominus
922 2423 1045 2464 Jesus
1077 2421 1272 2465 Christus
1294 2456 1304 2475 ‚
1345 2436 1422 2480 per
1454 2436 1584 2480 quem

209 2507 228 2529 »
265 2491 435 2545 omnia,
477 2500 518 2534 et
553 2506 630 2534 nos
662 2505 739 2549 per
775 2491 932 2548 ipsum.
970 2489 1053 2535 Sed
1087 2505 1175 2535 non
1208 2492 1251 2534 in
1286 2491 1489 2535 omnibus
1521 2498 1584 2533 est

258 2580 263 2592 ¹
289 2575 375 2603 llom.
394 2586 457 2605 τιν.
486 2587 493 2605 1
517 2586 614 2615 mque
633 2576 670 2605 :ul
689 2578 791 2606 linem.
808 2593 847 2597 -—-
865 2583 875 2596 7
898 2576 941 2605 Ill.
963 2586 1016 2606 zv.
1047 2576 1118 2605 1—3.
