1729 3143
639 229 692 255 DE
723 226 964 256 mumma.
1443 224 1491 258 12²,

122 310 143 334 »
165 306 285 337 meus
301 306 345 336 es
360 300 423 347 tu,
443 293 650 351 quoniam
662 292 877 336 bonorum
895 306 1090 337 meorum
1104 306 1194 337 non
1207 297 1339 351 eges1.
1356 297 1392 337 A
1406 311 1495 353 quo

121 380 142 404 >›
163 371 226 407 est
244 377 372 408 omne
389 362 538 406 datum
550 361 781 420 optimum,
799 370 842 405 et
854 376 982 406 omne
995 362 1160 407 donum
1170 361 1449 422 perfectum‘2.
1473 382 1492 404 »

118 432 188 476 Ad
203 447 334 492 quem
347 431 504 475 clamat
521 444 680 488 egenus
693 438 737 473 et
751 444 931 488 pauper,
949 431 1024 489 qui
1037 431 1186 476 laudat
1207 447 1369 476 nomen
1385 434 1494 491 ejus,

118 510 161 545 et
174 498 639 560 petendo,quaerendo,
652 497 882 557 pulsando,
903 498 1028 545 dicit:
1051 519 1071 541 «
1091 504 1204 545 Deus
1221 516 1359 557 meus,
1380 502 1498 560 eripe

122 589 143 611 »
168 585 238 614 me
255 570 310 613 de
330 569 729 628 manupeccatoris,
744 577 787 612 et
808 567 863 611 de
883 583 1018 612 manu
1038 568 1178 628 legem
1199 572 1498 629 praetereuntis

122 657 142 681 »
167 648 210 683 et
233 639 373 699 iniqui
392 659 400 683 :
425 639 632 698 quoniam
643 647 693 682 tu
715 654 758 683 es
780 638 990 697 patientia
1010 654 1105 683 mea
1121 674 1133 695 ,
1162 643 1345 685 Domine
1363 676 1374 696 ,
1401 658 1497 701 spes

120 725 141 750 n
165 722 261 752 mea
287 724 311 752 a
327 709 560 768 juventute
582 722 676 751 mea
691 709 722 751 3.
750 725 771 749 »
798 708 872 752 Isti
906 717 1053 752 autem
1073 709 1149 769 qui
1175 709 1430 765 abundant,
1456 721 1499 755 et

123 793 248 836 egere
284 779 340 822 ad
361 781 499 822 Deum
524 777 840 836 dedignantur,
864 793 920 822 ne
942 779 997 822 ab
1019 778 1094 823 illo
1117 779 1329 838 accipiant
1356 795 1501 824 veram

124 848 395 906 patientiam,
421 849 475 892 de
496 863 573 892 sua
588 847 698 892 falsa
719 848 949 906 gloriantes
963 883 974 903 ,
1005 849 1236 893 consilium
1258 849 1398 909 inopis
1421 866 1499 895 vo-

121 917 220 962 lunt
239 917 510 962 confundere
526 953 538 973 ,
563 919 772 977 quoniam
806 920 1017 963 Dominus
1040 934 1135 978 spes
1161 920 1252 979 ejus
1275 929 1339 964 est
1356 921 1387 962 4.
1414 923 1502 966 Nec

121 987 381 1043 attendunt,
412 1003 512 1032 cum
542 987 738 1032 homines
775 996 900 1042 sunt,
921 996 964 1030 et
981 1003 1069 1031 suae
1084 1022 1096 1043 ‚
1120 987 1167 1032 id
1187 997 1272 1042 est,
1298 989 1503 1033 humanae

121 1057 337 1102 voluntati
370 1067 541 1102 tantum
576 1058 779 1102 tribuunt
795 1092 806 1112 ,
839 1058 885 1100 in
919 1056 1031 1101 illud
1054 1073 1098 1101 se
1131 1058 1352 1102 incurrere
1385 1060 1504 1118 quod

121 1129 330 1187 scriptum
367 1138 457 1172 est:
496 1148 514 1170 «
542 1128 799 1173 Maledictus
828 1128 968 1172 omnis
994 1129 1072 1188 qui
1096 1144 1216 1188 spem
1238 1144 1360 1173 suam
1379 1130 1504 1188 ponit

122 1215 142 1238 »
166 1199 212 1240 in
224 1196 435 1239 homine5.
462 1212 481 1234 »
506 1194 628 1238 Unde
643 1197 807 1238 etiamsi
829 1198 888 1241 eis
910 1198 1148 1250 contingat,
1165 1208 1215 1242 ut
1229 1199 1376 1254 aliqua
1395 1199 1504 1243 dura

121 1274 164 1309 et
187 1279 357 1324 aspera,
387 1264 457 1307 vel
480 1279 534 1306 ne
551 1262 806 1321 displiceant
828 1263 1098 1316 hominibus,
1123 1262 1193 1305 vel
1221 1278 1277 1307 ne
1309 1266 1502 1322 graviora

118 1336 339 1394 patiantur
354 1369 365 1388 ,
404 1333 473 1377 vel
492 1334 573 1377 sibi
595 1332 807 1392 placendo
840 1342 882 1376 et
904 1331 1092 1376 amando
1115 1335 1503 1392 praesumptionem

122 1421 262 1459 suam,
284 1404 435 1448 eadem
458 1405 548 1463 ipsa
571 1404 872 1462 superbissima
896 1403 1122 1447 voluntate
1135 1405 1401 1462 sustineant3
1422 1407 1505 1452 hoc

120 1475 204 1518 illis
225 1474 480 1518 discendum
502 1483 566 1516 est
581 1473 636 1516 de
653 1473 860 1531 patientia
876 1507 887 1526 ,
910 1473 1031 1531 quod
1048 1471 1104 1515 de
1123 1473 1334 1530 sapientia
1349 1475 1503 1520 beatus

122 1545 312 1589 Jacobus
329 1543 548 1601 apostolus
562 1542 665 1585 dicit
686 1561 694 1584 :
717 1559 736 1583 «
757 1543 854 1585 Non
871 1550 934 1584 est
947 1541 1027 1585 ista
1045 1542 1252 1600 sapientia
1267 1543 1322 1586 de
1335 1558 1502 1589 sursum

127 1633 148 1655 »
172 1612 454 1666 descendens,
469 1612 545 1656 sed
560 1621 745 1664 terrena,
762 1611 971 1665 animalis,
987 1611 1235 1655 diabolicafi.
1250 1631 1270 1653 υ
1282 1615 1371 1657 Cur
1390 1615 1504 1658 enim

125 1699 213 1728 non
251 1684 305 1726 sit
341 1687 629 1740 superborum
670 1679 777 1724 falsa
810 1681 1017 1738 patientia
1033 1715 1044 1735 ,
1086 1681 1197 1725 sicut
1216 1683 1504 1740 superborum

124 1762 187 1797 est
203 1752 308 1796 falsa
330 1750 566 1809 sapientia?
589 1754 625 1794 A
644 1765 732 1809 quo
755 1759 817 1794 est
839 1758 984 1793 autem
998 1765 1100 1794 vera
1113 1751 1340 1809 sapientia,
1361 1753 1505 1798 abillo

124 1832 188 1867 est
204 1831 247 1866 et
266 1836 367 1865 vera
379 1820 600 1879 patientia.
618 1819 729 1863 Huic
742 1819 857 1862 enim
885 1828 1030 1863 cantat
1043 1819 1117 1863 ille
1135 1820 1290 1878 spiritu
1313 1836 1503 1880 pauper:

129 1912 149 1934 «
175 1896 265 1937 Deo
292 1891 482 1950 subjecta
511 1899 576 1934 est
596 1890 737 1934 anima
758 1904 852 1933 mea
867 1924 878 1944 ,
903 1889 1109 1949 quoniam
1127 1890 1182 1933 ab
1218 1894 1312 1949 ipso
1339 1900 1402 1935 est
1425 1907 1505 1950 pa·-

128 1981 148 2004 »
174 1961 325 2006 tientia
347 1962 478 2004 mea7.
508 1977 527 2001 »

184 2033 310 2075 XIII.
349 2028 433 2074 Sed
455 2027 718 2087 respondent
734 2037 777 2072 et
799 2028 1041 2088 loquuntur
1063 2029 1270 2076 dicentes.
1291 2032 1334 2077 Si
1353 2033 1508 2077 volun-

128 2110 192 2145 tas
218 2099 403 2144 hominis
430 2099 521 2142 sine
552 2098 640 2142 ullo
660 2100 735 2142 Dei
764 2099 977 2158 adjutorio
1005 2100 1168 2144 viribus
1191 2100 1315 2144 liberi
1345 2102 1507 2147 arbitrii

128 2181 217 2214 tam
233 2168 371 2212 multa
389 2167 532 2224 gravia
548 2177 590 2211 et
607 2167 822 2212 horrenda
846 2169 1025 2227 perfert,
1051 2169 1198 2214 sivein
1221 2170 1365 2215 animo
1383 2205 1394 2225 ,
1422 2171 1506 2215 sive

130 2240 176 2284 in
192 2251 388 2297 corpore,
413 2244 462 2279 ut
485 2236 675 2280 mortalis
691 2237 790 2280 vitae
809 2238 937 2296 hujus
955 2248 998 2283 et
1020 2249 1299 2297 peccatorum
1314 2239 1506 2284 delecta-

130 2311 248 2353 tione
276 2305 552 2366 perfruatur3
586 2321 662 2349 cur
685 2321 773 2349 non
808 2306 960 2350 eodem
981 2308 1114 2352 modo
1139 2308 1289 2352 eadem
1310 2309 1400 2368 ipsa
1427 2325 1506 2353 vo-

132 2379 278 2424 luntas
300 2377 486 2421 hominis
513 2376 673 2419 eisdem
688 2376 851 2420 viribus
870 2375 995 2420 liberi
1016 2378 1203 2432 arbitrii,
1229 2393 1317 2422 non
1349 2379 1402 2422 ad
1425 2380 1507 2423 hoc

178 2477 188 2494 ἵ
217 2475 296 2507 Psal.
318 2485 378 2515 xv,
398 2483 430 2506 2.
454 2490 494 2497 —-
510 2481 522 2496 2
542 2472 655 2506 Jacob.
680 2484 703 2514 1,
739 2483 788 2514 17.
812 2490 854 2497 —-
874 2470 886 2496 3
910 2472 987 2505 Psal.
1009 2483 1092 2514 Lxx,
1112 2472 1152 2514 4,
1172 2474 1202 2507 5.
1228 2488 1269 2498 —·
1284 2473 1299 2504 4
1322 2475 1368 2508 Id.
1389 2477 1454 2516 xm,
1473 2474 1504 2506 6.

134 2548 174 2555 --
189 2530 203 2554 ὁ
227 2533 344 2564 Jerem.
363 2541 437 2571 xvu,
458 2530 489 2561 5.
508 2546 546 2553 —-
561 2528 576 2551 6
594 2529 707 2561 Jacob.
729 2539 777 2569 ιιι,
801 2528 851 2563 ι5,
870 2545 908 2552 —-·
926 2536 937 2560 7
965 2528 1043 2560 Psal.
1063 2539 1123 2570 ιιι,
1141 2528 1175 2561 6.
