1729 3143
472 221 525 248 DE
556 221 775 258 stmLo,
808 217 947 248 sumo
979 221 1027 248 ιι.
1386 211 1436 248 71

59 286 192 333 audet
226 286 281 330 de
302 286 367 329 his
387 285 517 330 rebus
539 286 702 344 positus
724 285 770 329 in
791 286 873 329 hac
897 283 1069 330 mortali
1096 297 1224 331 carne
1245 300 1345 344 quae
1365 300 1440 344 ag-

60 364 209 416 gravat
245 356 455 400 animam1
473 390 484 410 ,
516 353 682 414 aliquid
710 353 853 398 dicere
875 375 887 412 3
924 369 1027 399 cum
1046 353 1206 400 Paulus
1227 355 1446 414 apostolus

57 427 142 471 hoc
163 440 254 470 non
267 424 404 470 valuit
414 423 650 482 explicare,
665 423 743 483 qui
763 423 810 467 in
822 424 903 468 isto
920 424 1084 482 positus
1105 439 1284 483 corpore
1306 440 1445 485 usque

58 496 105 540 in
126 496 303 541 tertium
325 493 486 538 coelum
509 493 643 551 gratia
666 501 875 552 operante
898 494 1035 538 valuit
1070 494 1330 541 ascendere?
1350 497 1449 542 Non

58 568 191 612 simus
213 566 369 611 curiosi
392 565 447 609 ad
466 565 834 623 investigandum,
853 564 973 624 quod
994 565 1192 624 Apostoli
1213 567 1452 626 exprhnere

56 637 234 683 minime
250 644 505 695 potuerunt.
531 637 658 682 Certe
680 650 731 679 ex
747 650 816 679 me
833 650 964 680 nemo
985 635 1093 679 scire
1114 646 1281 695 quaerat
1296 671 1308 693 ‚
1328 639 1450 697 quod

58 723 129 753 me
158 708 322 753 nescire
358 706 446 751 scio
466 741 478 761 ,
514 707 594 752 nisi
616 705 729 751 forte
750 715 801 750 ut
830 706 996 751 nescire
1017 704 1179 761 discat,
1210 707 1332 766 quod
1352 709 1450 752 sciri

58 792 149 823 non
169 792 292 836 posse
323 774 549 821 sciendum
575 785 654 821 est.
689 775 774 821 Sed
800 791 878 835 per
898 776 1030 820 fidem
1059 787 1103 821 et
1131 775 1386 835 patientiam
1407 787 1451 821 et

56 855 248 893 sanctam
270 855 454 890 matrem
472 845 711 890 Ecclesiam
729 860 951 905 speremus
964 861 1043 891 nos
1064 845 1259 904 accipere
1274 879 1287 901 ‚
1316 845 1449 905 quid-

56 916 165 976 quid
185 914 349 974 magnis
371 924 414 959 et
435 914 600 974 pusillis
622 914 824 975 dignatus
838 916 970 960 fuerit
990 915 1064 959 ille
1085 914 1265 962 donare.

115 987 281 1030 XXIV.
318 987 474 1031 Sancta
497 985 706 1041 Ecclesia,
726 987 772 1030 in
793 1002 879 1046 qua
897 986 1037 1031 omnis
1052 986 1449 1045 hujussacramenti

58 1057 319 1100 terminatur
341 1056 592 1107 auctoritas,
606 1064 744 1099 mater
766 1064 810 1099 et
829 1057 970 1114 virgo,
985 1071 1168 1114 corpore
1181 1065 1312 1110 casta,
1328 1055 1449 1114 prole

54 1123 263 1169 foecunda
285 1158 296 1178 ‚
321 1138 477 1182 sponsa
499 1124 658 1169 Christi
690 1124 888 1183 superius
909 1123 1126 1168 declarata
1145 1159 1157 1179 ‚
1201 1125 1273 1184 pie
1311 1125 1449 1171 nutrit

55 1194 166 1240 filios
182 1208 292 1254 quos
306 1196 396 1238 Deo
409 1193 526 1238 Patri
542 1192 698 1251 dignos
712 1193 925 1251 assignare
941 1193 1184 1238 contendit.
1198 1194 1299 1238 Filii
1313 1195 1420 1239 boni
1431 1230 1444 1251 ‚

56 1273 197 1309 amate
217 1272 383 1309 tantam
397 1272 604 1320 matrem3
628 1263 706 1308 filii
728 1264 856 1318 boni,
876 1263 1012 1308 nolite
1033 1264 1231 1308 deserere
1251 1264 1448 1323 quotidie

54 1349 131 1380 vos
147 1335 440 1394 requirentem
459 1353 468 1378 ι
484 1333 710 1392 rependite
720 1334 875 1388 vicem,
896 1342 1037 1378 amate
1053 1343 1288 1379 amantem.
1309 1336 1445 1379 Tanta

55 1413 135 1460 est,
150 1403 248 1450 talis
269 1413 349 1458 est,
366 1402 525 1448 nobilis
544 1412 623 1457 est,
638 1403 756 1461 regia
776 1401 899 1461 prole
911 1400 1119 1446 foecunda
1137 1413 1215 1448 est.
1231 1406 1330 1450 Non
1346 1419 1443 1450 eam

55 1474 279 1534 patiamini
301 1483 376 1518 aut
396 1473 588 1517 filiorum
612 1472 850 1526 malorum,
876 1481 952 1516 aut
973 1472 1259 1530 pessimorum
1295 1489 1444 1522 servo-

55 1559 154 1588 rum
174 1544 344 1603 injuriis
366 1553 498 1601 atque
526 1541 696 1585 insidiis
717 1542 928 1585 macerari
951 1560 960 1586 ι
985 1541 1099 1600 agite
1127 1556 1274 1586 causas
1294 1544 1445 1589 matris

54 1623 208 1659 vestrae
224 1648 234 1668 ,
263 1614 422 1657 exerite
442 1614 534 1672 ejus
555 1611 862 1671 amplissimam
879 1611 1151 1669 dignitatem.
1177 1613 1333 1657 Servus
1354 1628 1445 1658 ma-

54 1684 122 1727 lus
144 1698 234 1727 non
253 1683 434 1726 insultet
454 1681 668 1726 dominae:
694 1682 924 1725 haereticus
946 1681 1131 1725 Arianus
1154 1697 1245 1727 non
1264 1682 1444 1729 insultet

53 1753 272 1798 Ecclesiae.
304 1755 454 1811 Lupus
487 1760 572 1806 est,
599 1752 843 1811 agnoscite:
869 1767 1042 1812 serpens
1064 1761 1152 1808 est,
1179 1754 1270 1812 ejus
1301 1754 1442 1814 capita

54 1832 353 1883 conquassate.
380 1821 609 1867 Blanditur
624 1857 635 1878 ,
670 1823 747 1866 sed
769 1821 882 1867 fallit
903 1842 911 1868 :
946 1823 1087 1868 multa
1107 1824 1344 1883 promittit,
1366 1825 1441 1870 sed

54 1893 231 1953 decipit.
257 1894 412 1937 Venite
427 1927 438 1947 ‚
463 1893 632 1952 inquit,
657 1892 914 1948 defendam,
940 1894 975 1937 si
992 1894 1221 1938 necessitas
1238 1903 1316 1949 est,
1341 1910 1441 1954 pas-

55 1979 149 2008 cam
168 1985 178 2021 3
196 1964 231 2007 si
251 1963 443 2017 nuditas,
469 1963 649 2007 vestiam
670 1982 679 2006 :
701 1962 817 2007 dabo
838 1964 1069 2022 pecuniam
1085 1998 1097 2019 ,
1122 1973 1311 2009 statuam
1333 1966 1442 2025 quid

54 2048 132 2092 per
153 2032 344 2091 singulos
362 2032 451 2076 dies
473 2034 659 2093 quisque
679 2033 875 2092 accipiat.
891 2034 928 2077 Ο
944 2033 1048 2093 lupe
1063 2034 1198 2079 male!
1225 2049 1250 2078 ο
1265 2049 1439 2094 serpens

54 2104 227 2163 inique!
255 2118 281 2146 o
302 2118 420 2148 serve
441 2104 728 2163 nequissime!
755 2103 979 2149 dominam
1000 2103 1155 2159 calcas,
1179 2120 1323 2150 veram
1343 2120 1439 2150 ma-

54 2184 166 2218 trem
187 2175 433 2232 impugnas.
468 2174 691 2218 Christum
721 2176 949 2231 exsufflas,
980 2175 1244 2220 catholicum
1278 2176 1439 2235 rebap-

56 2245 180 2301 tizas3
205 2252 249 2287 et
270 2242 390 2302 quod
413 2252 477 2287 est·
501 2243 733 2301 pessimum
755 2245 854 2288 artis
876 2254 979 2301 tuae,
1004 2246 1108 2291 alios
1125 2247 1320 2306 potentia
1340 2261 1441 2306 pre-

55 2314 136 2356 mis
173 2323 223 2356 ut
259 2311 413 2371 perdas
435 2348 446 2370 ,
486 2312 592 2357 alios
624 2314 809 2372 pecunia
850 2329 1072 2374 comparas
1109 2331 1218 2375 quos
1249 2316 1436 2361 occidas.

56 2384 274 2440 Ergo-ne,
298 2382 516 2437 haeretice,
536 2382 588 2426 ad
605 2383 687 2427 hoc
701 2384 828 2428 vestis
846 2385 1015 2429 nudum
1029 2420 1040 2439 ,
1058 2394 1107 2430 ut
1125 2385 1312 2445 expolies
1325 2386 1442 2430 intus

56 2453 228 2497 Christo
251 2454 483 2497 vestitum?
510 2453 575 2497 Ad
602 2454 684 2498 hoc
709 2458 849 2514 pascis
885 2457 1145 2500 esurientem
1163 2491 1174 2512 ‚
1201 2466 1251 2501 ut
1283 2458 1440 2502 animae

105 2552 113 2558 κ
135 2540 210 2578 Sap.
234 2548 276 2575 ix,
300 2537 346 2567 15.
365 2542 395 2569 el
413 2539 484 2569 Cor.
503 2549 558 2569 xn.
581 2548 611 2569 τ).
