1729 3143
227 217 312 258 410
652 230 685 256 ε.
721 227 952 258 mous-nm
983 229 1166 260 nmscom

1698 290 1729 347 pot

225 293 372 338 dendi.
409 296 521 338 Item
549 292 585 336 si
607 292 881 352 responderis
909 308 1010 338 eum
1035 295 1278 340 recedendo
1312 295 1491 341 stultum
1519 312 1609 341 esse

225 366 388 410 lactum
408 398 418 418 ,
445 371 649 422 quaerunt
670 372 818 408 utrum
840 363 995 420 stulte,
1023 381 1078 410 an
1095 366 1310 425 sapienter
1324 366 1474 411 fecerit
1490 367 1610 428 quod
1654 357 1659 425 l
1699 353 1729 402 ¹³¹3

225 434 411 480 recessit.
440 435 483 479 Si
500 434 617 478 enim
635 435 850 495 sapienter
867 435 969 481 fecit
985 472 996 492 ,
1018 446 1134 481 recte
1152 435 1271 493 fecit,
1292 437 1489 497 nihilque
1505 454 1610 498 pec-
1657 432 1659 447 ¹
1700 428 1729 472 fin

223 506 336 551 cavit
358 524 367 550 :
387 505 422 549 si
443 504 574 550 stulte
589 541 600 562 ,
620 506 711 566 jam
737 516 828 551 erat
845 542 856 562 ,
889 508 1096 568 inquiunt
1115 543 1127 563 ‚
1146 509 1192 552 in
1213 523 1264 553 eo
1283 509 1467 553 stultitia
1484 544 1494 564 ‚
1522 526 1609 569 qua
1656 467 1661 556 l
1701 495 1727 544 [el

227 577 393 621 sactum
423 585 488 620 est
520 585 571 621 ut
606 576 840 622 recederet.
873 580 971 624 Non
1003 571 1124 622 'enim
1155 578 1286 623 stulte
1320 578 1486 639 aliquid
1522 580 1613 624 sine
1658 558 1663 653 l
1702 581 1729 614 1¹³

227 646 410 692 stultitia
431 646 574 692 facere
594 657 777 707 poterat.
800 651 863 693 Ex
880 665 968 708 quo
990 658 1169 709 apparet
1186 664 1275 694 esse
1291 649 1501 709 quiddam
1518 665 1613 694 me·
1704 653 1729 685 [0³

228 718 350 762 dium
367 752 378 773 ,
396 733 485 778 quo
507 718 562 762 ad
583 717 811 762 stultitiam
829 735 852 763 a
867 720 1075 778 sapientia
1092 721 1314 775 transitur,
1333 719 1453 779 quod
1470 735 1614 780 neque

227 786 358 832 stulte
378 823 389 843 ‚
419 803 562 848 neque
585 789 798 848 sapienter
825 787 988 833 factum
1011 789 1096 834 dici
1125 799 1290 850 potest,
1322 789 1442 849 quod
1466 790 1521 834 ab
1538 790 1615 834 ho·
1662 784 1667 880 1

226 858 415 902 minibus
439 859 483 902 in
505 859 585 903 hac
606 860 694 904 vita
723 860 967 903 constitutis
989 860 1162 904 nonnisi
1183 875 1233 904 ex
1250 860 1467 904 contrario
1486 860 1616 904 datur
1665 887 1667 915 ἱ

224 927 422 986 intelligi.
452 927 572 971 Sicut
592 926 706 969 enim
730 925 878 970 nullus
900 929 1150 971 mortalium
1172 930 1223 971 fit
1246 930 1437 987 sapiens,
1462 930 1545 972 nisi
1562 930 1618 973 ab
1666 918 1668 951 ἶ

225 998 409 1044 stultitia
440 998 485 1041 in
513 996 769 1056 sapientiam
807 1005 1015 1055 transeat3
1048 997 1138 1056 ipse
1168 1006 1314 1042 autem
1349 998 1554 1042 transitus
1584 998 1619 1042 si

225 1068 357 1114 stulte
382 1068 453 1123 fit,
475 1082 566 1111 non
589 1066 742 1126 utique
766 1066 877 1110 bene
906 1067 978 1122 fit,
1010 1067 1133 1127 quod
1161 1066 1535 1112 dementissimum
1554 1077 1619 1112 est

226 1138 398 1196 dicere3
422 1137 456 1181 si
477 1145 624 1181 autem
651 1137 866 1196 sapienter
887 1136 937 1181 fit
952 1171 964 1192 ‚
993 1138 1083 1197 jam
1107 1145 1199 1181 erat
1228 1137 1438 1196 sapientia
1459 1138 1504 1182 in
1535 1138 1618 1182 ho-
1682 1162 1686 1168 ·

226 1210 344 1253 mine
366 1217 602 1269 antequam
620 1207 839 1252 transisset
864 1207 919 1251 ad
946 1207 1201 1266 sapientiam
1215 1242 1227 1263 ‚
1261 1207 1383 1267 quod
1399 1208 1620 1253 nihilomi-

227 1294 309 1324 nus
332 1278 569 1323 absurdum
592 1287 681 1337 est3
704 1293 756 1322 ex
775 1293 863 1337 quo
880 1276 1137 1336 intelligitur
1153 1293 1242 1323 esse
1261 1278 1473 1335 medium,
1498 1279 1621 1340 quod

226 1360 435 1395 neutrum
453 1349 539 1394 dici
561 1349 694 1409 possit
717 1367 726 1394 ε
747 1350 807 1394 ita
823 1358 866 1393 et
888 1364 939 1393 ex
956 1364 1052 1394 arce
1068 1349 1290 1409 sapientiae
1308 1384 1319 1405 ,
1349 1359 1401 1395 ut
1427 1349 1481 1394 ad
1508 1349 1620 1395 stul-

226 1422 367 1467 titiam
390 1423 557 1482 primus
579 1422 713 1467 homo
736 1421 963 1477 transiret,
989 1436 1070 1466 nec
1098 1421 1257 1466 stultus
1274 1456 1285 1477 ‚
1311 1436 1392 1466 nec
1418 1422 1587 1481 sapiens
1603 1457 1614 1478 ‚

227 1493 431 1537 transitus
449 1491 523 1537 ille
540 1492 643 1537 fuit.
672 1492 806 1537 Velut
823 1492 869 1536 in
886 1507 1039 1537 somno
1065 1501 1108 1537 et
1126 1490 1303 1551 vigiliis,
1315 1507 1476 1552 ,neque
1493 1492 1539 1536 id
1555 1501 1619 1538 est

230 1562 420 1608 dormire
446 1562 567 1623 quod
590 1562 913 1608 obdormiscere
929 1597 942 1618 ,
966 1577 1111 1622 neque
1138 1561 1184 1606 id
1214 1571 1277 1607 est
1297 1562 1476 1622 vigilare
1498 1562 1619 1622 quod

228 1634 493 1694 expergisci,
516 1635 592 1680 sed
610 1634 814 1678 transitus
835 1633 1014 1694 quidam
1030 1649 1081 1678 ex
1099 1634 1234 1678 altero
1253 1633 1298 1678 in
1315 1633 1516 1678 alterum.
1535 1635 1620 1678 Ve-

228 1720 327 1749 rum
355 1706 440 1750 hoc
472 1706 651 1750 interest
669 1739 681 1761 ‚
713 1704 834 1764 quod
866 1705 958 1749 sine
986 1704 1212 1751 voluntate
1246 1703 1507 1763 plerumque
1537 1704 1618 1749 ista

228 1777 342 1820 fiunt
359 1795 369 1821 2
393 1776 466 1820 illa
485 1785 631 1820 autem
648 1790 875 1835 nunquam
889 1775 971 1819 nisi
985 1790 1062 1834 per
1077 1774 1352 1819 voluntatem
1371 1793 1380 1819 :
1401 1773 1519 1818 unde
1528 1775 1618 1834 jus-

228 1848 401 1892 tissimae
422 1847 730 1892 retributiones
752 1855 1096 1907 consequuntur.

287 1919 488 1962 LXXIV.
527 1918 612 1963 Sed
627 1917 730 1977 quia
747 1916 1018 1962 voluntatem
1037 1931 1127 1961 non
1144 1915 1279 1960 allicit
1295 1914 1351 1959 ad
1367 1913 1617 1960 faciendum

232 1987 490 2049 quodlibet,
525 1988 607 2033 nisi
637 1988 819 2050 aliquod
848 1989 1011 2046 visum3
1042 1986 1150 2047 quid
1171 1995 1317 2031 autem
1343 1987 1527 2047 quisque
1548 1987 1619 2032 vel

229 2069 374 2105 sumat
386 2059 458 2105 vel
474 2069 650 2119 respuat
665 2094 677 2116 ‚
697 2068 763 2104 est
777 2061 823 2104 in
840 2068 1071 2119 potestate,
1089 2058 1166 2103 sed
1181 2073 1270 2118 quo
1285 2057 1376 2103 viso
1397 2066 1615 2117 tangatur,

230 2129 351 2185 nulla
372 2139 560 2190 potestas
581 2140 645 2175 est
671 2149 679 2176 :
706 2129 933 2174 fatendum
960 2138 1023 2174 est
1045 2139 1088 2174 et
1111 2144 1160 2172 ex
1185 2128 1480 2188 superioribus
1502 2138 1618 2173 et-ex

231 2201 510 2246 inferioribus
527 2201 626 2246 visis
644 2201 840 2245 animum
858 2201 993 2260 tangi,
1014 2209 1063 2245 ut
1081 2200 1301 2245 rationalis
1314 2200 1553 2244 substantia
1567 2214 1618 2243 ex

231 2281 421 2333 utroque
441 2282 584 2318 sumat
600 2273 720 2333 quod
735 2272 920 2318 voluerit
943 2280 986 2316 et
1002 2287 1053 2316 ex
1069 2271 1224 2316 merito
1240 2268 1442 2316 sumendi
1460 2269 1530 2316 vel
1544 2270 1618 2314 mi-

234 2345 342 2388 seria
359 2343 429 2388 vel
445 2343 627 2388 beatitas
644 2343 950 2403 subsequatur.
972 2341 1104 2386 Velut
1126 2342 1172 2385 in
1189 2340 1388 2401 paradiso
1404 2342 1545 2386 visum
1567 2355 1619 2383 ex

235 2414 539 2472 seperioribus,
563 2423 831 2473 praeceptum
848 2412 948 2470 Dei3
967 2412 1107 2457 visum
1124 2427 1176 2456 ex
1197 2410 1489 2465 inferioribus,
1514 2424 1618 2468 sug-

238 2483 374 2541 gestio
391 2486 614 2543 serpentis.
642 2487 752 2530 Nam
768 2499 912 2544 neque
934 2484 1041 2543 quid
1061 2483 1141 2527 sibi
1163 2482 1470 2542 praeciperetur
1489 2495 1513 2524 a
1530 2483 1618 2525 Do-

238 2552 374 2609 mino,
392 2568 534 2613 neque
548 2555 657 2613 quid
673 2570 697 2599 a
708 2564 906 2614 serpente
923 2562 1245 2613 suggereretur,
1267 2552 1352 2596 fuit
1368 2552 1412 2595 in
1433 2550 1619 2597 hominis

1701 2955 1728 3143 ‚rm—m
1698 2832 1703 2933 „m
1696 2698 1701 2820 --
1693 2542 1699 2666 .„—
1691 2379 1703 2530 ,--,-.
