1729 3143
302 236 386 265 Lm.
421 237 452 264 1.
486 236 541 264 m:
572 235 758 264 nonnius
788 234 988 264 Eccmsm
1018 226 1274 262 cunonem..
1398 219 1483 260 495

106 315 329 346 summum
359 310 446 357 est,
479 302 514 346 si
534 310 598 346 est
620 300 786 362 aliquid
811 300 964 345 melius
984 315 1073 360 quo
1093 298 1320 360 pervenire
1347 298 1486 358 possi-

105 372 237 415 mus?
267 373 360 415 Hoc
380 371 514 429 igitur
535 371 569 415 si
587 381 672 426 est,
695 370 782 415 tale
799 385 887 414 esse
908 369 1041 414 debet
1057 370 1179 431 quod
1206 384 1296 414 non
1318 368 1488 413 amittat

105 441 281 485 invitus.
306 441 477 500 Quippe
497 456 628 486 nemo
643 448 786 501 potest
804 439 1026 484 confidere
1046 439 1101 484 de
1116 438 1193 484 tali
1208 439 1343 494 bono,
1367 435 1489 499 quod

108 510 191 555 sibi
212 511 320 569 eripi
337 525 460 569 posse
479 512 608 555 sentit
623 545 634 566 ‚
657 510 821 555 etiamsi
843 511 1028 554 retinere
1043 509 1089 554 id
1105 509 1397 570 amplectique
1412 523 1491 553 vo-

106 580 252 625 luerit.
274 581 475 641 Quisquis
492 592 639 627 autem
659 581 716 626 de
739 581 857 625 bono
873 596 963 641 quo
991 580 1153 624 fruitur
1169 596 1260 625 non
1280 579 1460 625 confidit
1477 613 1489 634 ,

107 651 154 695 in
174 659 298 695 tanto
319 652 475 695 timore
493 651 722 696 amittendi
739 652 892 696 beatus
909 666 999 695 esse
1016 651 1091 710 qui
1107 659 1264 710 potest.

166 723 244 765 VI.
275 723 531 774 Quaeramus
559 723 690 780 igitur
708 757 719 777 ,
757 721 864 782 quid
886 721 941 766 sit
961 721 1138 766 homine
1166 720 1336 764 melius.
1363 720 1493 773 Quod

108 789 305 850 profecto
326 792 520 835 invenire
538 791 717 836 difficile
739 801 824 846 est,
843 791 924 836 nisi
942 792 1061 851 prius
1077 789 1347 835 considerato
1363 799 1494 850 atque

108 860 316 915 discusso,
331 861 438 920 quid
447 862 499 905 sit
508 862 598 919 ipse
606 863 754 904 homo.
765 864 853 905 Nec
862 875 979 904 nunc
988 860 1289 905 definitionem
1304 860 1494 904 hominis

109 945 134 974 a
163 945 233 973 me
254 929 562 989 postulandam
583 939 708 989 puto.
741 928 860 974 Illud
890 938 954 974 est
982 926 1116 988 magis
1141 929 1263 990 quod
1285 930 1391 973 mihi
1410 930 1494 974 hoc

109 999 207 1045 loco
222 999 510 1061 quaerendum
527 1000 701 1045 videtur
715 1034 727 1056 ,
755 1016 856 1045 cum
877 1001 991 1045 inter
1008 1015 1158 1046 omnes
1180 1015 1293 1060 pene
1310 1008 1494 1055 constet,

111 1080 187 1116 aut
208 1081 324 1116 certe
342 1072 389 1116 id
410 1071 531 1132 quod
547 1073 646 1116 satis
664 1080 727 1116 est
744 1107 755 1127 ‚
775 1072 888 1116 inter
907 1087 978 1116 me
995 1081 1126 1132 atque
1153 1071 1251 1116 illos
1278 1086 1379 1116 cum
1396 1071 1497 1131 qui-

80 1163 89 1174 ·
112 1142 194 1186 bus
215 1157 332 1187 nunc
355 1142 496 1201 agitur
522 1143 607 1187 hoc
629 1142 880 1198 conveniat,
906 1157 959 1187 ex
980 1143 1122 1187 anima
1151 1151 1193 1187 et
1217 1157 1397 1202 corpore
1418 1156 1498 1186 nos

112 1227 202 1257 esse
215 1212 490 1272 compositos,
505 1211 614 1272 quid
627 1222 691 1257 est
704 1213 792 1272 ipse
805 1213 956 1269 homo,
974 1221 1213 1273 utrumque
1226 1213 1385 1257 horum
1400 1227 1501 1271 quae

115 1284 350 1338 nominavi,
367 1298 422 1328 an
436 1299 592 1344 corpus
608 1284 932 1339 tantummodo,
949 1299 1004 1328 an
1017 1284 1323 1328 tantummodo
1338 1283 1505 1327 anima?

117 1356 378 1414 Quanquam
400 1354 516 1398 enim
540 1355 629 1399 duo
658 1354 770 1410 sint,
796 1355 937 1399 anima
958 1363 1002 1399 et
1027 1369 1206 1414 corpus,
1232 1363 1275 1398 et
1296 1361 1503 1397 neutrum

117 1433 345 1469 vocaretur
361 1424 494 1469 homo
512 1459 524 1479 ‚
543 1425 577 1468 si
591 1440 681 1469 non
701 1433 811 1469 esset
827 1424 1013 1469 alterum
1035 1426 1166 1483 (nam
1184 1439 1327 1484 neque
1345 1438 1502 1483 corpus

117 1494 250 1539 homo
269 1504 378 1539 esset
399 1495 433 1538 si
455 1494 598 1539 anima
619 1510 709 1540 non
725 1504 850 1550 esset,
867 1510 947 1540 nec
969 1511 1115 1539 rursus
1136 1495 1280 1539 anima
1293 1494 1443 1550 homo,
1467 1493 1502 1538 si

120 1579 171 1609 ea
196 1581 353 1625 corpus
373 1581 463 1610 non
487 1565 777 1623 animaretur)
807 1566 902 1609 fieri
926 1575 1073 1610 tamen
1104 1574 1269 1625 potest,
1292 1573 1342 1609 ut
1362 1579 1504 1609 unum

120 1635 279 1681 horum
299 1646 342 1680 et
368 1636 581 1681 habeatur
602 1637 757 1692 homo,
793 1645 837 1681 et
863 1645 1056 1681 vocetur.
1090 1635 1208 1690 Quid
1235 1651 1339 1696 ergo
1359 1635 1504 1680 homi-

122 1721 223 1770 nem
248 1706 465 1752 dicimus?
489 1709 676 1752 animam
704 1716 748 1752 et
769 1722 926 1767 corpus
943 1716 1152 1768 tanquam
1173 1707 1291 1766 bigas
1312 1705 1383 1751 vel
1404 1721 1508 1751 cen-

124 1787 321 1836 taurum3
346 1794 401 1822 an
428 1793 584 1838 corpus
616 1787 788 1822 tantum
802 1813 813 1834 ,
849 1777 971 1838 quod
999 1778 1052 1823 sit
1086 1779 1131 1822 in
1161 1793 1242 1821 usu
1274 1777 1428 1822 animae
1462 1791 1508 1821 sc

123 1849 325 1907 regentis,
349 1857 558 1908 tanquam
580 1848 804 1893 lucernam
820 1883 831 1904 ‚
856 1863 947 1893 non
966 1848 1113 1908 ignem
1131 1846 1260 1892 simul
1276 1856 1320 1892 et
1332 1855 1505 1902 testam,

127 1920 202 1963 sed
223 1928 377 1963 testam
399 1918 551 1974 solam,
576 1928 722 1963 tamen
748 1927 926 1978 propter
956 1918 1101 1977 ignem
1128 1917 1396 1978 appellamus
1422 1936 1431 1962 ε
1455 1932 1511 1971 an

126 1988 236 2032 nihil
259 1988 378 2032 aliud
398 1988 620 2032 hominem
643 2003 775 2048 quam
796 1988 983 2032 animam
1004 1987 1209 2043 dicimus,
1243 1986 1316 2031 sed
1334 1995 1512 2047 propter

129 2074 285 2119 corpus
307 2059 427 2120 quod
449 2059 560 2118 regit
579 2093 589 2112 ‚
612 2058 749 2103 veluti
781 2059 968 2119 equitem
999 2074 1088 2103 non
1119 2058 1248 2104 simul
1282 2071 1444 2118 equum
1467 2064 1513 2100 et

129 2130 351 2175 hominem
367 2165 379 2184 ‚
416 2129 491 2174 sed
518 2129 741 2174 hominem
774 2128 936 2185 solum,
971 2144 1022 2173 ex
1049 2144 1100 2174 eo
1131 2137 1278 2173 tamen
1300 2128 1421 2188 quod
1443 2142 1512 2171 re-

130 2200 272 2260 gendo
293 2216 407 2261 equo
429 2200 484 2244 sit
505 2199 855 2244 accommodatus
872 2235 883 2255 ‚
908 2201 1142 2244 vocamus?
1166 2198 1350 2243 Difficile
1367 2207 1432 2243 est
1451 2198 1514 2243 is-

130 2279 221 2315 tam
242 2270 576 2316 controversiam
600 2269 864 2330 dijudicare3
894 2278 969 2314 aut
990 2270 1023 2313 si
1048 2268 1215 2314 ratione
1237 2268 1388 2323 facile,
1415 2283 1516 2313 ora-

133 2342 251 2386 tione
271 2341 452 2400 longum
481 2350 565 2396 est,
591 2356 723 2401 quem
743 2339 936 2385 laborem
963 2355 1012 2385 ac
1041 2355 1209 2384 moram
1230 2339 1446 2398 suscipere
1468 2353 1517 2383 ac

134 2413 277 2457 subire
297 2428 387 2457 non
407 2428 516 2471 opus
537 2421 615 2456 est.
640 2413 735 2457 Sive
749 2411 864 2455 enim
882 2420 1134 2471 utrumque,
1159 2410 1246 2456 sive
1265 2410 1408 2455 anima
1426 2408 1516 2454 sola

137 2483 496 2528 nomenhominis
512 2491 669 2538 teneat,
687 2497 776 2527 non
789 2491 851 2526 est
865 2481 1051 2526 hominis
1067 2481 1282 2541 optimum
1297 2480 1418 2541 quod
1434 2495 1516 2539 op-

138 2553 294 2597 timum
312 2562 374 2598 est
385 2552 575 2612 corporis
594 2573 604 2610 3
629 2551 703 2597 sed
721 2551 841 2612 quod
860 2560 934 2596 aut
948 2552 1117 2611 corpori
1134 2550 1262 2596 simul
1275 2560 1318 2596 et
1340 2550 1513 2606 animae,
