<?xml version="1.0" encoding="UTF-8"?>
<!DOCTYPE html PUBLIC "-//W3C//DTD XHTML 1.0 Transitional//EN"
    "http://www.w3.org/TR/xhtml1/DTD/xhtml1-transitional.dtd">
<html xmlns="http://www.w3.org/1999/xhtml" xml:lang="en" lang="en">
 <head>
  <title>
</title>
<meta http-equiv="Content-Type" content="text/html;charset=utf-8" />
  <meta name='ocr-system' content='tesseract 3.04.00' />
  <meta name='ocr-capabilities' content='ocr_page ocr_carea ocr_par ocr_line ocrx_word'/>
</head>
<body>
  <div class='ocr_page' id='page_1' title='image "./operaomniaaccura27auguuoft/operaomniaaccura27auguuoft_0201.png"; bbox 0 0 1729 3143; ppageno 0'>
   <div class='ocr_carea' id='block_1_1' title="bbox 441 188 1396 225">
    <p class='ocr_par' dir='ltr' id='par_1_1' title="bbox 441 188 1396 225">
     <span class='ocr_line' id='line_1_1' title="bbox 441 188 1396 225; baseline 0.003 -3"><span class='ocrx_word' id='word_1_1' title='bbox 441 196 495 222; x_wconf 87' lang='lat' dir='ltr'>DE</span> <span class='ocrx_word' id='word_1_2' title='bbox 527 193 755 223; x_wconf 71' lang='grc' dir='ltr'><strong>υΤΙΠΤΑΤΕ</strong></span> <span class='ocrx_word' id='word_1_3' title='bbox 786 197 966 223; x_wconf 75' lang='lat' dir='ltr'><strong>JEJUNH.</strong></span> <span class='ocrx_word' id='word_1_4' title='bbox 1313 188 1396 225; x_wconf 80' lang='lat'>189</span> 
     </span>
    </p>
   </div>
   <div class='ocr_carea' id='block_1_2' title="bbox 0 258 1400 528">
    <p class='ocr_par' dir='ltr' id='par_1_2' title="bbox 0 258 1400 528">
     <span class='ocr_line' id='line_1_2' title="bbox 0 258 1396 319; baseline 0.001 -17"><span class='ocrx_word' id='word_1_5' title='bbox 0 273 116 317; x_wconf 65' lang='lat' dir='ltr'>,ergo</span> <span class='ocrx_word' id='word_1_6' title='bbox 137 272 237 303; x_wconf 89' lang='lat' dir='ltr'>caro</span> <span class='ocrx_word' id='word_1_7' title='bbox 259 273 311 302; x_wconf 80' lang='lat' dir='ltr'>ex</span> <span class='ocrx_word' id='word_1_8' title='bbox 332 258 583 304; x_wconf 89' lang='lat' dir='ltr'>conditione</span> <span class='ocrx_word' id='word_1_9' title='bbox 604 259 779 303; x_wconf 86' lang='lat' dir='ltr'>mortali</span> <span class='ocrx_word' id='word_1_10' title='bbox 810 260 934 319; x_wconf 89' lang='lat' dir='ltr'>quasi</span> <span class='ocrx_word' id='word_1_11' title='bbox 966 258 1176 319; x_wconf 85' lang='lat' dir='ltr'>quosdam</span> <span class='ocrx_word' id='word_1_12' title='bbox 1202 267 1396 304; x_wconf 88' lang='lat' dir='ltr'>terrenos</span> 
     </span>
     <span class='ocr_line' id='line_1_3' title="bbox 0 325 1398 389; baseline -0.001 -14"><span class='ocrx_word' id='word_1_13' title='bbox 0 328 226 387; x_wconf 78' lang='lat' dir='ltr'>appetitus</span> <span class='ocrx_word' id='word_1_14' title='bbox 247 343 345 373; x_wconf 88' lang='lat' dir='ltr'>suos</span> <span class='ocrx_word' id='word_1_15' title='bbox 366 347 374 373; x_wconf 94' lang='lat'>:</span> <span class='ocrx_word' id='word_1_16' title='bbox 399 329 445 372; x_wconf 91' lang='lat' dir='ltr'>in</span> <span class='ocrx_word' id='word_1_17' title='bbox 466 329 545 373; x_wconf 91' lang='lat' dir='ltr'>hos</span> <span class='ocrx_word' id='word_1_18' title='bbox 564 328 645 372; x_wconf 90' lang='lat' dir='ltr'>tibi</span> <span class='ocrx_word' id='word_1_19' title='bbox 655 329 727 387; x_wconf 82' lang='lat' dir='ltr'>jus</span> <span class='ocrx_word' id='word_1_20' title='bbox 748 325 861 372; x_wconf 88' lang='lat' dir='ltr'>freni</span> <span class='ocrx_word' id='word_1_21' title='bbox 882 343 1134 374; x_wconf 88' lang='lat' dir='ltr'>concessum</span> <span class='ocrx_word' id='word_1_22' title='bbox 1157 337 1236 373; x_wconf 85' lang='lat' dir='ltr'>est.</span> <span class='ocrx_word' id='word_1_23' title='bbox 1258 332 1398 389; x_wconf 84' lang='lat' dir='ltr'>Regat</span> 
     </span>
     <span class='ocr_line' id='line_1_4' title="bbox 0 397 1398 459; baseline 0.001 -16"><span class='ocrx_word' id='word_1_24' title='bbox 0 406 54 443; x_wconf 78' lang='lat' dir='ltr'>:te</span> <span class='ocrx_word' id='word_1_25' title='bbox 74 399 329 457; x_wconf 83' lang='lat' dir='ltr'>praepositus</span> <span class='ocrx_word' id='word_1_26' title='bbox 345 433 357 453; x_wconf 90' lang='lat'>‚</span> <span class='ocrx_word' id='word_1_27' title='bbox 381 407 432 442; x_wconf 94' lang='lat' dir='ltr'>ut</span> <span class='ocrx_word' id='word_1_28' title='bbox 461 398 594 457; x_wconf 87' lang='lat' dir='ltr'>possit</span> <span class='ocrx_word' id='word_1_29' title='bbox 615 413 639 441; x_wconf 92' lang='lat' dir='ltr'>a</span> <span class='ocrx_word' id='word_1_30' title='bbox 668 406 711 441; x_wconf 90' lang='lat' dir='ltr'>te</span> <span class='ocrx_word' id='word_1_31' title='bbox 738 399 828 455; x_wconf 85' lang='lat' dir='ltr'>regi</span> <span class='ocrx_word' id='word_1_32' title='bbox 855 400 1089 459; x_wconf 87' lang='lat' dir='ltr'>subjectus.</span> <span class='ocrx_word' id='word_1_33' title='bbox 1117 397 1237 443; x_wconf 88' lang='lat' dir='ltr'>Infra</span> <span class='ocrx_word' id='word_1_34' title='bbox 1258 409 1301 444; x_wconf 92' lang='lat' dir='ltr'>te</span> <span class='ocrx_word' id='word_1_35' title='bbox 1335 409 1398 444; x_wconf 90' lang='lat' dir='ltr'>est</span> 
     </span>
     <span class='ocr_line' id='line_1_5' title="bbox 0 470 1400 528; baseline 0.002 -17"><span class='ocrx_word' id='word_1_36' title='bbox 0 482 109 521; x_wconf 40' lang='lat' dir='ltr'>{caro</span> <span class='ocrx_word' id='word_1_37' title='bbox 131 477 206 512; x_wconf 88' lang='lat' dir='ltr'>tua</span> <span class='ocrx_word' id='word_1_38' title='bbox 221 503 232 523; x_wconf 82' lang='grc'>,</span> <span class='ocrx_word' id='word_1_39' title='bbox 259 484 388 528; x_wconf 91' lang='lat' dir='ltr'>supra</span> <span class='ocrx_word' id='word_1_40' title='bbox 410 477 453 512; x_wconf 90' lang='lat' dir='ltr'>te</span> <span class='ocrx_word' id='word_1_41' title='bbox 475 477 540 512; x_wconf 92' lang='lat' dir='ltr'>est</span> <span class='ocrx_word' id='word_1_42' title='bbox 561 471 675 512; x_wconf 88' lang='lat' dir='ltr'>Deus</span> <span class='ocrx_word' id='word_1_43' title='bbox 697 477 798 512; x_wconf 85' lang='lat' dir='ltr'>tuus</span> <span class='ocrx_word' id='word_1_44' title='bbox 826 487 834 512; x_wconf 74' lang='grc' dir='ltr'>ε</span> <span class='ocrx_word' id='word_1_45' title='bbox 860 484 962 512; x_wconf 90' lang='lat' dir='ltr'>cum</span> <span class='ocrx_word' id='word_1_46' title='bbox 983 471 1044 513; x_wconf 90' lang='lat' dir='ltr'>vis</span> <span class='ocrx_word' id='word_1_47' title='bbox 1065 478 1115 512; x_wconf 91' lang='lat' dir='ltr'>ut</span> <span class='ocrx_word' id='word_1_48' title='bbox 1138 470 1296 514; x_wconf 88' lang='lat' dir='ltr'>serviat</span> <span class='ocrx_word' id='word_1_49' title='bbox 1316 470 1400 514; x_wconf 87' lang='lat' dir='ltr'>tibi</span> 
     </span>
    </p>
   </div>
   <div class='ocr_carea' id='block_1_3' title="bbox 0 527 2 544">
    <p class='ocr_par' dir='ltr' id='par_1_3' title="bbox 0 527 2 544">
     <span class='ocr_line' id='line_1_6' title="bbox 0 527 2 544; baseline 0 0"><span class='ocrx_word' id='word_1_50' title='bbox 0 527 2 544; x_wconf 67' lang='lat' dir='ltr'>l</span> 
     </span>
    </p>
   </div>
   <div class='ocr_carea' id='block_1_4' title="bbox 5 537 1404 952">
    <p class='ocr_par' dir='ltr' id='par_1_4' title="bbox 5 537 1404 952">
     <span class='ocr_line' id='line_1_7' title="bbox 8 537 1396 599; baseline 0.003 -18"><span class='ocrx_word' id='word_1_51' title='bbox 8 552 108 581; x_wconf 89' lang='lat' dir='ltr'>caro</span> <span class='ocrx_word' id='word_1_52' title='bbox 126 547 200 583; x_wconf 89' lang='lat' dir='ltr'>tua</span> <span class='ocrx_word' id='word_1_53' title='bbox 219 573 230 594; x_wconf 89' lang='lat'><strong>,</strong></span> <span class='ocrx_word' id='word_1_54' title='bbox 256 538 502 583; x_wconf 86' lang='lat' dir='ltr'>admoneris</span> <span class='ocrx_word' id='word_1_55' title='bbox 517 537 739 599; x_wconf 89' lang='lat' dir='ltr'>quomodo</span> <span class='ocrx_word' id='word_1_56' title='bbox 756 547 800 582; x_wconf 90' lang='lat' dir='ltr'>te</span> <span class='ocrx_word' id='word_1_57' title='bbox 814 547 1014 598; x_wconf 86' lang='lat' dir='ltr'>oporteat</span> <span class='ocrx_word' id='word_1_58' title='bbox 1027 539 1184 583; x_wconf 87' lang='lat' dir='ltr'>servire</span> <span class='ocrx_word' id='word_1_59' title='bbox 1198 543 1288 585; x_wconf 87' lang='lat' dir='ltr'>Deo</span> <span class='ocrx_word' id='word_1_60' title='bbox 1302 549 1396 585; x_wconf 92' lang='lat' dir='ltr'>tuo.</span> 
     </span>
     <span class='ocr_line' id='line_1_8' title="bbox 7 607 1396 669; baseline 0.004 -18"><span class='ocrx_word' id='word_1_61' title='bbox 7 607 209 651; x_wconf 87' lang='lat' dir='ltr'>Attendis</span> <span class='ocrx_word' id='word_1_62' title='bbox 242 608 363 667; x_wconf 92' lang='lat' dir='ltr'>quod</span> <span class='ocrx_word' id='word_1_63' title='bbox 384 609 467 652; x_wconf 87' lang='lat' dir='ltr'>sub</span> <span class='ocrx_word' id='word_1_64' title='bbox 495 617 540 652; x_wconf 88' lang='lat' dir='ltr'>te</span> <span class='ocrx_word' id='word_1_65' title='bbox 566 618 627 653; x_wconf 90' lang='lat' dir='ltr'>est</span> <span class='ocrx_word' id='word_1_66' title='bbox 649 644 660 664; x_wconf 88' lang='lat'>‚</span> <span class='ocrx_word' id='word_1_67' title='bbox 696 608 873 653; x_wconf 82' lang='lat' dir='ltr'>attende</span> <span class='ocrx_word' id='word_1_68' title='bbox 895 618 938 654; x_wconf 91' lang='lat' dir='ltr'>et</span> <span class='ocrx_word' id='word_1_69' title='bbox 958 608 1080 669; x_wconf 90' lang='lat' dir='ltr'>quod</span> <span class='ocrx_word' id='word_1_70' title='bbox 1101 625 1231 668; x_wconf 89' lang='lat' dir='ltr'>supra</span> <span class='ocrx_word' id='word_1_71' title='bbox 1253 620 1296 655; x_wconf 88' lang='lat' dir='ltr'>te</span> <span class='ocrx_word' id='word_1_72' title='bbox 1318 621 1396 656; x_wconf 87' lang='lat' dir='ltr'>est.</span> 
     </span>
     <span class='ocr_line' id='line_1_9' title="bbox 8 677 1402 739; baseline 0.004 -20"><span class='ocrx_word' id='word_1_73' title='bbox 8 679 143 735; x_wconf 82' lang='lat' dir='ltr'>Leges</span> <span class='ocrx_word' id='word_1_74' title='bbox 170 677 217 720; x_wconf 89' lang='lat' dir='ltr'>in</span> <span class='ocrx_word' id='word_1_75' title='bbox 240 677 492 723; x_wconf 86' lang='lat' dir='ltr'>inferiorem</span> <span class='ocrx_word' id='word_1_76' title='bbox 514 695 606 724; x_wconf 92' lang='lat' dir='ltr'>non</span> <span class='ocrx_word' id='word_1_77' title='bbox 633 680 790 735; x_wconf 85' lang='lat' dir='ltr'>habes,</span> <span class='ocrx_word' id='word_1_78' title='bbox 816 680 899 724; x_wconf 91' lang='lat' dir='ltr'>nisi</span> <span class='ocrx_word' id='word_1_79' title='bbox 921 695 944 724; x_wconf 91' lang='lat' dir='ltr'>a</span> <span class='ocrx_word' id='word_1_80' title='bbox 973 680 1209 739; x_wconf 85' lang='lat' dir='ltr'>superiore.</span> <span class='ocrx_word' id='word_1_81' title='bbox 1247 683 1402 726; x_wconf 87' lang='lat' dir='ltr'>Servus</span> 
     </span>
     <span class='ocr_line' id='line_1_10' title="bbox 7 749 1400 802; baseline 0.004 -12"><span class='ocrx_word' id='word_1_82' title='bbox 7 762 51 791; x_wconf 88' lang='lat' dir='ltr'>es</span> <span class='ocrx_word' id='word_1_83' title='bbox 69 781 80 802; x_wconf 85' lang='lat'><strong>,</strong></span> <span class='ocrx_word' id='word_1_84' title='bbox 105 762 279 792; x_wconf 89' lang='lat' dir='ltr'>servum</span> <span class='ocrx_word' id='word_1_85' title='bbox 299 749 436 794; x_wconf 90' lang='lat' dir='ltr'>habes</span> <span class='ocrx_word' id='word_1_86' title='bbox 462 769 471 795; x_wconf 90' lang='lat'>:</span> <span class='ocrx_word' id='word_1_87' title='bbox 497 750 573 795; x_wconf 87' lang='lat' dir='ltr'>sed</span> <span class='ocrx_word' id='word_1_88' title='bbox 596 752 806 795; x_wconf 89' lang='lat' dir='ltr'>Dominus</span> <span class='ocrx_word' id='word_1_89' title='bbox 823 751 934 796; x_wconf 92' lang='lat' dir='ltr'>duos</span> <span class='ocrx_word' id='word_1_90' title='bbox 954 766 1099 797; x_wconf 88' lang='lat' dir='ltr'>servos</span> <span class='ocrx_word' id='word_1_91' title='bbox 1120 752 1270 797; x_wconf 88' lang='lat' dir='ltr'>habet.</span> <span class='ocrx_word' id='word_1_92' title='bbox 1299 755 1400 798; x_wconf 87' lang='lat' dir='ltr'>Ser-</span> 
     </span>
     <span class='ocr_line' id='line_1_11' title="bbox 5 817 1398 882; baseline 0.004 -22"><span class='ocrx_word' id='word_1_93' title='bbox 5 831 84 861; x_wconf 90' lang='lat' dir='ltr'>vus</span> <span class='ocrx_word' id='word_1_94' title='bbox 106 825 208 861; x_wconf 85' lang='lat' dir='ltr'>tuus</span> <span class='ocrx_word' id='word_1_95' title='bbox 237 817 336 877; x_wconf 92' lang='lat' dir='ltr'>plus</span> <span class='ocrx_word' id='word_1_96' title='bbox 365 828 429 863; x_wconf 91' lang='lat' dir='ltr'>est</span> <span class='ocrx_word' id='word_1_97' title='bbox 456 820 502 863; x_wconf 93' lang='lat' dir='ltr'>in</span> <span class='ocrx_word' id='word_1_98' title='bbox 528 829 743 879; x_wconf 87' lang='lat' dir='ltr'>potestate</span> <span class='ocrx_word' id='word_1_99' title='bbox 765 822 940 866; x_wconf 89' lang='lat' dir='ltr'>Domini</span> <span class='ocrx_word' id='word_1_100' title='bbox 961 823 1055 878; x_wconf 89' lang='lat' dir='ltr'>tui,</span> <span class='ocrx_word' id='word_1_101' title='bbox 1084 837 1217 882; x_wconf 91' lang='lat' dir='ltr'>quam</span> <span class='ocrx_word' id='word_1_102' title='bbox 1238 823 1285 866; x_wconf 91' lang='lat' dir='ltr'>in</span> <span class='ocrx_word' id='word_1_103' title='bbox 1306 832 1398 866; x_wconf 86' lang='lat' dir='ltr'>tua.</span> 
     </span>
     <span class='ocr_line' id='line_1_12' title="bbox 6 887 1404 952; baseline 0.006 -24"><span class='ocrx_word' id='word_1_104' title='bbox 6 888 161 945; x_wconf 87' lang='lat' dir='ltr'>Itaque</span> <span class='ocrx_word' id='word_1_105' title='bbox 181 888 244 930; x_wconf 90' lang='lat' dir='ltr'>vis</span> <span class='ocrx_word' id='word_1_106' title='bbox 266 887 346 930; x_wconf 90' lang='lat' dir='ltr'>tibi</span> <span class='ocrx_word' id='word_1_107' title='bbox 369 889 538 933; x_wconf 89' lang='lat' dir='ltr'>obediri</span> <span class='ocrx_word' id='word_1_108' title='bbox 558 906 582 934; x_wconf 93' lang='lat' dir='ltr'>a</span> <span class='ocrx_word' id='word_1_109' title='bbox 603 906 732 935; x_wconf 88' lang='lat' dir='ltr'>carne</span> <span class='ocrx_word' id='word_1_110' title='bbox 749 926 760 946; x_wconf 82' lang='lat'>‚</span> <span class='ocrx_word' id='word_1_111' title='bbox 785 891 1006 952; x_wconf 83' lang='lat' dir='ltr'>numquid</span> <span class='ocrx_word' id='word_1_112' title='bbox 1026 893 1072 936; x_wconf 90' lang='lat' dir='ltr'>in</span> <span class='ocrx_word' id='word_1_113' title='bbox 1094 892 1298 937; x_wconf 88' lang='lat' dir='ltr'>omnibus</span> <span class='ocrx_word' id='word_1_114' title='bbox 1320 906 1404 950; x_wconf 89' lang='lat' dir='ltr'>po-</span> 
     </span>
    </p>
   </div>
   <div class='ocr_carea' id='block_1_5' title="bbox 25 957 1406 1083">
    <p class='ocr_par' dir='ltr' id='par_1_5' title="bbox 25 957 1406 1083">
     <span class='ocr_line' id='line_1_13' title="bbox 25 957 1404 1008; baseline 0.004 -10"><span class='ocrx_word' id='word_1_115' title='bbox 25 957 116 998; x_wconf 77' lang='lat' dir='ltr'>est?</span> <span class='ocrx_word' id='word_1_116' title='bbox 139 959 191 998; x_wconf 93' lang='lat' dir='ltr'>In</span> <span class='ocrx_word' id='word_1_117' title='bbox 213 957 415 1000; x_wconf 90' lang='lat' dir='ltr'>omnibus</span> <span class='ocrx_word' id='word_1_118' title='bbox 437 959 713 1008; x_wconf 84' lang='lat' dir='ltr'>obtemperat</span> <span class='ocrx_word' id='word_1_119' title='bbox 734 962 922 1006; x_wconf 91' lang='lat' dir='ltr'>Domino</span> <span class='ocrx_word' id='word_1_120' title='bbox 944 971 1022 1007; x_wconf 93' lang='lat' dir='ltr'>tuo</span> <span class='ocrx_word' id='word_1_121' title='bbox 1044 981 1053 1007; x_wconf 91' lang='lat'>:</span> <span class='ocrx_word' id='word_1_122' title='bbox 1077 978 1169 1007; x_wconf 91' lang='lat' dir='ltr'>non</span> <span class='ocrx_word' id='word_1_123' title='bbox 1191 962 1235 1006; x_wconf 90' lang='lat' dir='ltr'>in</span> <span class='ocrx_word' id='word_1_124' title='bbox 1258 961 1404 1005; x_wconf 89' lang='lat' dir='ltr'>omni-</span> 
     </span>
     <span class='ocr_line' id='line_1_14' title="bbox 39 1019 1406 1083; baseline 0.003 -17"><span class='ocrx_word' id='word_1_125' title='bbox 39 1038 88 1067; x_wconf 88' lang='lat' dir='ltr'>us</span> <span class='ocrx_word' id='word_1_126' title='bbox 110 1022 389 1080; x_wconf 86' lang='lat' dir='ltr'>obtemperat</span> <span class='ocrx_word' id='word_1_127' title='bbox 410 1020 506 1064; x_wconf 88' lang='lat' dir='ltr'>tibi.</span> <span class='ocrx_word' id='word_1_128' title='bbox 527 1019 761 1072; x_wconf 85' lang='lat' dir='ltr'>Quomodo</span> <span class='ocrx_word' id='word_1_129' title='bbox 776 1053 787 1075; x_wconf 87' lang='lat'>,</span> <span class='ocrx_word' id='word_1_130' title='bbox 811 1019 990 1079; x_wconf 83' lang='lat' dir='ltr'>inquis?</span> <span class='ocrx_word' id='word_1_131' title='bbox 1012 1021 1223 1068; x_wconf 89' lang='lat' dir='ltr'>Ambulas</span> <span class='ocrx_word' id='word_1_132' title='bbox 1239 1058 1250 1078; x_wconf 88' lang='lat'>‚</span> <span class='ocrx_word' id='word_1_133' title='bbox 1272 1025 1406 1083; x_wconf 89' lang='lat' dir='ltr'>pedes</span> 
     </span>
    </p>
   </div>
   <div class='ocr_carea' id='block_1_6' title="bbox 0 1089 1406 2560">
    <p class='ocr_par' dir='ltr' id='par_1_6' title="bbox 0 1089 1406 2260">
     <span class='ocr_line' id='line_1_15' title="bbox 53 1089 1404 1150; baseline 0.003 -13"><span class='ocrx_word' id='word_1_134' title='bbox 53 1108 153 1138; x_wconf 89' lang='lat' dir='ltr'>oves</span> <span class='ocrx_word' id='word_1_135' title='bbox 173 1127 184 1147; x_wconf 84' lang='lat'>‚</span> <span class='ocrx_word' id='word_1_136' title='bbox 218 1092 416 1150; x_wconf 88' lang='lat' dir='ltr'>sequitur</span> <span class='ocrx_word' id='word_1_137' title='bbox 436 1110 444 1134; x_wconf 91' lang='lat'>:</span> <span class='ocrx_word' id='word_1_138' title='bbox 471 1091 548 1134; x_wconf 90' lang='lat' dir='ltr'>sed</span> <span class='ocrx_word' id='word_1_139' title='bbox 572 1089 791 1150; x_wconf 90' lang='lat' dir='ltr'>numquid</span> <span class='ocrx_word' id='word_1_140' title='bbox 812 1100 1028 1150; x_wconf 87' lang='lat' dir='ltr'>quantum</span> <span class='ocrx_word' id='word_1_141' title='bbox 1052 1093 1112 1136; x_wconf 93' lang='lat' dir='ltr'>vis</span> <span class='ocrx_word' id='word_1_142' title='bbox 1129 1093 1209 1137; x_wconf 89' lang='lat' dir='ltr'>ibit</span> <span class='ocrx_word' id='word_1_143' title='bbox 1230 1099 1404 1141; x_wconf 76' lang='lat' dir='ltr'>tecum?</span> 
     </span>
     <span class='ocr_line' id='line_1_16' title="bbox 47 1158 1404 1224; baseline 0.003 -17"><span class='ocrx_word' id='word_1_144' title='bbox 47 1163 236 1207; x_wconf 89' lang='lat' dir='ltr'>nimatur</span> <span class='ocrx_word' id='word_1_145' title='bbox 257 1177 281 1206; x_wconf 90' lang='lat' dir='ltr'>a</span> <span class='ocrx_word' id='word_1_146' title='bbox 301 1170 345 1205; x_wconf 92' lang='lat' dir='ltr'>te</span> <span class='ocrx_word' id='word_1_147' title='bbox 362 1196 373 1216; x_wconf 71' lang='lat'><strong><em>⁷</em></strong></span> <span class='ocrx_word' id='word_1_148' title='bbox 398 1160 618 1219; x_wconf 87' lang='lat' dir='ltr'>numquid</span> <span class='ocrx_word' id='word_1_149' title='bbox 640 1158 835 1219; x_wconf 89' lang='lat' dir='ltr'>quandiu</span> <span class='ocrx_word' id='word_1_150' title='bbox 859 1161 953 1203; x_wconf 78' lang='lat' dir='ltr'>vis?</span> <span class='ocrx_word' id='word_1_151' title='bbox 980 1163 1199 1222; x_wconf 90' lang='lat' dir='ltr'>numquid</span> <span class='ocrx_word' id='word_1_152' title='bbox 1222 1166 1404 1224; x_wconf 89' lang='lat' dir='ltr'>quando</span> 
     </span>
     <span class='ocr_line' id='line_1_17' title="bbox 36 1229 1406 1293; baseline 0.001 -16"><span class='ocrx_word' id='word_1_153' title='bbox 36 1234 70 1277; x_wconf 90' lang='lat' dir='ltr'>is</span> <span class='ocrx_word' id='word_1_154' title='bbox 95 1267 106 1288; x_wconf 87' lang='lat'>‚</span> <span class='ocrx_word' id='word_1_155' title='bbox 141 1232 291 1276; x_wconf 81' lang='lat' dir='ltr'>doles?</span> <span class='ocrx_word' id='word_1_156' title='bbox 312 1231 492 1291; x_wconf 85' lang='lat' dir='ltr'>quando</span> <span class='ocrx_word' id='word_1_157' title='bbox 515 1229 578 1273; x_wconf 85' lang='lat' dir='ltr'>vis</span> <span class='ocrx_word' id='word_1_158' title='bbox 595 1264 606 1284; x_wconf 83' lang='lat'>,</span> <span class='ocrx_word' id='word_1_159' title='bbox 632 1244 762 1273; x_wconf 86' lang='lat' dir='ltr'>sanus</span> <span class='ocrx_word' id='word_1_160' title='bbox 784 1231 858 1271; x_wconf 78' lang='lat' dir='ltr'>es?</span> <span class='ocrx_word' id='word_1_161' title='bbox 895 1232 1082 1275; x_wconf 83' lang='lat' dir='ltr'>Exercet</span> <span class='ocrx_word' id='word_1_162' title='bbox 1109 1232 1226 1275; x_wconf 84' lang='lat' dir='ltr'>enim</span> <span class='ocrx_word' id='word_1_163' title='bbox 1249 1242 1291 1277; x_wconf 87' lang='lat' dir='ltr'>te</span> <span class='ocrx_word' id='word_1_164' title='bbox 1312 1235 1406 1293; x_wconf 90' lang='lat' dir='ltr'>ple-</span> 
     </span>
     <span class='ocr_line' id='line_1_18' title="bbox 9 1303 1405 1364; baseline 0.001 -16"><span class='ocrx_word' id='word_1_165' title='bbox 9 1318 196 1364; x_wconf 89' lang='lat' dir='ltr'>rumque</span> <span class='ocrx_word' id='word_1_166' title='bbox 220 1303 429 1346; x_wconf 89' lang='lat' dir='ltr'>Dominus</span> <span class='ocrx_word' id='word_1_167' title='bbox 449 1311 551 1345; x_wconf 87' lang='lat' dir='ltr'>tuus</span> <span class='ocrx_word' id='word_1_168' title='bbox 577 1316 654 1360; x_wconf 89' lang='lat' dir='ltr'>per</span> <span class='ocrx_word' id='word_1_169' title='bbox 676 1315 850 1344; x_wconf 88' lang='lat' dir='ltr'>servum</span> <span class='ocrx_word' id='word_1_170' title='bbox 882 1309 1010 1344; x_wconf 88' lang='lat' dir='ltr'>tuum</span> <span class='ocrx_word' id='word_1_171' title='bbox 1043 1320 1053 1345; x_wconf 92' lang='grc'>;</span> <span class='ocrx_word' id='word_1_172' title='bbox 1081 1311 1130 1346; x_wconf 90' lang='lat' dir='ltr'>ut</span> <span class='ocrx_word' id='word_1_173' title='bbox 1158 1303 1262 1362; x_wconf 89' lang='lat' dir='ltr'>quia</span> <span class='ocrx_word' id='word_1_174' title='bbox 1283 1303 1405 1350; x_wconf 83' lang='lat' dir='ltr'>fuisti</span> 
     </span>
     <span class='ocr_line' id='line_1_19' title="bbox 0 1369 1296 1431; baseline 0 -13"><span class='ocrx_word' id='word_1_175' title='bbox 0 1374 183 1420; x_wconf 46' lang='lat' dir='ltr'>¹Domini</span> <span class='ocrx_word' id='word_1_176' title='bbox 210 1381 487 1431; x_wconf 89' lang='lat' dir='ltr'>contemptor</span> <span class='ocrx_word' id='word_1_177' title='bbox 506 1406 517 1426; x_wconf 84' lang='lat'>,</span> <span class='ocrx_word' id='word_1_178' title='bbox 543 1370 747 1415; x_wconf 88' lang='lat' dir='ltr'>merearis</span> <span class='ocrx_word' id='word_1_179' title='bbox 767 1369 989 1413; x_wconf 86' lang='lat' dir='ltr'>emendari</span> <span class='ocrx_word' id='word_1_180' title='bbox 1011 1386 1088 1429; x_wconf 92' lang='lat' dir='ltr'>per</span> <span class='ocrx_word' id='word_1_181' title='bbox 1109 1387 1296 1417; x_wconf 88' lang='lat' dir='ltr'>servum.</span> 
     </span>
     <span class='ocr_line' id='line_1_20' title="bbox 4 1439 1405 1501; baseline 0.003 -14"><span class='ocrx_word' id='word_1_182' title='bbox 4 1450 8 1463; x_wconf 97' lang='grc'><strong>’</strong></span> <span class='ocrx_word' id='word_1_183' title='bbox 70 1446 147 1487; x_wconf 88' lang='lat' dir='ltr'>VI.</span> <span class='ocrx_word' id='word_1_184' title='bbox 175 1441 260 1487; x_wconf 89' lang='lat' dir='ltr'>Sed</span> <span class='ocrx_word' id='word_1_185' title='bbox 277 1443 331 1486; x_wconf 90' lang='lat' dir='ltr'>ad</span> <span class='ocrx_word' id='word_1_186' title='bbox 354 1451 396 1486; x_wconf 90' lang='lat' dir='ltr'>te</span> <span class='ocrx_word' id='word_1_187' title='bbox 412 1440 521 1501; x_wconf 89' lang='lat' dir='ltr'>quid</span> <span class='ocrx_word' id='word_1_188' title='bbox 543 1440 765 1499; x_wconf 79' lang='lat' dir='ltr'>pertinet?</span> <span class='ocrx_word' id='word_1_189' title='bbox 790 1439 1131 1484; x_wconf 84' lang='lat' dir='ltr'>Delectationem</span> <span class='ocrx_word' id='word_1_190' title='bbox 1154 1444 1293 1487; x_wconf 87' lang='lat' dir='ltr'>carnis</span> <span class='ocrx_word' id='word_1_191' title='bbox 1314 1460 1405 1491; x_wconf 91' lang='lat' dir='ltr'>non</span> 
     </span>
     <span class='ocr_line' id='line_1_21' title="bbox 9 1509 1403 1571; baseline 0.001 -13"><span class='ocrx_word' id='word_1_192' title='bbox 9 1513 200 1558; x_wconf 85' lang='lat' dir='ltr'>relaxare</span> <span class='ocrx_word' id='word_1_193' title='bbox 228 1527 367 1571; x_wconf 86' lang='lat' dir='ltr'>usque</span> <span class='ocrx_word' id='word_1_194' title='bbox 402 1510 457 1554; x_wconf 91' lang='lat' dir='ltr'>ad</span> <span class='ocrx_word' id='word_1_195' title='bbox 494 1509 642 1554; x_wconf 89' lang='lat' dir='ltr'>illicita</span> <span class='ocrx_word' id='word_1_196' title='bbox 658 1544 669 1565; x_wconf 88' lang='lat'>‚</span> <span class='ocrx_word' id='word_1_197' title='bbox 694 1509 969 1569; x_wconf 87' lang='lat' dir='ltr'>aliquantum</span> <span class='ocrx_word' id='word_1_198' title='bbox 994 1519 1037 1554; x_wconf 89' lang='lat' dir='ltr'>et</span> <span class='ocrx_word' id='word_1_199' title='bbox 1059 1526 1083 1554; x_wconf 92' lang='lat' dir='ltr'>a</span> <span class='ocrx_word' id='word_1_200' title='bbox 1104 1510 1231 1556; x_wconf 86' lang='lat' dir='ltr'>licitis</span> <span class='ocrx_word' id='word_1_201' title='bbox 1265 1514 1403 1559; x_wconf 87' lang='lat' dir='ltr'>refre-</span> 
     </span>
     <span class='ocr_line' id='line_1_22' title="bbox 0 1580 1405 1637; baseline 0.001 -9"><span class='ocrx_word' id='word_1_202' title='bbox 0 1595 3 1635; x_wconf 59' lang='grc' dir='ltr'>ἰ</span> <span class='ocrx_word' id='word_1_203' title='bbox 44 1599 130 1629; x_wconf 84' lang='lat' dir='ltr'>are.</span> <span class='ocrx_word' id='word_1_204' title='bbox 155 1584 241 1637; x_wconf 86' lang='lat' dir='ltr'>Qui</span> <span class='ocrx_word' id='word_1_205' title='bbox 262 1583 377 1626; x_wconf 90' lang='lat' dir='ltr'>enim</span> <span class='ocrx_word' id='word_1_206' title='bbox 410 1597 433 1625; x_wconf 90' lang='lat' dir='ltr'>a</span> <span class='ocrx_word' id='word_1_207' title='bbox 462 1580 592 1625; x_wconf 90' lang='lat' dir='ltr'>nullis</span> <span class='ocrx_word' id='word_1_208' title='bbox 615 1580 806 1624; x_wconf 85' lang='lat' dir='ltr'>refrenat</span> <span class='ocrx_word' id='word_1_209' title='bbox 824 1580 951 1624; x_wconf 86' lang='lat' dir='ltr'>licitis</span> <span class='ocrx_word' id='word_1_210' title='bbox 968 1615 979 1636; x_wconf 84' lang='lat'>‚</span> <span class='ocrx_word' id='word_1_211' title='bbox 1005 1582 1175 1626; x_wconf 90' lang='lat' dir='ltr'>vicinus</span> <span class='ocrx_word' id='word_1_212' title='bbox 1198 1592 1241 1628; x_wconf 88' lang='lat' dir='ltr'>et</span> <span class='ocrx_word' id='word_1_213' title='bbox 1263 1594 1328 1629; x_wconf 88' lang='lat' dir='ltr'>est</span> <span class='ocrx_word' id='word_1_214' title='bbox 1349 1587 1405 1630; x_wconf 90' lang='lat' dir='ltr'>il-</span> 
     </span>
     <span class='ocr_line' id='line_1_23' title="bbox 0 1651 1404 1711; baseline 0.001 -12"><span class='ocrx_word' id='word_1_215' title='bbox 0 1656 4 1711; x_wconf 58' lang='lat'>}</span> <span class='ocrx_word' id='word_1_216' title='bbox 31 1655 154 1699; x_wconf 89' lang='lat' dir='ltr'>icitis.</span> <span class='ocrx_word' id='word_1_217' title='bbox 172 1653 360 1698; x_wconf 89' lang='lat' dir='ltr'>Proinde</span> <span class='ocrx_word' id='word_1_218' title='bbox 375 1687 386 1707; x_wconf 79' lang='grc'>,</span> <span class='ocrx_word' id='word_1_219' title='bbox 413 1652 589 1706; x_wconf 70' lang='lat' dir='ltr'>tratres,</span> <span class='ocrx_word' id='word_1_220' title='bbox 614 1651 784 1695; x_wconf 92' lang='lat' dir='ltr'>licitum</span> <span class='ocrx_word' id='word_1_221' title='bbox 802 1660 865 1695; x_wconf 88' lang='lat' dir='ltr'>est</span> <span class='ocrx_word' id='word_1_222' title='bbox 891 1653 1149 1711; x_wconf 83' lang='lat' dir='ltr'>conjugium</span> <span class='ocrx_word' id='word_1_223' title='bbox 1166 1687 1177 1708; x_wconf 83' lang='lat'>,</span> <span class='ocrx_word' id='word_1_224' title='bbox 1202 1653 1404 1701; x_wconf 87' lang='lat' dir='ltr'>illicitum</span> 
     </span>
     <span class='ocr_line' id='line_1_24' title="bbox 13 1722 1405 1783; baseline 0.001 -13"><span class='ocrx_word' id='word_1_225' title='bbox 13 1734 77 1770; x_wconf 87' lang='lat' dir='ltr'>est</span> <span class='ocrx_word' id='word_1_226' title='bbox 95 1723 359 1768; x_wconf 88' lang='lat' dir='ltr'>adulterium</span> <span class='ocrx_word' id='word_1_227' title='bbox 387 1741 396 1766; x_wconf 91' lang='lat'>:</span> <span class='ocrx_word' id='word_1_228' title='bbox 422 1730 466 1765; x_wconf 92' lang='lat' dir='ltr'>et</span> <span class='ocrx_word' id='word_1_229' title='bbox 488 1731 635 1765; x_wconf 87' lang='lat' dir='ltr'>tamen</span> <span class='ocrx_word' id='word_1_230' title='bbox 654 1730 947 1780; x_wconf 87' lang='lat' dir='ltr'>temperantes</span> <span class='ocrx_word' id='word_1_231' title='bbox 968 1722 1079 1778; x_wconf 81' lang='lat' dir='ltr'>viri,</span> <span class='ocrx_word' id='word_1_232' title='bbox 1102 1732 1152 1767; x_wconf 89' lang='lat' dir='ltr'>ut</span> <span class='ocrx_word' id='word_1_233' title='bbox 1168 1722 1298 1783; x_wconf 85' lang='lat' dir='ltr'>longe</span> <span class='ocrx_word' id='word_1_234' title='bbox 1320 1727 1405 1771; x_wconf 92' lang='lat' dir='ltr'>sint</span> 
     </span>
     <span class='ocr_line' id='line_1_25' title="bbox 0 1791 1404 1852; baseline 0.001 -11"><span class='ocrx_word' id='word_1_235' title='bbox 0 1796 68 1842; x_wconf 65' lang='lat' dir='ltr'>,ab</span> <span class='ocrx_word' id='word_1_236' title='bbox 90 1794 240 1839; x_wconf 88' lang='lat' dir='ltr'>illicito</span> <span class='ocrx_word' id='word_1_237' title='bbox 263 1793 478 1838; x_wconf 87' lang='lat' dir='ltr'>adulterio</span> <span class='ocrx_word' id='word_1_238' title='bbox 497 1827 508 1848; x_wconf 86' lang='lat'>‚</span> <span class='ocrx_word' id='word_1_239' title='bbox 545 1791 766 1838; x_wconf 87' lang='lat' dir='ltr'>refrenant</span> <span class='ocrx_word' id='word_1_240' title='bbox 794 1808 839 1837; x_wconf 91' lang='lat' dir='ltr'>se</span> <span class='ocrx_word' id='word_1_241' title='bbox 870 1792 1144 1852; x_wconf 88' lang='lat' dir='ltr'>aliquantum</span> <span class='ocrx_word' id='word_1_242' title='bbox 1174 1804 1217 1838; x_wconf 90' lang='lat' dir='ltr'>et</span> <span class='ocrx_word' id='word_1_243' title='bbox 1238 1810 1262 1840; x_wconf 92' lang='lat' dir='ltr'>a</span> <span class='ocrx_word' id='word_1_244' title='bbox 1284 1795 1404 1842; x_wconf 89' lang='lat' dir='ltr'>licito</span> 
     </span>
     <span class='ocr_line' id='line_1_26' title="bbox 0 1860 1406 1925; baseline 0.001 -15"><span class='ocrx_word' id='word_1_245' title='bbox 0 1860 230 1925; x_wconf 63' lang='lat' dir='ltr'>{conjugia</span> <span class='ocrx_word' id='word_1_246' title='bbox 255 1864 394 1908; x_wconf 81' lang='lat' dir='ltr'>Licita</span> <span class='ocrx_word' id='word_1_247' title='bbox 415 1872 479 1908; x_wconf 87' lang='lat' dir='ltr'>est</span> <span class='ocrx_word' id='word_1_248' title='bbox 499 1863 668 1908; x_wconf 88' lang='lat' dir='ltr'>satietas</span> <span class='ocrx_word' id='word_1_249' title='bbox 687 1898 697 1918; x_wconf 89' lang='lat'>‚</span> <span class='ocrx_word' id='word_1_250' title='bbox 723 1862 872 1907; x_wconf 82' lang='lat' dir='ltr'>illicita</span> <span class='ocrx_word' id='word_1_251' title='bbox 895 1872 959 1907; x_wconf 89' lang='lat' dir='ltr'>est</span> <span class='ocrx_word' id='word_1_252' title='bbox 980 1863 1204 1908; x_wconf 88' lang='lat' dir='ltr'>ebriositas</span> <span class='ocrx_word' id='word_1_253' title='bbox 1226 1885 1234 1910; x_wconf 92' lang='lat'>:</span> <span class='ocrx_word' id='word_1_254' title='bbox 1257 1875 1406 1912; x_wconf 89' lang='lat' dir='ltr'>tamen</span> 
     </span>
     <span class='ocr_line' id='line_1_27' title="bbox 0 1933 1405 1993; baseline 0.001 -13"><span class='ocrx_word' id='word_1_255' title='bbox 0 1953 5 1980; x_wconf 65' lang='lat' dir='ltr'>a</span> <span class='ocrx_word' id='word_1_256' title='bbox 61 1935 197 1981; x_wconf 90' lang='lat' dir='ltr'>odesti</span> <span class='ocrx_word' id='word_1_257' title='bbox 213 1936 409 1980; x_wconf 86' lang='lat' dir='ltr'>homines</span> <span class='ocrx_word' id='word_1_258' title='bbox 429 1970 440 1990; x_wconf 89' lang='lat'>‚</span> <span class='ocrx_word' id='word_1_259' title='bbox 466 1943 518 1978; x_wconf 92' lang='lat' dir='ltr'>ut</span> <span class='ocrx_word' id='word_1_260' title='bbox 533 1933 665 1993; x_wconf 83' lang='lat' dir='ltr'>longe</span> <span class='ocrx_word' id='word_1_261' title='bbox 686 1949 730 1977; x_wconf 90' lang='lat' dir='ltr'>se</span> <span class='ocrx_word' id='word_1_262' title='bbox 750 1933 913 1978; x_wconf 87' lang='lat' dir='ltr'>faciant</span> <span class='ocrx_word' id='word_1_263' title='bbox 930 1949 954 1978; x_wconf 91' lang='lat' dir='ltr'>a</span> <span class='ocrx_word' id='word_1_264' title='bbox 971 1935 1244 1993; x_wconf 89' lang='lat' dir='ltr'>turpitudine</span> <span class='ocrx_word' id='word_1_265' title='bbox 1261 1938 1405 1982; x_wconf 85' lang='lat' dir='ltr'>ebrie-</span> 
     </span>
     <span class='ocr_line' id='line_1_28' title="bbox 3 2004 1406 2065; baseline 0.001 -13"><span class='ocrx_word' id='word_1_266' title='bbox 3 2018 5 2043; x_wconf 69' lang='lat'>!</span> <span class='ocrx_word' id='word_1_267' title='bbox 58 2008 111 2052; x_wconf 88' lang='lat' dir='ltr'>tis</span> <span class='ocrx_word' id='word_1_268' title='bbox 127 2041 138 2062; x_wconf 87' lang='lat'>‚</span> <span class='ocrx_word' id='word_1_269' title='bbox 161 2006 373 2064; x_wconf 84' lang='lat' dir='ltr'>castigant</span> <span class='ocrx_word' id='word_1_270' title='bbox 398 2021 441 2049; x_wconf 87' lang='lat' dir='ltr'>se</span> <span class='ocrx_word' id='word_1_271' title='bbox 469 2005 743 2065; x_wconf 87' lang='lat' dir='ltr'>aliquantum</span> <span class='ocrx_word' id='word_1_272' title='bbox 765 2014 809 2049; x_wconf 89' lang='lat' dir='ltr'>et</span> <span class='ocrx_word' id='word_1_273' title='bbox 831 2021 854 2049; x_wconf 89' lang='lat' dir='ltr'>a</span> <span class='ocrx_word' id='word_1_274' title='bbox 875 2004 1076 2050; x_wconf 82' lang='lat' dir='ltr'>libertate</span> <span class='ocrx_word' id='word_1_275' title='bbox 1096 2007 1314 2051; x_wconf 83' lang='lat' dir='ltr'>satietatiS.</span> <span class='ocrx_word' id='word_1_276' title='bbox 1339 2012 1406 2055; x_wconf 91' lang='lat' dir='ltr'>Ita</span> 
     </span>
     <span class='ocr_line' id='line_1_29' title="bbox 0 2075 1401 2136; baseline 0.001 -15"><span class='ocrx_word' id='word_1_277' title='bbox 0 2095 5 2134; x_wconf 66' lang='grc' dir='ltr'><em>ς</em></span> <span class='ocrx_word' id='word_1_278' title='bbox 39 2092 118 2136; x_wconf 82' lang='lat' dir='ltr'>rgo</span> <span class='ocrx_word' id='word_1_279' title='bbox 154 2090 359 2135; x_wconf 86' lang='lat' dir='ltr'>agamus,</span> <span class='ocrx_word' id='word_1_280' title='bbox 396 2075 549 2118; x_wconf 82' lang='lat' dir='ltr'>fratres</span> <span class='ocrx_word' id='word_1_281' title='bbox 569 2109 580 2129; x_wconf 89' lang='lat'>,</span> <span class='ocrx_word' id='word_1_282' title='bbox 619 2084 907 2134; x_wconf 89' lang='lat' dir='ltr'>temperemus</span> <span class='ocrx_word' id='word_1_283' title='bbox 934 2097 944 2134; x_wconf 79' lang='lat'><em>3</em></span> <span class='ocrx_word' id='word_1_284' title='bbox 975 2084 1018 2119; x_wconf 91' lang='lat' dir='ltr'>et</span> <span class='ocrx_word' id='word_1_285' title='bbox 1050 2076 1171 2136; x_wconf 91' lang='lat' dir='ltr'>quod</span> <span class='ocrx_word' id='word_1_286' title='bbox 1192 2076 1401 2135; x_wconf 85' lang='lat' dir='ltr'>facimus,</span> 
     </span>
     <span class='ocr_line' id='line_1_30' title="bbox 0 2144 1405 2206; baseline 0.004 -16"><span class='ocrx_word' id='word_1_287' title='bbox 0 2150 7 2190; x_wconf 79' lang='lat' dir='ltr'>i</span> <span class='ocrx_word' id='word_1_288' title='bbox 34 2148 198 2192; x_wconf 86' lang='lat' dir='ltr'>ciamus</span> <span class='ocrx_word' id='word_1_289' title='bbox 220 2160 355 2206; x_wconf 86' lang='lat' dir='ltr'>quare</span> <span class='ocrx_word' id='word_1_290' title='bbox 388 2144 610 2188; x_wconf 84' lang='lat' dir='ltr'>faciamus.</span> <span class='ocrx_word' id='word_1_291' title='bbox 639 2147 857 2190; x_wconf 87' lang='lat' dir='ltr'>Cessando</span> <span class='ocrx_word' id='word_1_292' title='bbox 885 2162 909 2190; x_wconf 91' lang='lat' dir='ltr'>a</span> <span class='ocrx_word' id='word_1_293' title='bbox 941 2146 1092 2192; x_wconf 85' lang='lat' dir='ltr'>laetitia</span> <span class='ocrx_word' id='word_1_294' title='bbox 1123 2150 1262 2194; x_wconf 86' lang='lat' dir='ltr'>carnis</span> <span class='ocrx_word' id='word_1_295' title='bbox 1281 2185 1292 2206; x_wconf 85' lang='lat'><strong><em>‚</em></strong></span> <span class='ocrx_word' id='word_1_296' title='bbox 1330 2165 1405 2195; x_wconf 82' lang='lat' dir='ltr'>ac-</span> 
     </span>
     <span class='ocr_line' id='line_1_31' title="bbox 0 2213 569 2260; baseline -0.007 0"><span class='ocrx_word' id='word_1_297' title='bbox 0 2231 7 2259; x_wconf 78' lang='lat'><em>³</em></span> <span class='ocrx_word' id='word_1_298' title='bbox 47 2217 204 2260; x_wconf 89' lang='lat' dir='ltr'>uiritur</span> <span class='ocrx_word' id='word_1_299' title='bbox 226 2215 377 2259; x_wconf 83' lang='lat' dir='ltr'>laetitia</span> <span class='ocrx_word' id='word_1_300' title='bbox 396 2213 569 2258; x_wconf 89' lang='lat' dir='ltr'>mentis.</span> 
     </span>
    </p>

    <p class='ocr_par' dir='ltr' id='par_1_7' title="bbox 0 2285 1406 2560">
     <span class='ocr_line' id='line_1_32' title="bbox 75 2285 1406 2345; baseline 0.005 -15"><span class='ocrx_word' id='word_1_301' title='bbox 75 2288 174 2330; x_wconf 88' lang='lat' dir='ltr'><strong>VII.</strong></span> <span class='ocrx_word' id='word_1_302' title='bbox 203 2285 390 2330; x_wconf 88' lang='lat' dir='ltr'>Proinde</span> <span class='ocrx_word' id='word_1_303' title='bbox 410 2285 506 2328; x_wconf 88' lang='lat' dir='ltr'>finis</span> <span class='ocrx_word' id='word_1_304' title='bbox 523 2285 648 2329; x_wconf 87' lang='lat' dir='ltr'>nobis</span> <span class='ocrx_word' id='word_1_305' title='bbox 663 2286 931 2345; x_wconf 84' lang='lat' dir='ltr'>jejuniorum</span> <span class='ocrx_word' id='word_1_306' title='bbox 953 2298 1201 2335; x_wconf 89' lang='lat' dir='ltr'>nostrorum</span> <span class='ocrx_word' id='word_1_307' title='bbox 1220 2325 1231 2345; x_wconf 76' lang='lat'>,</span> <span class='ocrx_word' id='word_1_308' title='bbox 1252 2290 1307 2335; x_wconf 90' lang='lat' dir='ltr'>ad</span> <span class='ocrx_word' id='word_1_309' title='bbox 1323 2291 1406 2336; x_wconf 88' lang='lat' dir='ltr'>iter</span> 
     </span>
     <span class='ocr_line' id='line_1_33' title="bbox 0 2355 1403 2418; baseline 0.002 -15"><span class='ocrx_word' id='word_1_310' title='bbox 0 2381 5 2392; x_wconf 77' lang='lat'><em>›</em></span> <span class='ocrx_word' id='word_1_311' title='bbox 48 2367 215 2403; x_wconf 88' lang='lat' dir='ltr'>ostrum</span> <span class='ocrx_word' id='word_1_312' title='bbox 241 2376 250 2400; x_wconf 70' lang='grc' dir='ltr'>ς</span> <span class='ocrx_word' id='word_1_313' title='bbox 276 2355 379 2415; x_wconf 84' lang='lat' dir='ltr'>quid</span> <span class='ocrx_word' id='word_1_314' title='bbox 410 2356 464 2399; x_wconf 90' lang='lat' dir='ltr'>sit</span> <span class='ocrx_word' id='word_1_315' title='bbox 491 2355 633 2414; x_wconf 90' lang='lat' dir='ltr'>ipsum</span> <span class='ocrx_word' id='word_1_316' title='bbox 656 2356 766 2413; x_wconf 87' lang='lat' dir='ltr'>iter,</span> <span class='ocrx_word' id='word_1_317' title='bbox 806 2367 851 2402; x_wconf 86' lang='lat' dir='ltr'>et</span> <span class='ocrx_word' id='word_1_318' title='bbox 878 2358 999 2418; x_wconf 89' lang='lat' dir='ltr'>quod</span> <span class='ocrx_word' id='word_1_319' title='bbox 1020 2361 1248 2405; x_wconf 88' lang='lat' dir='ltr'>tendamus</span> <span class='ocrx_word' id='word_1_320' title='bbox 1272 2396 1283 2417; x_wconf 87' lang='lat'>‚</span> <span class='ocrx_word' id='word_1_321' title='bbox 1319 2363 1403 2406; x_wconf 90' lang='lat' dir='ltr'>hoc</span> 
     </span>
     <span class='ocr_line' id='line_1_34' title="bbox 18 2426 1398 2490; baseline 0.003 -18"><span class='ocrx_word' id='word_1_322' title='bbox 18 2426 382 2473; x_wconf 83' lang='lat' dir='ltr'>considerandum</span> <span class='ocrx_word' id='word_1_323' title='bbox 397 2434 474 2470; x_wconf 90' lang='lat' dir='ltr'>est.</span> <span class='ocrx_word' id='word_1_324' title='bbox 492 2428 689 2486; x_wconf 85' lang='lat' dir='ltr'>Namque</span> <span class='ocrx_word' id='word_1_325' title='bbox 701 2436 745 2471; x_wconf 86' lang='lat' dir='ltr'>et</span> <span class='ocrx_word' id='word_1_326' title='bbox 759 2429 920 2485; x_wconf 81' lang='lat' dir='ltr'>Pagani</span> <span class='ocrx_word' id='word_1_327' title='bbox 927 2430 984 2488; x_wconf 82' lang='lat' dir='ltr'>jej</span> <span class='ocrx_word' id='word_1_328' title='bbox 991 2439 1129 2474; x_wconf 90' lang='lat' dir='ltr'>unant</span> <span class='ocrx_word' id='word_1_329' title='bbox 1142 2430 1376 2490; x_wconf 87' lang='lat' dir='ltr'>aliquando</span> <span class='ocrx_word' id='word_1_330' title='bbox 1386 2467 1398 2487; x_wconf 84' lang='lat'><strong><em>‚</em></strong></span> 
     </span>
     <span class='ocr_line' id='line_1_35' title="bbox 19 2497 1400 2560; baseline 0.003 -18"><span class='ocrx_word' id='word_1_331' title='bbox 19 2513 98 2542; x_wconf 88' lang='lat' dir='ltr'>nec</span> <span class='ocrx_word' id='word_1_332' title='bbox 132 2498 353 2557; x_wconf 82' lang='lat' dir='ltr'>regionem</span> <span class='ocrx_word' id='word_1_333' title='bbox 376 2511 466 2557; x_wconf 86' lang='lat' dir='ltr'>quo</span> <span class='ocrx_word' id='word_1_334' title='bbox 494 2497 713 2546; x_wconf 85' lang='lat' dir='ltr'>tendimus</span> <span class='ocrx_word' id='word_1_335' title='bbox 738 2507 902 2545; x_wconf 87' lang='lat' dir='ltr'>norunt</span> <span class='ocrx_word' id='word_1_336' title='bbox 936 2518 944 2544; x_wconf 77' lang='lat'>2</span> <span class='ocrx_word' id='word_1_337' title='bbox 978 2508 1022 2545; x_wconf 87' lang='lat' dir='ltr'>et</span> <span class='ocrx_word' id='word_1_338' title='bbox 1042 2501 1184 2545; x_wconf 87' lang='lat' dir='ltr'>Judaei</span> <span class='ocrx_word' id='word_1_339' title='bbox 1200 2502 1400 2560; x_wconf 85' lang='lat' dir='ltr'>jejunant</span> 
     </span>
    </p>
   </div>
   <div class='ocr_carea' id='block_1_7' title="bbox 14 2631 19 2903">
    <p class='ocr_par' dir='ltr' id='par_1_8' title="bbox 14 2619 19 2903">
     <span class='ocr_line' id='line_1_36' title="bbox 14 2631 18 2820; baseline 0 0"><span class='ocrx_word' id='word_1_340' title='bbox 14 2631 18 2820; x_wconf 82' lang='grc' dir='ltr'>ἱ</span> 
     </span>
     <span class='ocr_line' id='line_1_37' title="bbox 15 2821 19 2903; baseline 0 0"><span class='ocrx_word' id='word_1_341' title='bbox 15 2821 19 2903; x_wconf 88' lang='grc'>1</span> 
     </span>
    </p>
   </div>
   <div class='ocr_carea' id='block_1_8' title="bbox 0 547 56 2122">
    <p class='ocr_par' dir='ltr' id='par_1_9' title="bbox 0 547 56 2122">
     <span class='ocr_line' id='line_1_38' title="bbox 0 547 6 770; baseline 0 -140"><span class='ocrx_word' id='word_1_342' title='bbox 0 547 6 770; x_wconf 95' lang='lat' dir='ltr'>   </span> 
     </span>
     <span class='ocr_line' id='line_1_39' title="bbox 0 770 4 828; baseline 0 2315"><span class='ocrx_word' id='word_1_343' title='bbox 0 770 4 828; x_wconf 95' lang='lat' dir='ltr'> </span> 
     </span>
     <span class='ocr_line' id='line_1_40' title="bbox 0 828 51 1125; baseline 0 -10"><span class='ocrx_word' id='word_1_344' title='bbox 0 828 51 1125; x_wconf 95' lang='lat' dir='ltr'>     </span> 
     </span>
     <span class='ocr_line' id='line_1_41' title="bbox 0 1125 47 1257; baseline 0 0"><span class='ocrx_word' id='word_1_345' title='bbox 0 1125 47 1257; x_wconf 95' lang='lat' dir='ltr'>  </span> 
     </span>
     <span class='ocr_line' id='line_1_42' title="bbox 0 1257 34 1394; baseline 0 0"><span class='ocrx_word' id='word_1_346' title='bbox 0 1257 34 1394; x_wconf 95' lang='lat' dir='ltr'>   </span> 
     </span>
     <span class='ocr_line' id='line_1_43' title="bbox 0 1394 12 1478; baseline 0 -30"><span class='ocrx_word' id='word_1_347' title='bbox 0 1394 12 1478; x_wconf 95' lang='lat' dir='ltr'>  </span> 
     </span>
     <span class='ocr_line' id='line_1_44' title="bbox 0 1478 9 1552; baseline 0 1591"><span class='ocrx_word' id='word_1_348' title='bbox 0 1478 9 1552; x_wconf 95' lang='lat' dir='ltr'> </span> 
     </span>
     <span class='ocr_line' id='line_1_45' title="bbox 0 1741 11 1903; baseline 0 -21"><span class='ocrx_word' id='word_1_349' title='bbox 0 1741 11 1903; x_wconf 95' lang='lat' dir='ltr'>   </span> 
     </span>
     <span class='ocr_line' id='line_1_46' title="bbox 4 2023 56 2122; baseline 0 -77"><span class='ocrx_word' id='word_1_350' title='bbox 4 2023 56 2122; x_wconf 95' lang='lat' dir='ltr'>  </span> 
     </span>
    </p>
   </div>
  </div>
 </body>
</html>
