1729 3143
456 224 509 250 nn
542 223 693 251 nmmo
724 221 938 259 Aizm'riuo,
962 219 1045 248 Lus.
1081 221 1146 247 m,
1405 208 1488 248 395

114 302 284 332 summo
305 290 395 332 Deo
411 287 642 348 justissime
664 285 854 345 placuit3
878 293 928 328 ut
948 293 991 329 et
1011 284 1056 328 in
1078 293 1177 329 ortu
1197 284 1382 329 hominis
1404 285 1490 329 ori—

114 356 313 416 ginaliter
342 366 567 417 appareret
593 355 757 417 justitia
779 355 999 413 punientis
1015 389 1027 410 ‚
1052 363 1095 398 et
1110 354 1154 399 in
1174 362 1381 414 provectu
1404 354 1490 399 mi-

36 464 39 483 ,
109 428 338 473 sericordia
369 428 607 472 liberantis.
636 429 733 471 Non
763 426 879 470 enim
915 424 1121 470 damnato
1151 426 1292 485 primo
1323 426 1491 470 homini

35 508 38 538 ἱ
106 499 166 544 sic
187 499 389 557 adempta
411 508 474 543 est
490 495 717 542 beatitudo
732 530 744 550 ,
773 503 822 539 ut
843 496 972 539 etiam
992 494 1257 540 foecunditas
1278 495 1492 541 adimere-

31 572 37 611 }
106 578 194 613 tur.
232 572 406 613 Poterat
437 568 553 612 enim
583 576 626 612 et
659 566 715 610 de
745 565 866 625 prole
895 567 1013 624 ejus,
1044 567 1240 626 quamvis
1261 565 1424 611 carnali
1446 576 1490 613 et

32 627 36 646 ²
105 638 304 694 mortali,
333 638 511 699 aliquod
532 638 577 682 in
604 652 683 682 suo
705 651 860 695 genere
881 637 975 680 fieri
1000 637 1131 681 decus
1159 647 1490 682 ornamentum·
1528 682 1538 689 „

105 726 190 771 que
215 719 442 754 terrarum.
473 712 675 753 Jamvero
702 717 751 752 ut
783 707 982 752 meliores
1012 709 1206 767 gigneret
1236 725 1366 769 quam
1400 709 1490 768 ipse

103 789 240 834 esset,
265 796 354 824 non
382 789 474 824 erat
495 780 710 840 aequitatis
734 798 743 824 ε
769 777 845 823 sed
866 794 917 823 ex
938 779 1220 824 conversione
1239 780 1294 823 ad
1319 783 1456 824 Deum
1475 815 1488 837 ,

101 859 151 895 ut
168 850 359 894 vinceret
376 850 559 909 quisque
576 849 839 908 supplicium
854 883 865 902 ‚
891 848 1011 909 quod
1039 849 1160 908 origo
1182 850 1274 907 ejus
1297 865 1347 893 ex
1364 864 1490 894 aver-

101 921 221 966 sione
244 929 486 974 meruerat‚
512 935 599 963 non
622 918 762 962 solum
782 919 1000 962 volentem
1023 935 1110 962 non
1128 919 1349 978 prohiberi
1369 953 1380 974 ,
1413 919 1490 966 sed

101 991 230 1034 etiam
256 988 451 1049 adjuvari
472 988 730 1047 oportebat:
758 989 887 1032 etiam
911 988 971 1033 sic
995 988 1111 1032 enim
1140 1004 1283 1033 rerum
1310 991 1489 1036 Creator

101 1059 321 1113 ostendit,
349 1069 512 1118 quanta
534 1056 742 1103 facilitate
766 1059 976 1118 potuisset
996 1059 1129 1104 homo
1146 1094 1157 1114 ‚
1189 1060 1223 1104 si
1251 1060 1487 1118 voluisset,
1521 1083 1527 1089 ¹

100 1131 286 1195 retinere
307 1129 427 1188 quod
449 1127 590 1172 factus
607 1136 692 1185 est,
713 1144 814 1174 cum
832 1129 974 1189 proles
991 1131 1082 1190 ejus
1103 1130 1247 1190 potuit
1269 1131 1400 1176 etiam
1415 1148 1490 1178 su-

99 1214 251 1260 perare
268 1197 388 1257 quod
410 1207 510 1241 nata
528 1206 606 1242 est.
648 1214 653 1215 ⁷

146 1272 258 1314 LVI.
277 1267 443 1313 Deinde
451 1268 486 1312 si
496 1283 582 1312 una
593 1267 734 1312 anima
747 1267 861 1313 facta
874 1278 958 1325 cst,
975 1284 1027 1314 ex
1039 1286 1127 1330 qua
1141 1271 1337 1315 omnium
1349 1273 1490 1318 homi-

99 1355 206 1385 num
221 1339 376 1383 animae
396 1339 632 1384 trahuntur
645 1339 915 1383 nascentium
928 1374 939 1395 ‚
960 1341 1057 1400 quis
1075 1349 1218 1400 potest
1232 1342 1378 1387 dicere
1394 1358 1488 1389 non

99 1426 144 1456 se
156 1425 369 1470 peccasse,
386 1425 484 1454 cum
506 1409 673 1469 primus
687 1408 761 1453 ille
778 1411 998 1470 peccavit?
1017 1412 1056 1456 Si
1076 1421 1221 1456 autem
1236 1412 1487 1472 singillatim

98 1482 211 1526 fiunt
233 1481 279 1525 in
297 1496 566 1541 unoquoque
582 1481 852 1525 nascentium
867 1516 878 1535 ‚
903 1497 992 1526 non
1013 1491 1077 1526 est
1099 1497 1371 1542 perversum,
1397 1485 1486 1531 imo

98 1551 555 1596 convenientissimum
575 1560 618 1595 et
634 1550 1002 1595 ordinatissimum
1023 1562 1200 1611 apparet
1217 1587 1228 1608 ,
1252 1563 1302 1598 ut
1321 1554 1485 1599 malum

98 1623 303 1665 meritum
326 1621 500 1680 prioris,
522 1630 677 1665 natura
698 1622 916 1680 sequentis
933 1623 987 1666 sit
1005 1643 1015 1680 3
1041 1631 1084 1667 et
1101 1623 1267 1668 bonurn
1280 1624 1484 1668 meritum

98 1691 317 1752 sequentis
331 1725 343 1745 ‚
369 1700 523 1736 natura
556 1691 709 1750 prioris
748 1692 815 1736 sit.
859 1692 975 1745 Quid
1008 1694 1121 1737 enim
1157 1693 1387 1754 indignum
1403 1729 1414 1745 ,
1449 1695 1485 1740 si

98 1763 228 1807 etiam
255 1762 316 1806 sic
343 1760 483 1806 voluit
503 1763 682 1806 Creator
704 1764 955 1818 ostendere,
979 1779 1118 1824 usque
1145 1763 1254 1809 adeo
1275 1765 1483 1811 excellere

97 1833 304 1878 creaturis
339 1833 557 1891 corporeis
586 1833 741 1877 animae
777 1833 1061 1893 dignitatem,
1099 1843 1147 1879 ut
1175 1834 1230 1879 ab
1265 1850 1316 1880 eo
1345 1835 1483 1896 gradu

96 1903 231 1962 possit
251 1918 340 1947 esse
362 1912 482 1948 ortus
509 1901 683 1948 alterius
698 1938 710 1959 ‚
736 1903 791 1947 ad
814 1918 946 1963 quem
969 1903 1145 1949 alterius
1165 1905 1403 1966 perductus
1419 1916 1483 1953 est

97 1975 300 2019 occasus?
320 1976 429 2019 Nam
459 1988 558 2017 cum
586 1973 639 2016 ad
663 1974 952 2032 ignorantiam
974 1973 1366 2038 difficultatemque
1387 1993 1482 2038 per—

94 2044 263 2091 venerit
283 2043 356 2088 illa
378 2042 595 2103 peccatrix
611 2078 622 2098 ‚
647 2042 745 2089 ideo
768 2059 901 2104 poena
923 2055 1039 2090 recte
1056 2045 1239 2101 dicitur,
1264 2048 1366 2108 quia
1388 2063 1480 2094 me-

94 2114 177 2160 lior
195 2123 296 2158 ante
319 2115 431 2158 hanc
453 2129 631 2173 poenam
651 2113 750 2159 fuit.
778 2117 822 2160 Si
838 2131 942 2176 ergo
959 2116 1092 2161 altera
1109 2117 1205 2162 talis
1222 2134 1311 2163 esse
1325 2120 1476 2180 coepit,

95 2201 186 2231 non
207 2184 349 2230 solum
368 2194 469 2229 ante
495 2194 720 2244 peccatum
737 2220 748 2240 ‚
773 2186 848 2231 sed
866 2197 966 2232 ante
983 2203 1158 2234 omnem
1179 2190 1312 2235 vitam
1331 2206 1475 2249 suam,

95 2254 235 2316 qualis
262 2256 344 2301 alia
372 2265 471 2316 post
497 2256 630 2301 vitam
652 2255 913 2315 culpabilem
935 2256 1046 2303 facta
1068 2269 1131 2304 est
1147 2295 1158 2315 ‚
1183 2276 1272 2305 non
1295 2277 1479 2321 parvum

94 2327 261 2372 bonum
281 2327 414 2372 habet
430 2363 441 2383 ‚
467 2326 585 2371 unde
607 2327 832 2372 Conditori
850 2345 928 2373 suo
944 2331 1096 2387 gratias
1117 2341 1216 2390 agat
1234 2352 1245 2390 3
1268 2333 1370 2393 quia
1387 2334 1477 2393 ipse

94 2407 214 2442 ortus
232 2398 324 2457 ejus
341 2407 384 2441 et
399 2398 617 2443 inchoatio
639 2398 792 2459 quovis
812 2397 1003 2458 perfecto
1024 2416 1205 2461 corpore
1226 2412 1288 2447 est
1305 2403 1471 2449 melior.

93 2469 190 2513 Non
212 2468 327 2511 enim
356 2468 589 2514 mediocria
616 2469 732 2514 bona
754 2479 857 2514 sunt
871 2504 882 2526 ‚
915 2486 1004 2515 non
1025 2471 1165 2516 solum
1188 2473 1310 2533 quod
1331 2473 1475 2519 anima

95 2546 187 2594 est,
210 2553 297 2598 qua
328 2547 482 2586 natura
512 2540 603 2601 jam
637 2554 769 2587 omne
797 2555 954 2601 corpus
975 2543 1211 2602 praecedit,
1235 2544 1313 2590 sed
1344 2544 1473 2591 etiam
