1729 3143
383 170 437 197 me:
470 169 621 198 nmmo
653 166 867 206 Arminio,
902 170 984 196 Lm.
1020 168 1085 195 111.
1342 157 1421 194 371

51 236 202 282 tudine
225 244 299 280 aut
321 245 475 280 natura
497 235 625 280 valet.
645 238 773 280 Posse
789 243 935 279 autem
951 234 1044 278 fieri
1071 241 1122 278 ut
1152 231 1271 277 aliud
1297 232 1352 276 sit
1380 232 1428 277 in

50 307 254 367 opinione
268 342 279 362 ‚
305 306 423 351 aliud
438 308 484 351 in
505 322 631 351 sensu
646 341 658 361 ‚
677 305 748 351 vel
765 320 816 349 ex
832 306 916 350 hoc
932 319 1191 365 cognoscere
1209 302 1333 348 facile
1346 312 1425 359 est,

49 377 169 438 quod
191 379 449 439 plerumque
470 378 589 422 aliud
610 376 858 424 faciendum
880 392 970 421 esse
991 375 1223 431 credimus,
1248 383 1292 420 et
1312 373 1432 419 aliud

49 447 190 493 facere
220 449 422 493 delectat.
460 452 516 493 Et
553 446 788 508 aliquando
823 447 1016 491 veracior
1048 456 1111 491 est
1131 461 1279 492 sensus
1300 460 1433 506 quam

47 520 195 578 opinio
212 554 224 574 ‚
247 519 283 562 si
310 518 384 562 illa
406 520 461 562 de
488 533 653 572 errore,
688 517 763 561 ille
791 517 845 561 de
879 526 1033 560 natura
1067 526 1131 562 est
1155 536 1165 562 2
1189 516 1310 561 velut
1331 530 1434 561 cum

49 604 162 647 aeger
183 589 443 649 plerumque
478 605 591 650 aqua
623 587 778 646 frigida
801 586 1135 632 conducibiliter
1161 587 1403 631 delectatur
1419 620 1431 642 ,

47 674 179 718 quam
196 668 341 703 tamen
358 659 509 714 credit,
530 658 760 714 si'biberit,
786 674 875 703 esse
894 659 1152 702 nocituram.
1182 656 1433 718 Aliquando

46 730 238 774 veracior
260 731 408 789 opinio
439 746 570 791 quam
599 745 768 784 sensus,
805 730 840 774 si
877 728 1016 774 credit
1053 729 1134 772 arti
1172 728 1430 784 medicinae,

46 800 194 844 obesse
210 801 410 858 frigidam
426 836 437 856 ,
463 817 563 846 cum
587 816 734 844 revera
756 800 922 854 oberit,
946 809 990 844 et
1016 790 1160 844 tamen
1184 799 1332 842 bibere
1359 798 1431 841 de-

45 869 175 915 lectet
195 890 204 916 :
230 872 466 932 aliquando
489 882 726 931 utrumque
748 872 792 915 in
814 871 994 916 veritate
1011 880 1074 913 est
1089 906 1100 924 ,
1126 885 1227 914 cum
1245 868 1291 913 id
1311 868 1432 929 quod

47 942 244 1000 prodest,
270 958 360 986 non
393 942 535 987 solum
563 944 623 987 ita
655 941 869 996 creditur,
909 940 986 985 sed
1019 941 1149 985 etiam
1180 940 1303 985 libet.
1333 939 1428 983 Ali-

46 1012 224 1072 quando
247 1022 483 1073 utrumqne
505 1015 550 1057 in
571 1029 738 1068 errore,
765 1028 866 1057 cum
888 1012 934 1056 id
956 1011 1077 1073 quod
1100 1021 1242 1066 nocet,
1267 1021 1310 1056 et
1328 1027 1430 1071 pro-

47 1083 169 1128 desse
188 1084 380 1128 creditur
394 1119 405 1139 ‚
431 1094 474 1128 et
494 1085 629 1129 libere
651 1101 740 1129 non
757 1085 929 1129 desinit.
959 1084 1077 1129 Solet
1094 1094 1240 1128 autem
1257 1093 1300 1128 et
1316 1093 1431 1128 recta

47 1154 194 1213 opinio
216 1170 392 1213 pravam
411 1155 626 1212 corrigere
648 1155 1010 1199 consuetudinem
1025 1190 1035 1210 ‚
1062 1164 1105 1199 et
1130 1170 1257 1214 prava
1285 1155 1436 1214 opinio

44 1235 205 1269 rectam
227 1226 463 1285 depravare
482 1235 682 1270 naturam
705 1245 714 1270 :
741 1235 862 1270 tanta
884 1227 946 1269 vis
976 1235 1040 1270 est
1072 1227 1114 1269 in
1137 1226 1366 1270 dominatu
1389 1234 1434 1270 et

45 1298 290 1357 principatu
312 1298 504 1342 rationis.
530 1300 644 1342 Cum
659 1312 759 1354 ergo
773 1298 960 1358 quisque
979 1297 1176 1351 credens,
1202 1296 1322 1357 quod
1340 1305 1436 1356 post

49 1377 233 1413 mortem
256 1385 346 1413 non
375 1370 476 1424 erit,
512 1368 860 1413 intolerabilibus
884 1377 1030 1412 tamen
1061 1368 1265 1412 molestiis
1287 1367 1342 1412 ad
1365 1377 1436 1412 to-

49 1448 139 1484 tam
160 1439 445 1499 cupiditatem
468 1440 616 1495 mortis
638 1438 891 1499 impellitur,
913 1448 956 1483 et
972 1439 1166 1483 decernit
1183 1448 1314 1499 atque
1332 1439 1438 1483 arri-

49 1509 114 1569 pit
134 1520 334 1565 mortem‚
360 1511 405 1553 in
425 1510 628 1569 opinione
641 1506 776 1553 habet
795 1524 983 1554 errorem
1004 1509 1269 1554 omnimodae
1290 1509 1439 1554 defec-

49 1580 178 1624 tionis
193 1615 204 1635 ‚
228 1581 275 1625 in
297 1596 423 1625 sensu
447 1590 591 1625 autem
613 1580 809 1625 naturale
827 1581 1089 1625 desiderium
1111 1581 1283 1641 quietis.
1306 1580 1436 1634 Quod

48 1660 191 1694 autem
216 1651 414 1711 quietum
439 1660 528 1705 est,
567 1666 655 1695 non
676 1661 738 1696 est
772 1651 909 1709 nihil;
933 1653 1020 1696 imo
1050 1653 1181 1697 etiarn
1213 1652 1347 1711 magis
1371 1660 1436 1696 est

47 1736 180 1781 quam
220 1721 266 1765 id
299 1721 419 1782 quod
453 1722 697 1782 inquietum
731 1730 808 1766 est.
846 1722 1114 1783 Inquietudo
1149 1723 1266 1767 enim
1300 1723 1437 1767 variat

47 1792 323 1846 affectiones,
350 1801 400 1836 ut
427 1790 560 1836 altera
583 1787 762 1837 alteram
787 1793 968 1852 perimat
994 1813 1003 1838 :
1030 1794 1151 1853 quies
1184 1804 1331 1839 autem
1354 1794 1434 1838 ha-

51 1863 125 1907 bet
145 1863 448 1918 constantiam,
474 1863 519 1906 in
539 1879 625 1923 qua
642 1864 826 1908 maxime
847 1863 1106 1923 intelligitur
1123 1864 1244 1925 quod
1258 1865 1434 1920 dicitur,

49 1943 127 1978 est.
153 1934 306 1977 Omnis
327 1934 473 1993 itaque
494 1933 566 1977 ille
589 1937 805 1994 appetitus
826 1935 872 1980 in
893 1934 1119 1980 voluntate
1138 1936 1287 1979 mortis
1306 1970 1318 1989 ‚
1344 1950 1435 1980 non

51 2013 102 2048 ut
122 2005 198 2064 qui
228 2005 412 2048 moritur
439 2020 528 2048 non
549 2004 624 2059 sit,
650 2006 726 2050 sed
748 2015 797 2050 ut
818 2007 1060 2067 requiescat
1087 2006 1344 2051 intenditur.
1372 2010 1439 2051 Ita

50 2091 151 2121 cum
173 2092 317 2121 errore
339 2075 488 2120 credat
509 2092 598 2120 non
613 2092 656 2120 se
679 2077 879 2122 futurum
894 2113 905 2132 ‚
930 2088 1083 2122 natura
1102 2087 1246 2123 tamen
1264 2079 1437 2139 quietus

49 2162 140 2191 esse
153 2181 164 2202 ‚
189 2148 274 2192 hoc
295 2157 374 2201 est,
391 2147 525 2205 magis
538 2163 626 2191 esse
641 2148 869 2192 desiderat.
892 2152 1168 2209 Quapropter
1185 2150 1296 2195 sicut
1310 2148 1433 2194 nullo

50 2226 178 2276 pacto
200 2218 292 2262 fieri
317 2226 483 2277 potest,
510 2227 559 2262 ut
586 2233 676 2263 non
707 2233 797 2262 esse
824 2219 1014 2279 aliquem
1034 2219 1167 2264 libeat
1193 2239 1202 2265 :
1227 2221 1287 2265 ita
1310 2219 1435 2265 nullo

49 2297 177 2347 pacto
199 2289 293 2332 fieri
314 2297 515 2349 oportet,
542 2298 591 2333 ut
613 2305 663 2333 ex
686 2305 736 2334 eo
766 2288 886 2350 quod
910 2299 975 2335 est
1001 2291 1214 2351 quisque,
1249 2291 1434 2336 bonitati

53 2359 269 2405 Creatoris
290 2359 489 2419 ingratus
512 2360 579 2404 sit.
1204 2361 1207 2364 “

110 2431 272 2474 XXIV.
312 2431 355 2475 Si
379 2430 533 2475 dixerit
555 2447 562 2471 z
593 2433 687 2475 Non
719 2441 810 2476 erat
835 2442 982 2477 tamen
1012 2431 1191 2476 difficile
1213 2442 1288 2476 aut
1311 2433 1435 2477 labo-

55 2499 215 2545 riosum
235 2500 528 2560 omnipotenti
555 2504 641 2545 D;o
658 2536 668 2556 ‚
694 2511 743 2546 ut
769 2502 914 2548 omnia
938 2517 1227 2562 quaecumque
1256 2501 1359 2548 fecit
1380 2504 1440 2549 sic

1193 2572 1258 2613 24.
