1729 3143
4 2580 13 3143 ———..————„——

448 208 502 235 DE
533 207 684 236 manao
714 202 929 246 Anmnuo,
963 207 1046 236 Lus.
1071 190 1146 234 ¹111.
1283 207 1289 210 ·
1399 197 1484 236 399

103 274 212 325 Quae
239 271 341 317 fidei
369 271 620 332 disciplina,
655 282 706 317 ut
736 275 992 319 auctoritate
1021 270 1298 332 praepolleat,
1339 270 1486 316 divina

103 342 394 388 misericordia
426 345 710 403 gubernatur.
749 343 980 388 Praesentia
1010 358 1114 390 vero
1135 373 1162 398 ,ι
1182 350 1395 402 quantum
1431 340 1502 386 ad(

43 463 48 467 .
105 424 348 459 creaturam
384 417 598 476 pertinet,
633 416 676 460 in
710 414 899 472 corporis
931 423 974 458 et
1007 414 1138 458 animi
1172 411 1406 458 mobilitate
1444 422 1488 457 et

105 487 395 530 mutabilitate
411 521 422 541 ,
462 486 586 546 quasi
625 485 894 530 transeuntia
934 486 1198 530 sentiuntur.
1237 487 1290 529 In
1326 484 1488 547 quibus

104 556 321 617 quidquid
344 573 433 601 non
454 557 717 617 experimur,
743 555 992 614 cognitione
1013 555 1323 615 qualicumque
1343 565 1490 599 tenere

103 642 194 671 non
218 642 458 686 possumus.
484 631 784 687 Quaecumque
801 641 902 684 ergo
924 626 1050 670 nobis
1069 627 1123 670 de
1140 627 1490 686 quibuscumque

102 699 309 742 creaturis
340 698 410 742 vel
442 698 659 758 praeterita
685 697 756 743 vel
777 697 926 742 futura
947 696 1094 742 divina
1116 697 1372 742 auctoritate
1394 711 1490 740 cre-

104 766 246 812 denda
275 778 531 824 narrantur,
562 768 758 829 quamvis
789 768 943 826 partim
963 767 1081 825 prius
1102 782 1237 827 quam
1260 783 1308 811 ea
1331 765 1493 811 sentire

64 872 69 875 «
103 839 373 897 potuerimus
394 840 707 898 praeterierint,
736 839 892 898 partim
910 838 1108 883 nondum
1132 838 1177 881 in
1204 846 1372 882 nostros
1394 851 1493 880 sen-

103 921 175 952 sus
200 909 499 968 pervenerint,
535 918 682 953 tamen
716 908 817 966 quia
852 908 1086 965 plurimum
1110 907 1258 950 valent
1285 906 1339 950 ad
1363 907 1494 951 robo-

102 978 282 1021 randam
301 993 421 1037 spem
439 986 653 1031 nostram,
679 986 722 1021 et
739 977 1050 1021 exhortandam
1067 975 1364 1031 dilectionem,
1386 976 1494 1020 dum

103 1047 230 1092 nobis
251 1048 560 1093 commendant
583 1063 660 1106 per
681 1047 1041 1092 ordinatissimam
1066 1046 1217 1090 seriem
1246 1056 1495 1106 temporum

104 1133 236 1178 quam
254 1133 343 1162 non
360 1117 552 1175 negligat
572 1118 876 1162 liberationem
897 1127 1087 1162 nostram
1119 1120 1230 1162 Deus
1248 1152 1260 1172 ,
1292 1117 1383 1161 sine
1405 1116 1495 1161 ulla

104 1188 377 1234 dubitatione
398 1188 617 1232 credenda
637 1197 754 1232 sunt.
788 1188 874 1234 Sed
896 1189 1093 1249 quisquis
1121 1205 1242 1233 error
1264 1204 1496 1249 personam

59 1284 62 1287 -
104 1260 186 1305 sibi
204 1259 362 1304 divinae
385 1259 626 1302 autoritatis
649 1259 847 1313 assumit,
873 1275 922 1303 ea
943 1261 1128 1303 maxime
1144 1260 1310 1303 ratione
1333 1259 1497 1304 refelli·

104 1340 196 1385 tur,
222 1330 255 1374 si
274 1339 350 1374 aut
370 1328 561 1389 aliquam
577 1328 646 1373 vel
665 1322 921 1373 mutabilem
939 1330 1124 1389 speciem
1144 1339 1302 1389 praeter
1323 1340 1497 1374 creatu-

104 1417 196 1446 ram
221 1402 322 1456 Dei,
349 1410 424 1445 aut
459 1400 650 1460 aliquam
674 1400 930 1444 mutabilem
961 1401 1146 1460 speciem
1179 1402 1226 1444 in
1255 1400 1497 1445 substantia

104 1474 183 1518 Dei
203 1473 378 1518 credere
400 1481 476 1516 aut
498 1472 713 1515 affirmare
744 1472 1018 1516 convincitur
1035 1506 1047 1527 ,
1082 1487 1268 1531 eamque
1295 1472 1498 1516 substan-

105 1545 209 1589 tiam
233 1545 308 1588 Dei
329 1543 398 1588 vel
423 1542 519 1601 plus
542 1542 608 1587 vel
635 1542 775 1586 minus
793 1557 925 1601 quam
945 1542 1200 1585 Trinitatem
1216 1557 1305 1586 esse
1318 1552 1499 1587 conten-

105 1615 171 1659 dit
191 1633 200 1660 :
221 1616 291 1658 cui
316 1612 516 1657 Trinitati
539 1613 608 1671 pie
630 1612 861 1672 sobrieque
882 1612 1179 1671 intelligendae
1201 1613 1342 1657 omnis
1365 1628 1500 1658 excu-

106 1685 182 1730 bat
202 1684 424 1743 vigilantia
447 1682 700 1737 christiana,
735 1692 777 1726 et
800 1682 941 1727 omnis
962 1683 1055 1742 ejus
1088 1692 1318 1742 provectus
1348 1683 1498 1727 inten-

106 1755 239 1800 ditur.
263 1758 324 1799 De
346 1754 468 1812 cujus
493 1753 712 1796 Trinitatis
734 1753 901 1797 unitate
924 1762 968 1797 et
989 1753 1262 1812 aequalitate,
1289 1762 1333 1798 et
1349 1754 1501 1812 singu-

106 1825 248 1870 larum
276 1825 322 1868 in
357 1839 407 1868 ea
435 1839 719 1883 personarum
757 1824 945 1884 quadam
983 1825 1268 1884 proprietate,
1309 1840 1400 1868 non
1430 1824 1500 1869 hic

107 1895 227 1941 locus
248 1904 310 1939 est
333 1893 584 1938 disserendi.
610 1897 719 1940 Nam
742 1909 1083 1939 commemorare
1105 1894 1308 1954 quaedam
1331 1893 1386 1939 de
1407 1897 1500 1939 Do-

108 1966 228 2010 mino
251 1968 339 2009 Deo
366 1973 542 2009 auctore
563 1974 607 2008 et
632 1964 867 2008 formatore
896 1973 939 2008 et
960 1964 1211 2008 ordinatore
1234 1979 1380 2008 rerum
1402 1978 1500 2008 om-

109 2040 231 2083 nium
250 2072 260 2092 ‚
286 2052 385 2097 quae
406 2035 462 2080 ad
478 2035 805 2080 saluberrimam
824 2035 956 2079 fidem
978 2035 1225 2094 pertineant
1240 2069 1251 2090 ,
1276 2044 1320 2079 et
1339 2035 1500 2094 quibus

110 2110 274 2155 lactens
296 2119 427 2169 atque
445 2124 466 2152 a
492 2108 669 2152 terrenis
687 2108 731 2151 in
748 2106 937 2169 coelestia
953 2122 1044 2151 sese
1058 2106 1256 2151 attollere
1271 2107 1498 2166 incipiens,

113 2181 278 2226 utiliter
300 2178 638 2225 adminiculetur
660 2179 845 2223 intentio
859 2213 870 2233 ,
905 2188 948 2223 et
981 2178 1102 2224 sactu
1133 2178 1392 2223 facillimum
1413 2187 1457 2223 et
1477 2193 1503 2222 a

114 2254 330 2315 plerisque
347 2254 434 2312 jam
458 2251 704 2296 factitatum
721 2259 785 2294 est
805 2269 814 2296 ε
837 2259 1099 2310 pertractare
1118 2260 1264 2295 autem
1287 2251 1413 2295 istam
1433 2259 1503 2295 to-

115 2334 221 2379 tam,
248 2335 378 2385 atque
400 2324 458 2368 ita
478 2338 648 2369 versare
670 2322 972 2382 quaestionem,
999 2331 1047 2365 ut
1068 2323 1306 2382 perspicuae
1327 2322 1499 2378 rationi,

117 2406 331 2457 quantum
354 2395 398 2439 in
417 2395 497 2438 hac
519 2394 607 2438 vita
628 2392 757 2436 datur
773 2427 784 2447 ,
820 2393 959 2437 omnis
992 2393 1184 2437 humana
1216 2391 1501 2452 intelligentia

119 2468 372 2527 subjugetur
389 2500 400 2520 ,
425 2480 514 2509 non
539 2463 669 2508 modo
698 2463 896 2523 eloquio,
930 2463 1005 2508 sed
1035 2479 1089 2508 ne
1111 2463 1371 2522 cogitatione
1400 2463 1501 2523 qui-

121 2537 221 2581 dem
242 2536 312 2582 vel
332 2536 535 2596 cuiquam
556 2533 802 2589 hominum,
825 2532 894 2579 vel
917 2542 1033 2579 certe
1059 2533 1185 2579 nobis
1205 2534 1305 2578 satis
1325 2532 1501 2593 expedi-
