1729 3143
213 216 233 254 4
244 216 294 254 44
641 225 673 253 S.
710 227 938 253 AUGUSTINI
973 228 1150 257 Eprscom

210 296 407 354 apparuit
423 293 556 347 arida,
573 292 617 336 id
632 302 694 337 est
706 328 716 347 ‚
738 294 882 338 sitiens
901 293 1083 338 imbrem
1099 295 1319 340 coelestem
1336 296 1580 341 divinorum

208 364 511 408 mandatorum
530 382 539 407 ι
560 363 636 422 qui
650 363 836 423 populus
851 380 986 408 unum
1003 368 1140 409 Deum
1158 365 1358 420 colendo,
1377 375 1585 427 tanquam

207 435 376 490 irrigata
395 441 521 486 terra,
534 432 757 478 utfructus
774 435 899 479 utiles
917 445 1056 494 posset
1074 436 1243 491 afferre,
1259 445 1426 480 sanctas
1444 438 1587 496 Scrip-

208 514 322 548 turas
346 511 388 546 et
411 504 662 562 Prophetias
683 507 861 566 accepit.
890 510 992 551 Haec
1009 507 1124 551 enim
1139 518 1241 552 aetas
1259 507 1400 566 potuit
1413 508 1501 567 jam
1522 522 1588 565 ge⁴

208 591 359 619 nerare
381 575 594 634 populum
618 579 706 622 Deo
721 613 732 632 ‚
758 579 860 638 quia
878 589 920 623 et
945 579 1066 624 tertia
1089 588 1217 634 aetaS‚
1242 578 1286 623 id
1303 588 1366 623 est
1381 613 1392 633 ‚
1417 577 1588 623 adoles-

206 647 346 690 centia
364 646 473 690 filios
491 647 651 692 habere
661 649 749 708 jam
763 659 918 708 potest.
938 653 993 694 Et
1008 650 1106 694 ideo
1121 649 1173 694 ad
1187 649 1408 694 Abraham
1422 648 1588 694 dictum

206 727 268 762 est
291 737 299 761 :
329 721 536 762 «Patrem
560 719 797 764 multarum
817 720 1010 779 gentium
1032 721 1157 780 posui
1186 730 1250 775 te,
1277 731 1321 766 et
1345 735 1524 779 augeam
1546 728 1590 763 te

211 809 227 829 »
251 788 378 833 nimis
395 789 491 833 vale
504 825 514 843 ‚
545 799 586 834 et
604 806 764 849 ponam
782 801 825 835 te
841 792 885 834 in
902 800 1050 850 gentes
1065 828 1075 846 ,
1096 801 1139 835 et
1154 807 1273 851 reges
1291 791 1345 836 de
1360 801 1402 836 te
1419 791 1586 844 exient,

208 876 228 898 ³)
257 868 298 902 et
321 874 480 917 ponam
499 870 805 905 testamentum
825 877 971 905 meum
990 861 1102 905 inter
1118 878 1186 905 me
1203 872 1245 905 et
1264 871 1322 916 te,
1341 870 1383 906 et
1400 861 1513 905 inter
1526 875 1591 904 se-

209 948 229 969 »
251 944 351 973 men
375 940 498 974 tuum
523 940 617 987 post
640 937 681 971 te
695 962 706 982 ‚
728 931 773 970 in
798 933 1095 986 generationes
1121 946 1272 973 eorum
1294 931 1339 975 in
1359 941 1592 976 testamen-

207 1017 228 1041 »
252 1009 345 1043 tum
364 1009 576 1042 aeternum
597 1017 604 1042 :
623 1007 673 1041 ut
691 998 770 1042 sim
794 998 875 1041 tibi
892 1001 1004 1042 Deus
1020 1033 1030 1052 ‚
1057 1007 1099 1041 et
1122 999 1274 1042 semini
1300 1009 1375 1044 tuo
1403 1011 1500 1058 post
1523 1010 1591 1044 te:

209 1088 229 1111 »
256 1079 299 1113 et
317 1069 369 1113 da
379 1070 431 1112 bo
450 1068 529 1112 tibi
551 1078 593 1112 et
616 1068 769 1113 semini
790 1077 868 1112 tuo
885 1077 982 1127 post
1002 1077 1042 1112 te
1060 1077 1217 1112 terram
1239 1069 1284 1112 in
1302 1085 1389 1129 qua
1405 1070 1590 1123 habitem,

211 1158 229 1180 »
256 1154 431 1183 omnem
466 1148 625 1183 terram
657 1140 865 1184 Chanaan
898 1139 941 1183 in
971 1140 1279 1198 possessionem
1304 1149 1532 1195 aeternam,
1552 1149 1594 1184 et

211 1230 229 1250 »
255 1225 328 1254 ero
352 1209 434 1254 illis
453 1213 611 1254 Deus¹.
632 1228 651 1251 »
674 1212 777 1254 Haec
801 1219 903 1254 aetas
929 1210 1163 1269 porrigitur
1193 1210 1246 1253 ab
1274 1210 1490 1254 Abraham
1518 1226 1594 1254 us-

206 1297 292 1342 que
310 1281 364 1326 ad
380 1282 515 1326 David
534 1281 866 1342 quatuordecim
883 1281 1247 1340 generationibus.
1262 1282 1404 1340 Hujus
1417 1296 1592 1340 vespera

207 1363 271 1397 est
297 1355 341 1397 in
371 1353 522 1413 populi
554 1354 761 1413 peccatis,
801 1353 960 1413 quibus
988 1351 1133 1396 divina
1160 1352 1364 1397 mandata
1398 1353 1594 1412 praeteri-

209 1425 339 1479 bant,
375 1440 514 1484 usque
533 1424 587 1468 ad
607 1423 817 1468 malitiam
835 1424 1005 1483 pessimi
1025 1425 1133 1482 regis
1159 1424 1275 1468 Saiil.

266 1498 519 1539 XXXVIII.
554 1498 608 1539 Et
631 1495 733 1538 inde
756 1496 805 1539 fit
826 1510 954 1538 mane
975 1509 1157 1552 regnum
1180 1494 1332 1539 David.
1362 1496 1465 1539 Haec
1492 1503 1595 1539 aetas

207 1566 355 1610 similis
387 1566 630 1625 juventutis
653 1574 730 1609 est.
761 1569 816 1609 Et
838 1580 986 1609 revera
1013 1565 1126 1609 inter
1154 1580 1303 1609 omnes
1326 1573 1472 1609 aetates
1495 1581 1593 1624 reg-

207 1648 281 1682 nat
309 1640 544 1698 juventus,
576 1647 619 1682 et
647 1638 737 1697 ipsa
768 1647 832 1681 est
863 1638 1038 1681 firmum
1070 1645 1373 1682 ornamentum
1398 1638 1594 1682 omnium

207 1718 384 1752 aetatum
413 1729 422 1754 2
448 1718 489 1752 et
511 1709 610 1753 ideo
634 1709 746 1752 bene
765 1717 1041 1767 comparatur
1063 1717 1220 1766 quarto
1238 1707 1350 1763 diei,
1376 1723 1464 1768 quo
1484 1707 1593 1751 facta

207 1789 308 1823 sunt
340 1779 478 1822 sidera
508 1779 552 1822 in
589 1780 863 1823 firmamento
899 1756 1167 1843 coeliOEuid
1204 1779 1317 1821 enim
1352 1778 1595 1849 evidentius

207 1849 419 1908 significat
455 1848 728 1908 splendorem
767 1849 888 1907 regni
927 1862 1058 1908 quam
1093 1846 1191 1892 solis
1225 1846 1510 1891 excellentia?
1538 1850 1595 1891 Et

206 1919 378 1979 plebem
413 1920 787 1979 obtemperantem
826 1934 960 1978 regno
995 1917 1200 1977 splendor
1236 1918 1352 1961 lunae
1375 1927 1494 1962 osten
1533 1918 1591 1972 it,

208 2001 414 2051 tanquam
438 2006 703 2049 synagogam
735 1991 870 2049 ipsam
888 2025 898 2043 ‚
931 1998 973 2032 et
1003 1988 1138 2032 stellae
1166 1988 1382 2047 principes
1404 1989 1520 2048 ejus,
1552 1998 1595 2032 et

207 2062 350 2106 omnia
386 2071 594 2121 tanquam
627 2062 671 2104 in
704 2061 978 2104 firmamento
1002 2060 1046 2102 in
1079 2059 1202 2117 regni
1230 2058 1464 2103 stabilitate
1489 2057 1594 2102 fun-

206 2132 320 2176 data.
350 2135 486 2193 Hujus
509 2133 630 2193 quasi
658 2148 833 2192 vespera
856 2140 916 2175 est
941 2131 986 2174 in
1013 2131 1201 2190 peccatis
1231 2145 1380 2188 regum
1397 2165 1407 2184 ,
1435 2130 1594 2189 quibus

207 2203 275 2247 illa
300 2219 402 2262 gens
426 2204 583 2248 meruit
605 2203 809 2262 captivari
832 2212 963 2262 atque
985 2201 1158 2246 servire.

266 2276 470 2318 XXXIX.
503 2277 560 2318 Et
590 2274 640 2317 fit
680 2288 806 2317 mane
843 2272 1161 2330 transmigratio
1195 2270 1241 2314 in
1274 2269 1592 2327 Babyloniam,

208 2360 307 2388 cum
329 2345 374 2389 in
403 2360 451 2389 ea
483 2344 731 2404 captivitate
763 2342 951 2403 populus
978 2341 1133 2386 leniter
1169 2341 1214 2384 in
1248 2340 1478 2400 peregrino
1506 2341 1594 2383 otio

210 2415 444 2460 collocatus
466 2425 542 2460 est.
564 2418 621 2460 Et
637 2415 875 2474 porrigitur
891 2415 985 2458 haec
1006 2422 1108 2457 aetas
1129 2427 1268 2472 usque
1286 2410 1339 2455 ad
1357 2410 1593 2454 adventum

211 2486 382 2529 Domini
405 2487 538 2530 nostri
563 2489 665 2530 Jesu
688 2485 874 2540 Christi,
901 2484 944 2529 id
969 2493 1032 2529 est
1052 2519 1063 2539 ‚
1094 2483 1249 2542 quinta
1268 2490 1369 2526 aetas
1385 2516 1396 2535 ,
1433 2479 1593 2524 scilicet

260 2576 266 2591 ¹
286 2570 365 2601 Gen.
387 2582 462 2611 xvii,
481 2570 556 2612 4-8.
