1729 3143
246 194 331 233 270
680 200 715 229 s.
751 199 981 228 Aucusnm
1013 199 1195 228 131>1scoi>1

242 279 416 324 vocata,
449 269 495 313 in
523 267 615 312 aliis
650 265 847 320 dimissa,
881 265 958 310 sed
978 264 1180 310 universa
1206 274 1436 324 propterea
1456 275 1625 323 vocata,

241 350 293 386 ut
319 338 563 384 ambularet
595 336 642 380 in
672 334 770 380 luce
800 336 997 394 Domini,
1034 336 1242 396 quoniam
1276 345 1501 395 propterea
1537 346 1630 382 erat

241 410 428 461 dimissa,
454 405 575 467 quod
597 421 688 450 non
709 406 964 451 ambulabat
985 407 1030 450 in
1052 406 1151 451 luce
1173 407 1369 464 Domini,
1408 417 1484 452 aut
1513 417 1628 453 certe

237 481 297 524 sic
318 480 364 522 in
386 477 479 521 aliis
499 485 673 533 vocata,
697 477 744 520 in
765 475 856 520 aliis
878 477 1074 532 dimissa,
1100 485 1150 520 ut
1177 475 1298 520 nulla
1320 476 1435 522 facta
1457 491 1630 536 separa-

239 548 358 592 tione
378 562 538 591 mensae
559 545 790 591 dominicae
813 547 869 590 ad
890 547 1050 592 Christi
1073 546 1330 591 sacrificium
1352 547 1598 606 pertinente
1614 581 1626 602 ,

238 615 320 660 sub
341 617 503 661 eisdem
516 616 737 662 veteribus
758 618 1035 661 sacramentis
1058 625 1199 661 essent
1220 617 1411 676 utrique,
1431 626 1476 660 et
1497 616 1528 659 ii
1548 616 1630 660 sci-

237 686 339 731 licet
355 686 431 746 qui
452 688 497 731 in
522 686 621 732 luce
645 687 818 731 Domini
838 687 1109 731 ambulantes
1130 689 1222 747 ejus
1245 695 1464 746 praecepta
1487 701 1630 731 serva-

236 765 342 800 runt
358 790 371 810 ,
406 765 451 800 et
470 757 501 800 ii
517 757 594 816 qui
607 756 822 816 justitiam
843 766 1095 816 respuentes
1118 756 1173 800 ab
1202 772 1253 800 eo
1286 756 1426 800 deseri
1453 770 1630 800 merue-

235 834 364 871 runt:
391 827 426 870 si
446 827 541 872 haec
559 842 663 886 ergo
685 827 745 871 sic
767 826 1010 886 intelligere
1031 826 1178 882 vultis,
1203 827 1310 887 quid
1328 827 1489 871 dicturi
1511 826 1626 880 estis,

235 905 279 941 et
299 897 524 956 quomodo
546 897 679 941 alium
702 898 965 955 Prophetam
986 897 1269 951 intellecturi,
1295 897 1372 955 qui
1394 897 1517 940 vobis
1540 910 1629 939 om·

234 967 339 1011 nino
366 968 479 1012 hanc
501 976 698 1026 amputat
720 981 895 1017 vocem,
921 974 1043 1010 tanta
1065 966 1418 1009 manifestatione
1435 966 1629 1010 claman-

233 1047 322 1082 tem
340 1057 349 1082 :
378 1055 398 1079 «
418 1040 517 1083 Non
550 1048 613 1082 est
647 1036 754 1081 mihi
787 1036 990 1081 voluntas
1020 1036 1067 1079 in
1102 1036 1241 1091 vobis,
1280 1035 1386 1080 dicit
1418 1035 1629 1080 Dominus

238 1124 261 1148 »
293 1109 594 1166 omnipotens,
630 1115 675 1148 et
704 1106 964 1150 sacrificium
997 1121 1087 1150 non
1115 1106 1325 1165 accipiam
1348 1105 1404 1149 de
1425 1105 1629 1149 manibus

233 1195 254 1219 »
289 1176 456 1221 vestris.
482 1175 591 1227 Quia
612 1175 668 1218 ab
690 1174 870 1219 Oriente
891 1175 980 1220 sole
1003 1191 1141 1236 usque
1163 1176 1209 1220 in
1230 1175 1516 1220 Occidentem
1545 1190 1630 1219 no-

233 1263 256 1288 »
290 1261 393 1290 men
425 1260 571 1289 meum
593 1243 762 1288 clarum
788 1244 956 1289 factum
978 1255 1041 1289 est
1062 1246 1109 1290 in
1131 1246 1356 1304 gentibus,
1381 1255 1425 1290 et
1444 1246 1492 1289 in
1508 1245 1629 1289 omni

233 1334 254 1358 »
288 1315 388 1360 loco
404 1314 663 1360 sacrificium
681 1314 866 1358 offertur
887 1316 1056 1358 nomini
1078 1330 1192 1367 meo,
1213 1314 1473 1358 sacrificium
1493 1329 1626 1357 mun-

232 1403 254 1428 »
288 1385 396 1428 dum
413 1403 421 1429 :
446 1384 656 1443 quoniam
674 1398 881 1441 magnum
898 1398 1060 1427 nomen
1076 1398 1225 1426 meum
1247 1383 1293 1426 in
1312 1384 1534 1441 gentibus,
1555 1384 1626 1428 di-

233 1473 254 1497 »
288 1456 345 1498 cit
377 1453 588 1498 Dominus
617 1453 938 1510 omnipotens¹.
963 1470 983 1493 »
1009 1454 1106 1505 Qua
1143 1452 1322 1496 tandem
1351 1468 1457 1497 voce
1490 1462 1626 1497 tantae

229 1539 374 1569 rerum
397 1523 626 1568 evidentiae
649 1521 916 1565 reclamatis?
937 1521 1056 1575 Quid
1082 1537 1158 1567 vos
1181 1522 1367 1581 amplius
1393 1523 1520 1567 nimis
1542 1523 1626 1567 im-

229 1595 446 1655 pudenter
462 1593 682 1647 extollitis,
701 1601 750 1636 ut
763 1592 958 1650 graviore
972 1593 1096 1636 ruina
1111 1592 1398 1637 miserabilius
1416 1594 1624 1652 pereatis?

232 1683 254 1707 «
288 1667 385 1710 Non
406 1672 470 1708 est
490 1663 597 1707 mihi
612 1662 815 1707 voluntas
832 1662 878 1705 in
894 1662 1034 1716 vobis,
1051 1662 1174 1717 dicit,
1190 1680 1210 1703 »
1223 1678 1313 1707 non
1331 1663 1620 1723 quicumque,

229 1735 321 1789 sed,
340 1734 588 1778 «Dominus
605 1732 896 1790 omnipotens.
917 1750 936 1773 »
954 1732 1070 1784 Quid
1088 1741 1261 1776 tantum
1279 1733 1334 1776 de
1349 1734 1538 1777 Abrahae
1555 1748 1624 1777 se-

229 1804 345 1848 mine
361 1802 620 1861 gloriamini,
646 1800 723 1860 qui
745 1800 1016 1860 ubicumque
1038 1801 1195 1845 auditis
1216 1802 1354 1845 Jacob
1377 1813 1453 1846 aut
1470 1802 1617 1858 Isra'e'l,

229 1883 305 1918 aut
316 1873 495 1917 domum
504 1872 640 1916 Jacob
654 1871 723 1915 vel
736 1871 917 1915 domum
932 1871 1079 1926 Israel,
1095 1887 1195 1915 cum
1212 1871 1357 1932 aliqua
1371 1871 1502 1916 laude
1515 1873 1618 1928 dici,

229 1942 489 1989 contenditis
510 1944 594 1986 hoc
615 1957 704 1985 non
723 1942 912 2000 potuisse
929 1941 1030 1995 dici,
1055 1942 1136 1984 nisi
1159 1941 1214 1985 de
1235 1942 1385 1985 vobis?
1407 1958 1508 1986 cum
1530 1945 1621 1986 Do-

229 2014 373 2058 minus
391 2014 665 2072 omnipotens
683 2011 820 2055 dicat:
839 2030 859 2053 «
873 2014 971 2056 Non
989 2020 1053 2055 est
1070 2011 1177 2054 mihi
1193 2010 1396 2055 voluntas
1414 2012 1457 2055 in
1476 2012 1616 2064 vobis,

231 2103 253 2126 n
288 2094 332 2129 et
351 2083 610 2128 sacrificium
632 2097 722 2126 non
743 2081 950 2139 accipiam
972 2080 1027 2123 de
1049 2081 1250 2124 manibus
1270 2081 1474 2126 vestris.»
1491 2083 1620 2126 Certe

229 2155 300 2199 hic
329 2168 486 2212 negare
510 2168 601 2197 non
628 2151 848 2211 potestis&
883 2165 973 2194 non
995 2149 1136 2194 solum
1158 2150 1284 2194 illum
1307 2166 1396 2195 non
1424 2151 1619 2210 accipere

230 2225 487 2269 sacrificium
520 2222 576 2266 de
608 2221 810 2265 manibus
837 2220 1005 2274 vestriS,
1033 2219 1110 2263 sed
1144 2235 1226 2264 nec
1256 2236 1331 2264 vos
1358 2219 1422 2264 illi
1461 2221 1618 2265 offerre

229 2295 432 2339 manibus
448 2294 610 2338 vestris.
631 2295 773 2337 Locus
789 2291 906 2334 enim
924 2305 1037 2334 unus
1060 2299 1123 2334 est
1140 2293 1254 2348 Lege
1273 2291 1446 2334 Domini
1461 2292 1618 2336 consti·

231 2373 373 2421 tutus,
399 2365 476 2409 ubi
497 2364 699 2408 manibus
723 2362 874 2407 vestris
896 2361 1101 2406 sacrificia
1118 2361 1245 2420 jussit
1270 2361 1434 2416 offerri,
1461 2371 1617 2421 praeter

233 2450 363 2494 quem
376 2435 522 2480 locum
537 2434 715 2480 omnino
730 2432 969 2493 prohibuit.
989 2434 1117 2477 Hunc
1135 2446 1237 2490 ergo
1250 2431 1394 2477 locum
1408 2433 1615 2493 quoniam

278 2519 292 2536 ¹
315 2518 455 2552 Malach.
474 2530 500 2560 1,
522 2530 561 2553 ιο
578 2523 611 2551 et
631 2529 684 2552 ιι.
704 2534 743 2542 -
761 2524 774 2541 ²
794 2517 892 2559 Beda,
907 2527 963 2550 seu
981 2515 1098 2558 Florus,
1114 2515 1154 2549 ad
1171 2516 1270 2550 Hebr.
1292 2526 1345 2550 vn.
