1729 3143
376 242 459 269 Lm.
495 243 543 269 11.
574 243 629 269 m:
661 242 846 271 moranus
877 240 1219 271 MAMCHAEoRUM.
1404 230 1487 270 575

112 305 297 361 bubulo,
321 307 399 366 qui
419 315 483 352 est
509 316 624 352 certe
645 308 764 352 bovis
787 322 915 351 carne
942 307 1180 361 sordidior,
1211 320 1298 366 quo
1330 306 1490 351 siccato
1540 350 1543 363 „

112 376 259 421 rustici
276 377 336 421 sic
353 386 539 422 utuntur
561 377 616 422 ad
636 377 801 433 focum,
826 387 875 422 ut
891 379 982 438 ejus
1002 379 1102 438 igne
1123 377 1291 422 facilius
1312 375 1422 421 nihil
1437 377 1492 422 sit

111 445 324 507 fumoque
346 448 571 506 purgatius
590 450 608 492 Ρ
628 448 746 502 Quid
767 448 902 508 quod,
933 450 967 494 si
986 449 1101 494 nitor
1122 458 1166 493 et
1185 447 1332 507 fulgor
1354 448 1491 508 majo-

112 530 204 560 rem
219 518 499 576 'praesentiam
519 518 677 564 divinae
697 519 830 578 partis
852 518 1056 574 ostendit,
1081 534 1176 563 eam
1190 533 1265 563 vos
1287 533 1376 563 non
1391 534 1492 578 pur-

112 587 236 646 gatis,
250 602 340 633 non
350 589 627 648 consignatis,
645 604 735 634 non
747 588 937 634 liberatis
953 591 971 633 Ρ
989 590 1032 635 Si
1044 588 1221 649 quidem
1235 597 1299 633 est
1310 588 1493 633 maxime

111 656 159 701 in
178 657 361 703 floribus
376 693 387 715 ‚
413 668 464 704 ut
485 660 682 704 omittam
704 660 959 719 sanguinem
976 694 987 715 ‚
1024 669 1067 705 et
1095 658 1428 704 innumerabilia
1450 660 1494 702 in

111 742 240 772 carne
254 762 265 784 ‚
289 727 359 773 vel
382 743 433 774 ex
455 744 583 774 carne
601 728 835 784 simillima,
860 744 969 790 quos
992 738 1107 774 certe
1124 730 1251 775 flores
1267 729 1428 774 habere
1449 728 1495 773 in

111 798 251 857 epulis
283 813 374 844 non
399 800 577 859 potestis
602 820 611 845 :
635 801 711 860 qui
742 801 776 844 si
804 800 933 846 etiam
954 801 1156 845 carnibus
1186 799 1492 854 vesceremini,

111 881 312 926 squamas
344 878 461 913 certe
502 870 684 927 piscium
699 904 710 924 ‚
752 879 795 914 et
832 869 1045 929 quosdam
1078 870 1338 916 vermiculos
1368 879 1497 930 atque

112 951 280 981 muscas
296 971 308 992 ,
333 953 433 997 quae
456 938 601 983 omnia
617 939 746 983 etiam
767 939 813 983 in
834 939 1023 984 tenebris
1045 939 1142 984 luce
1163 941 1336 999 propria
1351 955 1498 985 corus-

111 1016 215 1051 cant
228 1041 239 1062 ,
262 1007 500 1066 pulmentis
522 1010 672 1053 vestris
690 1024 781 1054 non
803 1009 1080 1055 adhiberetis.

170 1078 336 1121 XLIII.
372 1076 489 1130 Quid
512 1078 645 1137 igitur
667 1088 798 1123 restat
818 1080 899 1124 nisi
926 1088 977 1124 ut
996 1079 1139 1124 dicere
1168 1080 1388 1134 desinatis,
1420 1080 1500 1123 ha-

111 1145 216 1191 bere
236 1161 311 1192 vos
335 1145 516 1193 idoneos
531 1148 699 1208 judices
717 1152 864 1194 oculos
880 1185 891 1205 ‚
917 1165 1069 1205 nares,
1093 1149 1288 1209 palatum
1302 1183 1314 1204 ,
1337 1148 1500 1209 quibus

113 1217 272 1262 divinae
297 1218 430 1277 partis
456 1220 730 1278 praesentiam
758 1221 805 1264 in
838 1221 1092 1280 corporibus
1121 1219 1401 1279 approbetis?
1423 1219 1499 1262 His

114 1296 261 1332 autem
278 1289 470 1345 remotis,
496 1290 614 1334 unde
632 1289 842 1335 docebitis
862 1306 952 1335 non
969 1291 1101 1335 modo
1111 1291 1317 1350 majorem
1332 1298 1500 1349 partem

115 1357 193 1401 Dei
217 1358 264 1401 in
284 1358 490 1418 stirpibus
511 1375 602 1404 esse
621 1376 754 1420 quam
777 1361 822 1404 in
843 1361 1046 1405 carnibus
1062 1395 1073 1416 ,
1103 1360 1178 1404 sed
1209 1360 1387 1415 omnino
1411 1373 1501 1403 esse

116 1426 283 1488 aliquid
304 1429 394 1488 ejus
411 1429 458 1473 in
474 1430 705 1488 stirpibus?
725 1434 794 1474 An
811 1430 1094 1490 pulchritudo
1115 1445 1190 1475 vos
1215 1437 1362 1475 movet
1377 1463 1388 1484 ,
1413 1443 1502 1473 non

115 1513 217 1558 quae
234 1499 280 1542 in
296 1499 507 1543 suavitate
525 1499 679 1544 coloris
692 1509 770 1555 est,
787 1500 862 1544 sed
879 1501 1037 1559 quaein
1054 1500 1242 1559 partium
1259 1513 1503 1557 congruen-

116 1569 209 1613 tia?
230 1569 407 1614 Utinam
424 1570 508 1615 hoc
526 1579 651 1615 esset.
677 1571 862 1623 Quando
887 1570 1004 1614 enim
1029 1569 1284 1628 corporibus
1302 1569 1502 1613 animan·
1523 1612 1527 1616 .

117 1639 229 1684 tium
245 1674 256 1695 ,
291 1639 338 1683 in
364 1655 553 1699 quorum
579 1640 719 1685 forma
751 1640 928 1699 paribus
951 1639 1078 1698 paria,
1101 1639 1298 1683 membra
1320 1653 1501 1698 respon-

117 1710 266 1765 deant,
284 1709 498 1755 auderetis
512 1711 690 1755 distorta
703 1710 821 1769 ligna
834 1708 1058 1754 conferre?
1072 1708 1156 1754 Sed
1168 1709 1202 1753 si
1213 1708 1503 1768 corporalium

119 1795 325 1825 sensuum
346 1781 603 1825 testimoniis
621 1780 915 1842 delectamini,
927 1780 1048 1839 quod
1071 1794 1242 1824 necesse
1263 1789 1326 1824 est
1346 1780 1411 1834 iis,
1429 1780 1505 1840 qui

119 1852 210 1897 vim
226 1851 420 1896 essentiae
439 1861 585 1896 mente
603 1851 751 1895 videre
772 1865 862 1895 non
882 1859 1084 1909 possunt,
1107 1849 1330 1909 quomodo
1346 1850 1506 1909 proba-

121 1922 176 1967 tis
196 1937 275 1982 per
296 1937 462 1966 moram
483 1922 690 1981 temporis
707 1956 717 1976 ‚
742 1930 785 1965 et
806 1936 882 1980 per
899 1920 1153 1965 obtritiones
1176 1920 1385 1979 quasdam
1404 1955 1415 1975 ‚
1434 1920 1506 1964 fu-

124 2008 224 2053 gere
241 1991 296 2037 de
318 1992 573 2052 corporibus
595 1991 880 2035 substantiam
901 1990 1033 2045 boni,
1056 1990 1137 2034 nisi
1154 1990 1256 2050 quia
1284 1989 1387 2034 inde
1416 1989 1505 2034 dis-

123 2063 240 2109 cedit
275 2065 389 2108 Deus
407 2097 418 2118 ,
458 2071 508 2106 ut
540 2061 745 2115 asseritis,
785 2069 829 2105 et
862 2060 917 2104 de
949 2059 1045 2105 loco
1078 2059 1123 2103 in
1152 2058 1299 2104 locum
1321 2059 1507 2118 migrat?

39 2184 41 2187 v
126 2133 311 2179 Plenum
339 2142 403 2177 est
434 2131 680 2177 dementiae.
714 2132 1027 2175 Verumtamen
1053 2130 1171 2188 signa
1193 2145 1268 2175 vos
1297 2129 1352 2174 ad
1384 2131 1534 2175 istamg

27 2205 30 2242 Ῑ
55 2229 62 2233 ·
126 2205 384 2250 sententiam
402 2213 445 2248 et
463 2203 644 2258 indicia,
669 2211 884 2262 quantum
905 2201 1144 2246 existimare
1165 2216 1362 2261 possum,
1388 2201 1510 2246 nulla

31 2278 33 2288 '
127 2275 361 2321 duxerunt.
391 2274 531 2320 Multa
554 2274 669 2318 enim
691 2282 837 2332 carpta
859 2272 914 2317 de
944 2272 1172 2317 arboribus
1194 2272 1263 2317 vel
1285 2272 1431 2317 evulsa
1454 2272 1510 2317 de

128 2348 264 2402 terra,
294 2354 526 2406 antequam
555 2344 610 2388 ad
640 2343 789 2388 cibum
817 2351 1014 2388 nostrum
1041 2343 1239 2398 veniant,
1276 2343 1509 2404 interposi-

129 2417 249 2462 tione
274 2417 418 2476 aliqua
442 2414 646 2474 temporis
667 2413 846 2458 meliora
867 2413 1139 2471 redduntur,
1163 2423 1213 2457 ut
1233 2415 1350 2473 porri
1375 2423 1419 2459 et
1438 2416 1510 2459 in·

131 2488 249 2543 tiba,
273 2487 477 2541 lactucae,
509 2501 631 2540 uvae,
666 2484 807 2539 mala,
840 2484 963 2540 ficus,
1001 2493 1044 2529 et
1075 2484 1276 2544 quaedam
1307 2486 1434 2544 pira:
1468 2495 1511 2529 et

134 2557 272 2604 multa
295 2565 500 2618 praeterea
516 2570 616 2616 quae
628 2563 671 2600 et
685 2554 933 2600 colorantur
954 2553 1122 2611 melius,
1140 2555 1246 2601 dum
1266 2568 1355 2602 non
1367 2555 1511 2602 statim
