1729 3143
275 164 354 201 128
713 171 746 196 s.
782 165 1013 196 Auens-nm
1044 168 1225 197 muscom

269 237 570 289 subtraheres,
595 243 637 278 et
667 232 784 276 fame
811 231 1008 276 domares
1038 233 1159 292 quod
1192 232 1318 277 freno
1357 247 1446 278 non
1476 238 1654 294 posses?

268 311 379 354 Caro
401 315 546 351 nostra
561 306 814 363 jumentum
831 311 1029 347 nostrum
1052 312 1116 348 est
1134 322 1144 347 :
1168 303 1250 347 iter
1272 303 1437 361 agimus
1459 305 1505 349 in
1526 308 1654 349 Jeru-

267 362 399 422 salem
422 396 431 421 :
456 375 716 435 plerumque
744 388 823 418 nos
851 372 962 432 rapit
988 389 1110 428 caro,
1138 381 1181 417 et
1202 372 1258 417 de
1278 374 1349 418 via
1371 384 1556 419 conatur
1577 391 1654 419 ex·-

267 448 442 492 cludere
457 449 487 489 ¹.
515 444 619 489 Tale
640 460 743 503 ergo
755 445 1006 504 jumentum
1028 445 1310 489 cohibeamus
1327 446 1518 505 jejuniis.
1543 447 1654 491 Vide

263 517 386 561 illurn
428 515 767 574 gubernatorem
818 514 1110 575 eumdemque
1157 516 1366 561 viatorem
1404 516 1651 576 apostolum

267 585 505 639 Paulum²‚
536 584 635 629 vide
667 585 791 629 illum
821 587 1073 645 jumentum
1104 601 1232 630 suurn
1263 586 1533 631 domantem.
1564 606 1585 629 «
1603 591 1655 631 In

267 674 286 696 »
314 654 454 710 fame,
487 655 652 715 inquit,
679 664 722 698 et
742 655 828 709 siti,
855 656 900 698 in
924 655 1099 715 jejuniis
1120 657 1276 715 saepius
1300 657 1464 715 castigo
1499 672 1657 717 corpus
1706 670 1729 722 {¹²

267 744 288 767 n
315 741 484 779 meum,
511 735 553 769 et
575 726 619 769 in
643 726 896 769 servitutem
930 725 1124 786 redigo3.
1147 744 1166 766 »
1195 729 1260 770 Ita
1283 741 1384 784 ergo
1406 737 1449 771 et
1472 736 1544 782 tu,
1579 728 1657 786 qui

265 796 487 840 ambulare
504 796 736 851 desideras,
759 795 889 840 doma
908 811 1084 840 carnem
1107 806 1245 852 tuam,
1271 806 1315 841 et
1336 796 1528 842 ambula.
1551 801 1657 842 Am-
1705 789 1708 829 ἷ

262 867 392 911 bulas
418 867 534 911 enim
551 901 562 921 ,
587 867 620 910 si
643 881 774 911 amas.
799 868 898 912 Non
929 866 1045 910 enim
1075 866 1131 910 ad
1164 870 1303 910 Deum
1329 867 1526 926 passibus
1544 902 1556 922 ‚
1580 866 1656 911 sed

265 938 497 982 affectibus
515 938 745 982 currimus.

322 1011 397 1051 IV.
434 1008 514 1051 Via
536 1023 640 1065 ergo
657 1008 736 1050 ista
758 1016 904 1050 nostra
937 1007 1211 1051 ambulantes
1230 1007 1404 1067 quaerit.
1435 1008 1534 1052 Tria
1555 1017 1659 1053 sunt
1703 1044 1706 1070 ς

262 1078 490 1121 hominum
511 1087 668 1130 genera
690 1086 790 1129 quae
808 1073 902 1114 odit
933 1091 941 1114 ε
969 1082 1267 1116 remanentem
1283 1108 1294 1127 ‚
1328 1084 1445 1119 retro
1468 1079 1659 1121 redeun-
1702 1075 1705 1097 ³

265 1157 349 1191 tem
369 1180 379 1199 ,
408 1144 699 1188 aberrantem.
726 1141 795 1185 Ab
814 1141 879 1185 his
902 1141 1043 1185 tribus
1066 1144 1296 1200 generibus
1320 1145 1445 1189 malis
1468 1148 1657 1192 Domino
1701 1151 1704 1192 ἑ

262 1217 499 1274 adjuvante
525 1211 771 1257 vindicetur
803 1220 846 1254 et
874 1209 1137 1255 defendatur
1161 1228 1328 1270 gressus
1366 1224 1529 1259 noster.
1559 1219 1658 1261 Jam
1701 1242 1720 1279 1-

262 1301 366 1329 vero
383 1299 482 1328 cum
503 1281 777 1326 ambulantes
799 1296 965 1334 summ,
984 1280 1092 1323 alius
1110 1281 1276 1326 tardius
1301 1283 1499 1328 ambulat
1514 1320 1524 1339 ‚
1546 1285 1654 1331 alius
1700 1291 1702 1295 ⁴

263 1356 443 1400 celerius
477 1353 705 1406 ambulat,
726 1361 872 1395 tamen
894 1351 1137 1395 ambulant.
1165 1353 1393 1398 Excitandi
1422 1364 1525 1399 sunt
1552 1372 1653 1414 ergo

262 1435 533 1471 remanentes
549 1459 559 1478 ‚
596 1433 710 1466 retro
731 1422 962 1465 redeuntes
982 1424 1236 1477 revocandi,
1263 1434 1453 1470 errantes
1470 1426 1517 1470 in
1539 1428 1654 1472 viam

262 1497 480 1549 ducendi,
520 1493 633 1538 tardi
670 1491 953 1546 exhortandi,
995 1493 1153 1536 celeres
1190 1494 1405 1539 imitandi.
1443 1497 1527 1549 Qui
1563 1514 1655 1543 non

261 1568 459 1628 proficit,
488 1565 692 1608 remansit
721 1564 765 1606 in
793 1562 890 1607 via:
922 1563 997 1621 qui
1026 1562 1139 1608 forte
1173 1580 1195 1607 a
1222 1565 1401 1609 meliore
1431 1569 1653 1627 proposito

261 1636 451 1681 declinat
474 1635 528 1678 ad
555 1634 599 1677 id
627 1633 747 1692 quod
770 1631 960 1676 deterius
984 1632 1241 1692 1·eliquerat‚
1275 1650 1469 1680 reversus
1493 1647 1557 1681 est
1580 1654 1651 1682 re-

261 1718 328 1752 tro
351 1726 359 1751 :
385 1706 461 1766 qui
482 1705 613 1748 fidem
636 1703 810 1757 deserit,
838 1719 861 1746 a
882 1702 951 1746 via
973 1703 1143 1746 erravit.
1165 1706 1278 1748 Cum
1302 1705 1434 1749 tardis
1451 1707 1505 1750 sit
1522 1709 1652 1753 nobis

260 1788 303 1823 et
323 1793 422 1822 cum
445 1774 721 1820 celerioribus
743 1773 873 1828 ratio,
899 1788 999 1817 cum
1017 1773 1345 1818 ambulantibus
1366 1785 1526 1821 tamen.
1545 1780 1651 1830 Quis

261 1849 416 1907 estqui
438 1863 526 1891 non
547 1845 749 1905 proficit?
772 1844 854 1897 Qui
871 1859 914 1888 se
936 1846 1156 1902 putaverit
1173 1859 1262 1888 esse
1282 1846 1522 1905 sapientem
1541 1868 1549 1893 :
1573 1850 1649 1908 qui

262 1921 416 1965 dixerit
435 1939 443 1964 ;
466 1916 635 1963 Sufficit
657 1916 763 1959 mihi
785 1914 903 1974 quod
927 1930 1021 1958 sum
1045 1934 1052 1958 :
1085 1915 1160 1973 qui
1179 1931 1268 1959 non
1291 1916 1528 1961 attenderit
1545 1934 1648 1964 eum

259 1992 336 2051 qui
358 1989 463 2034 dicit
481 2008 489 2033 z
521 1991 663 2041 «Quae
686 1995 800 2030 retro
824 1985 1000 2038 oblitus,
1017 1985 1063 2028 in
1081 2000 1129 2028 ea
1144 2001 1241 2045 quae
1260 1995 1360 2030 ante
1381 1996 1483 2031 sunt
1497 1998 1648 2032 exten-

262 2081 282 2104 »
318 2071 408 2115 tus,
431 2057 671 2104 secundum
687 2056 975 2100 intentionem
998 2070 1155 2114 sequor
1177 2055 1232 2099 ad
1249 2056 1436 2115 palmam
1459 2059 1647 2103 vocatio·
1691 2076 1694 2111 ς

262 2151 281 2174 »
318 2131 382 2174 nis
408 2129 481 2173 Dei
498 2129 542 2172 in
564 2127 736 2172 Christo
754 2129 776 2170 J
782 2128 897 2169 esu4.
919 2144 937 2166 ι)
963 2127 1223 2169 Currentem
1240 2140 1284 2168 se
1301 2125 1429 2180 dixit,
1460 2143 1646 2186 sequen-

260 2212 346 2245 tem
369 2216 413 2244 se
431 2198 537 2243 dixit
558 2216 566 2242 :
591 2213 681 2241 non
702 2197 905 2239 remansit
921 2230 932 2249 ‚
958 2210 1048 2239 non
1069 2203 1185 2239 retro
1206 2195 1391 2253 respexit
1420 2214 1428 2238 ε
1466 2196 1577 2241 absit
1595 2207 1645 2242 ut

261 2270 490 2324 erraverit,
515 2268 616 2328 quia
644 2267 755 2311 viam
777 2267 865 2325 ipse
887 2265 1074 2309 docebat
1087 2299 1102 2320 ,
1132 2264 1207 2323 qui
1238 2272 1281 2307 et
1313 2265 1488 2309 tenebat
1509 2275 1551 2310 et
1572 2282 1643 2312 os-
1691 2260 1717 2300 ’ἕ

266 2340 483 2384 tendebat.
525 2338 800 2383 Celei-itatem.
833 2345 976 2379 autem
1008 2336 1100 2394 ejus
1133 2343 1180 2378 ut
1216 2333 1514 2391 imitaremur,
1553 2339 1638 2384 ait:
1688 2390 1690 2397 Ι

310 2445 320 2460 ¹
352 2439 454 2470 1³01·ae
482 2442 646 2470 excutere.
661 2452 702 2458 -
721 2441 735 2457 ²
758 2443 777 2466 2
802 2435 873 2466 Cor.
894 2444 943 2474 xi,
970 2443 1021 2474 ¹7·
1039 2448 1077 2456 -·
1094 2431 1108 2454 3
1140 2442 1148 2462 ι
1172 2434 1244 2464 Cor.
1265 2444 1299 2464 ix
1315 2458 1324 2474 ,
1356 2441 1410 2475 27.
1434 2450 1472 2456 —
1491 2433 1507 2464 4
1526 2435 1640 2478 Philip.

259 2506 315 2534 ux,
342 2492 394 2527 18.

1687 2433 1690 2459 ἲ
1708 2446 1716 2466 c

1678 3003 1708 3143 Εζζζζ
1680 2926 1709 2951 ⁴⁴„
1706 2904 1707 2908 „
