1729 3143
244 188 328 230 204
678 198 712 227 s.
748 196 979 227 Aueusrrm
1010 198 1191 227 Errscorr

247 286 266 309 »
301 269 435 312 citum
454 267 585 310 fuerit
607 265 767 323 accipe,
784 273 826 308 et
839 265 885 308 in
900 263 1050 309 dolore
1067 266 1243 320 sustine,
1262 273 1304 309 et
1319 266 1365 309 in
1379 264 1625 310 humilitate
1686 278 1688 286 ’

244 355 265 379 »
300 347 374 381 tua
390 336 644 396 patientiam
659 335 787 380 habe.
814 334 1030 388 Quoniam
1051 335 1098 379 in
1118 335 1219 393 igne
1240 335 1451 394 probatur
1470 349 1626 379 aurum

245 426 264 448 »
301 417 343 452 et
364 415 608 464 argentum,
633 406 831 450 homines
851 421 954 450 vero
973 404 1258 464 acceptabiles
1281 407 1326 449 in
1347 407 1519 450 camino
1539 406 1627 448 hu-

243 495 263 517 »
299 476 565 521 miliationis¹
581 511 590 520 .
614 494 635 517 »
656 476 900 521 Excidit-ne
918 476 1023 520 tibi:
1049 478 1225 528 «Quem
1242 476 1359 519 enim
1377 474 1520 534 diligit
1540 477 1628 518 Do-
1688 495 1690 498 >

243 565 263 587 »
297 548 458 604 minus,
484 548 689 607 corripit:
715 547 904 607 flagellat
938 556 1083 593 autem
1119 561 1294 590 omnem
1326 546 1468 589 filium
1498 560 1631 604 quem

243 633 262 656 »
300 618 505 677 recipit2?
522 637 543 660 »

300 689 376 732 IV.
412 689 563 748 Cogita
593 688 814 749 quoslibet
846 691 1092 745 cruciatus,
1141 688 1325 733 extende
1360 687 1554 731 animum
1586 684 1633 727 in

241 759 457 818 quaslibet
473 761 517 806 in
534 762 616 806 hac
633 762 720 806 vita
739 777 890 821 poenas
912 763 1123 807 humanas
1145 781 1152 806 :
1179 775 1380 819 compara
1398 756 1452 802 ad
1474 757 1636 815 gehen·
1690 755 1692 778 ²

239 844 357 885 nam,
383 840 426 875 et
456 831 551 877 leve
575 842 638 876 est
669 848 799 877 omne
821 834 941 892 quod
963 834 1142 892 cogitas.
1173 832 1255 875 Hic
1277 827 1543 888 temporalis,
1571 826 1636 869 ibi
1692 890 1693 895 1

237 909 425 945 aeternus
459 912 545 957 est,
581 912 623 947 et
651 905 727 960 qui
755 913 931 960 torquet
959 913 1002 947 et
1028 903 1105 960 qui
1126 910 1372 956 torquetur.
1407 894 1636 954 Numquid
1692 956 1693 960 Ἰ

237 968 382 1005 adhuc
410 966 654 1017 patiuntur,
684 959 761 1017 qui
786 959 861 1004 illo
891 969 1087 1018 tempore
1108 961 1220 1020 passi
1241 970 1358 1015 sunt,
1384 976 1473 1021 quo
1497 964 1636 1005 Roma
1691 976 1694 1014 1

237 1038 403 1075 vastata
419 1030 507 1072 est?
529 1028 655 1072 Dives
678 1038 825 1073 autem
848 1029 921 1073 ille
939 1030 1084 1075 adhuc
1102 1031 1220 1091 apud
1241 1030 1404 1076 inferos
1426 1033 1632 1091 patitur3.
1692 1066 1694 1076 .

238 1100 370 1154 Arsit,
404 1097 545 1153 ardet,
585 1098 772 1154 ardebit,
808 1101 925 1144 vivet
946 1116 1087 1161 usque
1116 1100 1170 1146 ad
1186 1101 1430 1160 judicium:
1457 1102 1637 1160 recipiet
1692 1117 1694 1152 g

240 1185 432 1224 carnem,
459 1185 549 1213 non
572 1169 625 1214 ad
650 1170 932 1226 beneficium,
954 1171 1029 1215 sed
1052 1172 1107 1216 ad
1127 1172 1406 1232 supplicium.
1427 1171 1527 1217 Illas
1545 1188 1638 1231 peo-
1692 1165 1694 1174 ’

239 1255 316 1284 nas
350 1240 594 1295 timeamus,
631 1240 664 1283 si
696 1244 836 1284 Deum
869 1242 1089 1286 timemus.
1124 1242 1353 1301 Quidquid
1383 1243 1455 1287 hic
1489 1258 1637 1301 passus

240 1309 371 1354 fuerit
400 1310 562 1365 homo,
600 1311 633 1354 si
669 1311 926 1369 corrigatur,
971 1312 1218 1357 emendatio
1262 1322 1353 1357 est:
1393 1313 1428 1356 si
1462 1327 1543 1356 nec
1577 1313 1636 1357 sic

240 1379 495 1436 corrigatur,
527 1379 689 1439 duplex
712 1381 935 1426 damnatio
958 1391 1036 1425 est.
1063 1385 1120 1426 Et
1146 1383 1219 1426 hic
1241 1383 1359 1426 enim
1379 1381 1461 1426 luit
1484 1397 1636 1441 poenas

239 1449 496 1507 temporales
520 1484 530 1504 ,
577 1460 620 1494 et
658 1451 720 1494 ibi
751 1452 996 1511 experietur
1040 1460 1237 1496 aeternas.
1282 1453 1388 1496 Dico
1425 1453 1637 1498 Charitati
1693 1441 1699 1478 ¹}

239 1522 421 1574 Vestrae,
442 1519 612 1576 fratres,
640 1523 854 1579 Martyres
874 1532 990 1566 certe
1013 1531 1183 1566 sanctos
1204 1522 1453 1576 laudamus,
1473 1522 1637 1579 glorifi-

239 1604 401 1644 camuS,
415 1589 696 1645 admiramur,
712 1592 802 1637 dies
817 1608 971 1638 eorum
984 1594 1054 1648 pia
1065 1592 1339 1638 solemnitate
1347 1591 1634 1648 celebramus,

239 1661 392 1704 merita
423 1674 574 1703 eorum
607 1672 885 1713 veneramur,
907 1668 950 1703 et
973 1660 1005 1702 si
1028 1675 1260 1719 possumus
1290 1662 1535 1707 imitamur:
1561 1666 1638 1706 Est

239 1729 454 1789 profecto,
484 1738 548 1772 est
573 1743 731 1787 magna
761 1731 1007 1785 Martyrum
1038 1730 1196 1788 gloria,
1227 1731 1302 1776 sed
1322 1733 1467 1776 nescio
1488 1741 1637 1775 utrum

239 1801 383 1844 minor
398 1800 534 1858 gloria
547 1798 632 1843 fuit
646 1799 783 1843 sancti
800 1801 824 1842 J
828 1799 885 1843 ob
903 1818 911 1843 :
927 1815 1006 1844 nec
1023 1809 1173 1844 tamen
1191 1802 1229 1844 ei
1246 1801 1475 1845 dicebatur
1495 1821 1503 1846 ι
1522 1803 1638 1846 Thus

241 1885 356 1930 pone
376 1869 519 1926 idolis,
546 1869 737 1914 sacrifica
756 1869 837 1914 diis
861 1868 1025 1925 alienis,
1052 1886 1164 1928 nega
1187 1870 1435 1915 Christum:
1462 1871 1639 1916 diceba-

241 1951 315 1986 tur
336 1951 511 1987 tamen:
538 1941 797 2001 Blasphema
825 1944 981 1985 Deum.
1014 1943 1102 1987 Nec
1127 1940 1374 1996 dicebatur,
1400 1951 1450 1986 ut
1477 1942 1639 1986 intelli-

244 2022 432 2071 geretur,
477 2013 512 2057 si
552 2012 937 2071 blasphemaveris,
976 2010 1165 2070 putredo
1207 2012 1346 2056 omnis
1391 2012 1636 2057 abscessura
1696 2057 1699 2075 3

245 2084 490 2142 sanitasque
517 2081 711 2126 reditura
739 2091 825 2139 est,
861 2083 957 2136 sed,
991 2082 1025 2125 si
1053 2081 1438 2141 blasphemaveris,
1466 2081 1638 2127 dicebat
1697 2114 1700 2128 .

247 2154 392 2212 inepta
414 2161 458 2197 et
478 2151 638 2197 insulsa
659 2151 833 2207 mulier,
858 2151 1069 2206 morieris,
1096 2161 1139 2196 et
1161 2151 1387 2197 moriendo
1409 2153 1637 2197 tormentis

249 2223 425 2267 carebis.
454 2223 586 2276 Quasi
606 2237 710 2268 vero
738 2222 942 2266 morienti
966 2221 1220 2281 blasphemo
1240 2238 1331 2266 non
1353 2230 1541 2266 aeternus
1558 2221 1638 2266 do-
1698 2247 1701 2255 =

253 2292 313 2336 lor
329 2294 594 2339 succederet.
614 2293 774 2338 Mulier
792 2292 913 2337 fatua
930 2293 1153 2353 praesentis
1170 2291 1409 2351 putredinis
1433 2293 1637 2337 horrebat
1698 2291 1700 2310 ¹

254 2362 508 2420 molestiam,
528 2372 737 2408 aeternam
754 2363 975 2407 flammam
995 2363 1174 2407 minime
1195 2362 1429 2420 cogitabat.
1451 2363 1637 2407 Ferebat
1698 2398 1700 2418 ἰ

255 2429 328 2474 ille
345 2447 529 2489 praesens
548 2433 728 2489 malum,
746 2449 802 2478 ne
823 2434 1034 2479 incideret
1049 2434 1096 2477 in
1115 2432 1330 2477 futurum.
1354 2433 1547 2477 Tenebat
1562 2447 1635 2477 cor

304 2535 314 2550 1
335 2529 431 2562 Eccli.
448 2542 481 2572 ιι,
501 2531 571 2565 1-5.
590 2548 630 2554 —
647 2538 659 2554 ²
678 2534 776 2565 Prov.
793 2543 840 2572 111,
865 2541 917 2573 12,
933 2538 963 2564 et
982 2529 1150 2573 Hem-{Vir
1170 2543 1254 2575 7.—
1275 2530 1288 2555 3
1307 2533 1384 2564 Luc.
1399 2541 1464 2569 ΠΙ,
1484 2541 1533 2572 ¹9-
