1729 3143
144 246 230 285 606
762 260 915 286 mnnx.

186 319 438 357 incommutabili
470 324 553 357 bono
584 325 750 361 deflectit;
782 336 821 357 an
863 337 971 359 secum
999 326 1137 358 invicem
1172 332 1313 369 pugnent
1344 329 1401 360 Dei

185 381 385 423 praescientia
400 381 440 413 de
457 381 620 414 hominum
636 382 790 424 peccam,
805 387 839 414 et
851 382 1014 414 hominum
1030 383 1171 424 ipsorum
1187 384 1217 415 in
1236 377 1401 426 peccando

181 436 323 469 libertas.
344 439 418 469 Mox
435 439 616 470 ostenditur
641 450 842 482 nequaquam
861 439 892 470 id
910 440 1056 471 Creatori
1073 440 1292 482 deputandum
1315 442 1399 484 quod

182 493 213 524 in
238 497 387 527 creatura
402 494 448 527 ita
466 494 534 527 fieri
551 506 682 528 necesse
707 502 777 537 est,
803 500 840 528 ut
856 496 1025 528 voluntate
1046 497 1251 539 peccantium
1270 497 1326 529 fiat
1337 510 1347 538 3
1367 502 1401 531 et

181 561 306 591 prorsus
337 551 377 583 de
407 555 562 584 creaturae
578 578 587 594 ‚
621 563 691 595 quae
724 557 861 595 peceato
891 553 1026 585 obnoxia
1054 553 1095 585 sit
1122 554 1334 596 productione
1360 566 1399 588 ac

180 606 334 648 supplicio
361 606 552 640 laudandum
581 618 651 640 esse
673 611 784 641 Deum.
816 608 899 642 Hinc
930 610 970 641 ad
995 609 1122 651 originis
1147 609 1224 641 vitia
1242 611 1399 652 perducta

178 662 351 705 disciplinae
374 664 557 697 declaratur
584 666 852 708 quemadmodum
878 676 917 698 ea
940 666 1023 698 haud
1043 666 1162 707 injuste
1185 667 1217 698 in
1235 667 1309 699 Adae
1324 678 1399 710 pos-

179 723 266 752 teros
304 721 478 754 demanent
498 733 506 763 3
545 726 645 765 utque
674 728 808 766 propter
835 723 902 756 haec
928 724 996 766 ipsa
1026 723 1186 756 immerito
1223 728 1398 766 peccantes

181 777 421 810 excusationem
446 780 627 809 obtendant
645 790 652 809 ε
672 781 825 820 deinceps
841 792 920 813 vero
937 781 1143 814 difficultates
1164 781 1320 813 nonnullae
1334 781 1398 814 huc

180 833 383 876 pertinentes
406 834 597 866 enodantur.
1317 847 1395 880 pag.

134 891 186 921 DE
210 891 372 931 GENESI‚
399 900 518 923 CONTRA
540 900 720 922 MANICHAEOS
741 901 821 922 mam
839 902 872 922 11.
888 902 1030 923 -mssniz
1052 903 1075 923 1.
1103 892 1138 923 In
1156 902 1218 934 quo
1243 902 1260 924 a
1286 892 1397 924 Mani-

179 947 339 979 chaeorum
358 948 524 980 calumniis
540 949 718 980 vindicatur
742 948 869 980 initium
885 950 1046 981 Geneseos
1064 974 1071 989 ‚
1088 949 1213 982 scilicet
1235 950 1276 982 ab
1294 950 1398 983 hocce

178 1005 350 1046 versiculo,
369 1006 412 1037 In
426 1006 596 1048 principio
622 1006 750 1038 creavit
765 1007 856 1038 Deus
880 1006 1000 1038 caelum
1025 1014 1058 1038 et
1082 1014 1223 1046 terram,
1243 1019 1341 1051 usque
1357 1008 1398 1040 ad

178 1061 264 1094 illum
281 1073 344 1105 quo
361 1065 444 1095 Deus
462 1062 598 1105 septimo
616 1062 669 1095 die
685 1062 882 1106 requievisse
901 1062 1033 1095 dicitur.

135 1135 176 1141 —
190 1129 280 1151 Lim-:n
301 1130 333 1151 11.
350 1119 555 1162 Persequitur
573 1119 805 1162 expositionem
822 1121 982 1152 Geneseos
997 1119 1039 1151 ab
1058 1119 1120 1151 hoc
1139 1119 1312 1161 versiculo,
1331 1121 1397 1153 Hic

178 1182 229 1207 est
246 1174 333 1207 liber·
348 1183 520 1208 creaturae
537 1175 620 1208 coelz'
633 1184 666 1208 et
684 1184 803 1215 terrae,
821 1181 900 1217 etc.‚
920 1187 1018 1219 usque
1040 1176 1081 1208 ad
1106 1175 1194 1208 illum
1215 1188 1278 1219 quo
1295 1176 1396 1209 Adam

178 1237 213 1265 et
230 1235 294 1265 Eva
310 1233 352 1265 de
367 1233 517 1266 Paradiso
531 1233 714 1275 ejiciuntur.
734 1234 782 1266 Ad
795 1240 973 1266 extremum
989 1233 1139 1267 Ecclesiae
1153 1233 1304 1276 dogmata
1321 1244 1395 1266 cum

178 1289 430 1322 Manichaeorum
453 1289 616 1322 erroribus
635 1289 773 1322 confert.

132 1347 184 1377 DE
208 1347 392 1379 MORIBUS
416 1348 623 1381 ECCLESIAE
646 1338 887 1381 CATHOLICAE
911 1349 961 1379 ET
984 1349 1036 1381 DE
1059 1348 1237 1380 MORIBUS
1261 1347 1396 1380 MANI-

177 1402 398 1449 CHAEORUM,
426 1415 508 1436 mam
532 1415 570 1437 ιι.

134 1475 175 1482 -
189 1469 277 1492 mmm
301 1472 325 1492 1.
351 1463 403 1493 DE
426 1462 605 1494 MORIBUS
628 1462 833 1496 ECCLESIAE
857 1461 1110 1495 CATHOLICAE.
1136 1460 1296 1502 Principio
1314 1470 1395 1492 con-

175 1515 281 1547 stituit
297 1517 487 1558 Augustinus
503 1528 609 1550 mores
626 1518 709 1559 illos,
728 1518 843 1561 quibus
865 1518 896 1549 in
913 1517 1057 1550 Ecclesia
1075 1521 1186 1548 sancte
1202 1515 1334 1553 vivitur,
1355 1515 1395 1547 ad

175 1581 330 1604 summum
354 1572 489 1605 hominis
517 1573 658 1614 bonum,
686 1574 748 1606 hoc
768 1578 818 1606 est
845 1577 947 1606 Deum
975 1572 1093 1605 referri
1121 1576 1284 1615 oportere.
1314 1573 1395 1604 Tum

175 1639 296 1661 summo
312 1629 345 1661 in
365 1641 439 1663 eum
456 1641 568 1663 amore
584 1631 860 1673 contendendum,
880 1631 976 1674 idque
993 1631 1107 1673 dogma
1133 1641 1202 1662 esse
1220 1630 1252 1661 in
1275 1629 1393 1662 catho-

175 1685 238 1718 lica
259 1686 413 1727 Ecclesia,
434 1688 596 1731 utriusque
613 1687 811 1720 Testamenti
828 1688 1025 1720 auctoritate
1043 1686 1279 1720 confirmatum.
1307 1687 1394 1724 Qua-

174 1746 248 1774 tuor
264 1742 401 1776 virtutes
419 1754 458 1776 ex
477 1744 569 1776 vario
586 1744 724 1787 quodam
746 1743 863 1776 amoris
891 1743 948 1776 Dei
966 1743 1091 1775 affectu
1117 1743 1218 1774 dictas
1237 1740 1392 1773 ostendit.

175 1799 249 1842 Agit
264 1799 305 1832 de
321 1799 434 1833 officiis
450 1801 619 1833 charitatis
637 1812 711 1842 erga
725 1801 916 1842 proximum,
931 1811 969 1831 ac
984 1800 1087 1830 refert
1104 1799 1233 1830 demum
1251 1796 1395 1838 exempla

176 1855 382 1888 continentiae
400 1860 434 1888 et
456 1866 580 1888 morum
597 1866 676 1888 vere
691 1856 955 1896 Christianorum,
974 1865 1044 1897 quae
1061 1854 1093 1885 in
1110 1853 1259 1886 Ecclesiae
1276 1852 1394 1884 catho-

175 1911 245 1944 licae
261 1913 394 1945 alumnis
412 1913 592 1945 eluxerunt.

132 1978 274 2000 —mnssn
291 1980 329 2001 11.
356 1971 409 2001 DE
432 1969 617 2002 MORIBUS
643 1968 966 2000 MANICHAEORUM.
993 1967 1031 1997 In
1060 1976 1121 2009 quo
1151 1965 1292 1997 refutata
1317 1963 1393 1996 dili-

175 2029 288 2067 genter
304 2024 419 2057 horum
433 2025 660 2058 haereticorum
678 2023 824 2056 doctrina
843 2023 884 2054 de
900 2022 1023 2064 origine
1047 2025 1082 2053 et
1098 2027 1210 2053 natura
1227 2020 1312 2061 mali,
1334 2031 1393 2052 ex-

176 2081 340 2114 cutiuntur
373 2081 438 2114 tria
470 2082 522 2115 illa
552 2082 615 2114 oris
628 2106 636 2121 ,
672 2091 822 2113 manuum
859 2083 892 2111 et
919 2078 1021 2136 sinuS,
1053 2088 1122 2120 quae
1142 2077 1174 2108 in
1203 2076 1307 2119 impiis
1331 2075 1394 2108 suis

179 2139 320 2172 moribus
335 2139 553 2183 praedicabant
570 2138 746 2181 signacula,
777 2141 812 2169 et
829 2135 1051 2179 superstitiosa
1075 2145 1185 2166 eorum
1203 2133 1393 2166 abstinentia

177 2197 392 2240 mysteriaque
407 2189 543 2230 nefanda
559 2195 775 2240 suggillantur.
791 2194 994 2227 Postmodum
1012 2191 1163 2225 nonnulla
1177 2191 1209 2223 in
1221 2191 1258 2223 ijs
1271 2191 1393 2233 depre-

176 2253 275 2287 hensa
291 2252 413 2297 flagitia
431 2254 629 2288 referuntur.

132 2313 377 2344 Auuormouzs.

131 2368 365 2401 Conconmnrm
388 2368 598 2401 Bmuormzcss
623 2376 744 2399 nrum
769 2375 832 2398 cuii
857 2375 999 2398 mmm.

648 2554 842 2587 EXPLICIT
872 2553 1012 2585 INDEX.

1468 839 1530 869 352

1465 1067 1530 1096 415

1465 1291 1531 1322 450

1463 1910 1525 1940 491

1463 2248 1527 2279 546

1463 2305 1528 2335 599

1462 2360 1527 2390 604
