1729 3143
214 187 300 230 458
652 196 687 227 s.
721 196 954 228 Aue-usum
984 199 1167 230 13121500121

216 266 394 311 scientia
414 264 676 308 destruetur.
701 260 910 307 Videmus
927 264 1044 309 enim
1058 265 1239 310 nuncin
1254 268 1480 325 aenigmate
1493 279 1593 316 tan-

214 350 346 398 quam
366 334 412 377 in
432 329 584 376 nubilo
601 332 794 392 saginam
811 343 1054 394 quaerentes
1067 336 1081 361 1
1103 353 1114 380 z
1139 344 1244 380 tunc
1263 345 1408 385 autem
1418 337 1528 384 faeie
1539 339 1596 384 ad
1652 361 1656 366 ·

215 407 396 460 faciem,
434 403 613 463 quando
649 404 849 450 universa
880 404 1011 450 facies
1042 416 1168 451 terrae
1201 417 1359 453 nostrae
1393 410 1597 456 interiore

216 475 337 520 fonte
359 489 484 534 aquae
506 472 694 524 salientis
722 474 984 533 irrigabitur.
1009 479 1118 523 Nam
1148 477 1183 522 si
1212 477 1382 523 fontem
1409 478 1597 539 aliquem

213 546 342 606 hujus
359 543 537 589 visibilis
553 560 677 605 aquae
691 545 957 591 voluerimus
979 547 1236 606 intelligere,
1260 548 1315 593 de
1332 564 1421 610 quo
1434 549 1601 594 dictum

214 626 278 662 est
302 636 312 662 ι
340 619 493 661 «Fons
523 625 669 661 autem
691 617 953 663 ascendebat
973 617 1028 663 de
1049 627 1190 675 terra,
1215 629 1259 664 et
1273 620 1480 679 irrigabat
1505 636 1602 666 om-

217 706 237 730 »
262 702 364 732 nem
395 685 551 732 faciem
584 696 711 732 terrae
723 690 757 744 ²,
779 707 797 729 »
833 703 924 733 non
952 698 1017 734 est
1047 689 1305 746 verisimile,
1338 690 1460 750 quod
1501 705 1603 734 cum

213 768 306 804 tam
327 758 457 803 multi
476 757 620 803 fontes
641 773 854 818 perennes
869 793 881 815 ‚
905 760 993 804 sive
1015 761 1207 806 rivorum
1221 795 1234 817 ‚
1257 761 1348 807 sive
1368 761 1605 807 fluviorum
1668 763 1670 766 ’
1703 766 1711 795 ἱ

212 846 292 891 per
315 830 562 875 universam
582 839 743 874 terram
765 829 1046 875 inveniantur
1061 867 1074 888 ,
1108 832 1224 878 solus
1250 831 1325 877 ille
1352 832 1602 887 siccaverit5

213 902 290 962 qui
311 901 518 960 irrigabat
539 914 715 944 omnem
738 898 894 941 faeiem
912 909 1054 942 terrae.

275 975 375 1017 VII.
414 971 504 1017 Sub
522 970 588 1014 his
607 983 708 1027 ergo
722 968 873 1028 paucis
891 968 1035 1014 verbis
1052 969 1253 1015 universa
1273 979 1470 1016 creatura
1483 972 1609 1017 nobis
1676 1004 1678 1020 1

213 1043 432 1088 insinuata
452 1049 517 1085 est
533 1048 635 1084 ante
652 1048 881 1100 peccatum
905 1039 1078 1084 animae.
1102 1041 1287 1087 Nomine
1308 1042 1425 1086 enim
1442 1041 1544 1087 coeli
1566 1052 1610 1087 et
1676 1039 1680 1095 ’ς

215 1124 342 1159 terrae
364 1112 567 1157 universa
589 1111 768 1156 visibilis
790 1120 988 1157 creatura
1006 1112 1244 1171 significata
1260 1122 1351 1172 est3
1375 1122 1419 1159 et
1434 1113 1610 1158 nomine

215 1185 330 1240 diei,
361 1183 616 1228 universum
650 1192 852 1243 tempus3
878 1192 923 1228 et
950 1184 1127 1229 nomine
1148 1183 1352 1230 viridium
1385 1193 1429 1229 et
1457 1183 1610 1243 pabuli

216 1255 334 1315 agri,
357 1263 556 1299 creatura
577 1253 831 1311 invisibilis;
856 1263 900 1298 et
920 1254 1097 1300 nomine
1117 1253 1252 1299 fontis
1274 1255 1546 1299 ascendentis
1567 1263 1612 1299 et

217 1324 435 1385 irrigantis
469 1338 645 1368 omnem
674 1322 831 1368 faciem
859 1331 989 1368 terrae
1005 1357 1017 1379 ‚
1053 1322 1286 1368 inundatio
1303 1323 1497 1368 Veritatis
1518 1323 1613 1367 ani-

216 1411 334 1440 mam
368 1394 526 1439 satians
549 1403 651 1439 ante
673 1403 918 1454 peccatum.
946 1394 1042 1438 Dies
1070 1402 1217 1438 autem
1237 1394 1343 1449 iste,
1378 1394 1501 1454 cujus
1527 1409 1611 1438 no-

216 1467 337 1511 mine
358 1466 611 1511 universum
627 1475 801 1526 tempus
825 1465 1059 1525 significari
1082 1463 1269 1510 diximus
1286 1500 1298 1521 ‚
1322 1465 1514 1510 insinuat
1530 1480 1612 1510 no-

218 1537 283 1581 bis
304 1552 396 1582 non
418 1536 561 1581 solum
584 1535 815 1591 visibilem,
841 1535 917 1581 sed
933 1536 1068 1581 etiam
1089 1535 1351 1581 invisibilem
1370 1544 1612 1580 creaturam

218 1617 390 1669 tempus
411 1622 538 1668 posse
558 1609 716 1652 sentire
739 1627 748 1652 :
769 1605 891 1668 quod
907 1606 963 1651 de
981 1607 1124 1651 anima
1145 1607 1272 1651 nobis
1289 1604 1608 1660 manifestatur,

218 1694 319 1739 quae
355 1687 477 1723 tanta
503 1678 712 1723 varietate
742 1677 1028 1722 affectionum
1063 1691 1261 1732 suarum,
1300 1686 1343 1720 et
1374 1676 1467 1736 ipso
1487 1676 1612 1735 lapsu

219 1765 309 1810 quo
331 1749 485 1793 misera
504 1747 619 1793 facta
645 1757 731 1803 est,
763 1756 807 1791 et
834 1747 1108 1807 reparatione
1128 1763 1217 1807 qua
1239 1761 1386 1791 rursus
1407 1746 1453 1790 in
1470 1746 1613 1791 beati-

220 1829 355 1865 tatem
382 1818 520 1874 redit,
558 1827 754 1877 tempore
776 1818 936 1861 mutari
957 1832 1082 1876 posse
1111 1816 1400 1862 convincitur.
1430 1818 1487 1861 Et
1512 1815 1613 1861 ideo

221 1907 311 1936 non
332 1890 500 1935 dictum
521 1897 616 1933 est:
645 1907 665 1930 «
682 1890 797 1934 Cum
826 1887 966 1932 sactus
1000 1896 1111 1931 esset
1139 1886 1230 1930 dies
1247 1921 1258 1942 ‚
1290 1901 1379 1946 quo
1411 1885 1482 1930 die
1509 1885 1614 1931 fecit

224 1979 245 2003 »
271 1964 386 2006 Deus
417 1959 582 2005 coelum
610 1968 654 2004 et
688 1967 873 2014 terram,
897 1976 916 1999 »
950 1966 1144 2012 tantum,
1178 1956 1340 2016 quibus
1361 1956 1613 2002 nominibus

222 2032 402 2078 visibilis
423 2040 621 2077 ereatura
643 2030 900 2087 intimatur3
925 2028 1000 2073 sed
1019 2027 1218 2074 additum
1236 2037 1301 2072 est
1318 2028 1447 2072 etiam
1466 2044 1475 2069 z
1497 2046 1518 2070 «
1534 2028 1613 2073 Vi-

226 2121 247 2145 »
273 2102 365 2148 ride
380 2139 391 2159 ‚
417 2112 461 2148 et
481 2102 696 2163 pabulum
716 2101 807 2161 agri
828 2120 837 2145 2
857 2119 877 2142 »
904 2104 1002 2155 Quo
1022 2100 1199 2145 nomine
1221 2099 1480 2145 invisibilem
1499 2116 1616 2146 crea-

223 2184 384 2230 turam,
405 2183 583 2235 propter
603 2173 797 2231 vigorem
820 2180 863 2216 et
884 2172 1042 2226 vitam,
1067 2170 1301 2230 significari
1323 2169 1533 2226 diximus,
1555 2172 1613 2215 si—

226 2247 317 2291 cuti
336 2255 400 2291 est
422 2246 580 2291 anima.
605 2247 662 2289 Et
678 2243 738 2288 ita
755 2242 923 2288 dietum
941 2251 1032 2287 est:
1055 2260 1073 2282 «
1088 2243 1202 2286 Cum
1216 2240 1356 2286 factus
1378 2250 1488 2286 esset
1504 2240 1610 2296 dies,

230 2335 250 2358 n
277 2333 365 2378 quo
387 2317 457 2361 die
478 2315 583 2360 fecit
610 2318 719 2360 Deus
741 2313 904 2358 eoelum
934 2322 978 2357 et
1008 2321 1166 2356 terram
1182 2346 1194 2367 ‚
1229 2320 1272 2355 et
1294 2326 1424 2356 omne
1446 2310 1584 2356 viride
1599 2346 1610 2366 ,

232 2405 253 2428 »
277 2397 320 2432 et
339 2387 554 2448 pabulum
573 2386 779 2445 agrifflut
798 2384 859 2450 sic
880 2382 1218 2442 intelligeremus
1238 2397 1328 2427 non
1350 2381 1491 2427 solum
1511 2381 1614 2426 visi-

234 2456 366 2501 bilem
381 2493 392 2513 ‚
417 2457 494 2502 sed
515 2458 645 2502 etiam
665 2454 927 2502 invisibilem
948 2463 1190 2499 ereaturam
1207 2453 1424 2513 pertinere
1440 2450 1496 2496 ad
1508 2460 1615 2497 tem-

283 2547 294 2564 ¹
319 2552 331 2572 1
354 2542 426 2574 Cor.
445 2552 513 2583 xm,
532 2550 572 2574 12
585 2557 626 2565 -
643 2548 657 2566 ²
672 2544 753 2575 Gen,
771 2551 808 2583 u,
830 2540 862 2573 6.
878 2538 945 2565 ..3
966 2550 979 2573 1
1000 2541 1145 2572 Retract.
1166 2547 1239 2579 cap.
1258 2548 1291 2577 x,
1309 2546 1342 2568 n.
1366 2535 1396 2567 3.
