1729 3143
484 217 538 245 DE
569 217 776 254 SYMBOL0‚
803 217 939 245 sunno
972 219 1001 244 1.
1379 207 1430 246 31

57 298 143 343 que
176 282 447 327 similitudo?
487 286 540 327 In
572 283 700 326 rebus
743 283 923 326 terrenis
956 296 1102 326 sumus
1116 315 1127 336 ‚
1162 283 1207 324 in
1238 292 1439 327 creatura

55 351 215 398 visibili
248 367 410 396 sumus.
438 355 520 395 Dct
551 351 656 395 mihi
696 351 1024 395 similitudinem
1057 360 1201 395 terra:
1232 366 1321 395 non
1342 352 1432 396 dat.

55 424 138 467 Det
167 422 271 466 mihi
312 422 505 481 aliquam
536 419 863 464 similitudinem
893 420 1112 465 undarum
1143 420 1407 465 elementum
1425 440 1438 466 ι

57 507 147 536 non
168 492 300 536 habet
317 490 449 535 unde.
471 493 552 534 Det
575 490 679 532 mihi
699 489 1025 534 similitudinem
1048 490 1228 551 aliquod
1243 491 1402 536 animal
1426 510 1440 536 z

59 577 139 606 nec
157 563 241 606 hoc
255 559 780 620 potest.Animalquidem
798 569 989 617 generat,
1001 570 1043 603 et
1055 561 1175 619 quod
1187 570 1378 618 generat,
1398 568 1448 605 et

60 630 180 689 quod
197 638 427 688 generatur
440 628 536 673 :sed
547 629 663 687 prior
674 637 880 687 estpater‚
892 638 934 672 et
946 638 1095 687 postea
1109 630 1297 673 nascitur
1309 629 1443 674 filius,

61 700 340 744 Inveniamus
363 713 575 753 coaevum,
591 708 635 741 et
655 698 880 742 credamus
898 708 1179 742 coaeternum.
1197 699 1238 742 Si
1252 699 1450 756 potueri-

60 783 154 813 mus
171 769 365 812 invenire
383 778 549 828 patrem
570 784 765 812 coaevum
788 768 877 813 filio
905 784 1005 822 suo,
1024 779 1067 812 et
1086 768 1226 812 filium
1248 782 1454 812 coaevum

59 839 171 896 patri
194 854 288 892 suo,
320 838 546 882 credamus
580 842 717 883 Deum
747 842 918 882 Patrem
936 854 1133 883 coaevum
1152 839 1263 883 Filio
1280 853 1374 892 suo,
1401 847 1456 882 et

58 911 199 952 Deum
220 909 383 952 Filium
399 918 666 953 coaeternum
690 910 806 954 Patri
827 925 921 954 suo.
943 913 994 954 In
1009 919 1120 953 terra
1136 924 1362 967 possumus
1376 909 1407 952 ir
1418 923 1456 951 ι-

60 979 207 1023 venire
220 979 410 1038 aliquem
428 995 641 1034 coaevum,
666 995 755 1023 non
783 994 1011 1038 possumus
1032 979 1226 1024 invenire
1255 978 1455 1038 aliquem

60 1059 340 1092 coaeternum.
353 1050 634 1093 Intendamus
643 1065 855 1103 coaevum,
871 1049 1147 1093 etcredamus
1158 1059 1450 1094 coaeternum.

60 1120 256 1162 Intentos
282 1133 358 1162 vos
393 1118 526 1162 faciet
545 1118 659 1162 forte
688 1119 844 1177 aliquis
865 1128 907 1162 et
930 1118 1048 1162 dicet
1067 1138 1076 1163 ;
1097 1120 1286 1172 Quando
1304 1128 1405 1178 pote
1417 1127 1456 1162 st

59 1187 244 1230 inveniri
266 1196 388 1244 pater
421 1202 592 1230 coaevus
617 1186 707 1230 filio
727 1203 833 1241 su0‚
861 1198 937 1232 aut
974 1189 1089 1233 filius
1123 1205 1295 1233 coaevus
1332 1197 1406 1245 pat
1420 1188 1458 1232 ri

58 1258 162 1299 suo?
184 1259 241 1300 Ut
264 1264 438 1314 generet
454 1265 592 1314 pater,
612 1257 829 1300 antecedit
849 1265 1002 1312 aetate3
1028 1265 1077 1299 ut
1093 1266 1293 1300 nascatur
1309 1257 1402 1300 filiu
1418 1272 1455 1310 s,

61 1325 256 1384 sequitur
272 1334 398 1368 aetate
425 1343 434 1369 ι
464 1324 540 1368 sed
560 1325 630 1367 hic
651 1340 823 1369 coaevus
837 1334 960 1382 pater
979 1325 1088 1379 filio,
1110 1325 1182 1369 vel
1202 1325 1318 1369 filius
1337 1326 1461 1383 patzri

62 1392 285 1452 quomodo
300 1403 440 1452 potest
452 1394 571 1437 esse?
587 1394 798 1438 Occurrat
814 1394 938 1438 vobis
955 1395 1064 1451 ignis
1080 1404 1218 1452 pater,
1239 1394 1461 1454 splendou·

63 1462 177 1507 filius
199 1481 210 1508 ε
234 1478 334 1507 ecce
355 1464 602 1506 invenimus
630 1478 812 1508 coaevos.
834 1466 900 1507 Ex
921 1479 1010 1522 quo
1031 1465 1142 1521 ignis
1169 1480 1257 1508 esse
1286 1466 1422 1524 coepit
1443 1500 1460 1520 ,

63 1532 273 1576 continuo
294 1531 570 1590 splendorem
594 1532 731 1588 gignit
752 1551 761 1575 :
786 1547 866 1576 nec
893 1533 1005 1590 ignis
1026 1542 1126 1577 ante
1148 1534 1424 1592 splendorem
1439 1570 1458 1589 ,

62 1616 142 1645 nec
159 1600 365 1659 splendor
381 1609 477 1658 post
506 1600 669 1658 ignem.
695 1603 750 1644 Et
774 1601 806 1644 si
831 1602 1146 1659 interrogemus
1161 1637 1173 1656 ‚
1198 1604 1294 1662 quis
1315 1618 1464 1662 quemi

66 1679 258 1729 generat,
282 1669 392 1727 ignis
414 1668 707 1727 splendorem,
733 1679 808 1713 aut
830 1669 1036 1728 splendor
1051 1672 1218 1728 ignem3
1238 1674 1464 1718 continue»

65 1741 190 1786 vobis
225 1739 415 1784 occurrit
445 1754 574 1785 sensu
596 1739 807 1794 naturali,
831 1740 1062 1798 prudentia
1078 1742 1206 1786 insita
1228 1743 1466 1787 mentibus

66 1810 239 1865 vestris,
255 1824 402 1855 omnes
418 1809 636 1853 clamatis:
670 1809 785 1867 Ignis
807 1809 1083 1868 splendorem
1096 1847 1108 1866 ‚
1130 1828 1219 1856 non
1239 1812 1461 1872 splendor

68 1879 231 1937 ignem.
248 1881 361 1923 Ecce
375 1887 496 1937 pater
512 1878 738 1936 incipiens,
766 1893 864 1923 ecce
885 1879 998 1924 filius
1015 1881 1160 1936 simul,
1174 1897 1254 1926 nec
1271 1891 1466 1927 antece--

68 1948 190 2003 dens,
200 1964 280 1992 nec
289 1951 605 2008 sequens.Ecce
613 1963 714 2006 ergo
722 1958 844 2007 pater
854 1950 1079 2008 incipiens,
1091 1966 1189 1995 ecce
1201 1951 1313 1996 filius
1321 1952 1469 1996 simul

69 2019 292 2078 incipiens.
326 2019 369 2064 Si
379 2019 550 2064 ostendi
570 2020 695 2063 vobis
729 2029 895 2078 patrem
922 2020 1220 2080 incipientem,
1242 2032 1285 2066 et
1312 2023 1469 2067 filium

71 2088 200 2132 simul
238 2089 546 2146 incipientem3
573 2088 736 2133 credite
759 2093 932 2133 Patrem
952 2105 1042 2134 non
1078 2091 1384 2150 incipientem,
1418 2099 1473 2134 eit

71 2173 171 2202 cum
192 2157 267 2202 illo
293 2158 453 2202 Filium
477 2174 557 2202 nec
578 2160 721 2217 ipsum
741 2160 1043 2218 incipientem3
1068 2160 1192 2206 illum
1215 2172 1463 2215 aeternum,

73 2227 198 2272 illum
216 2237 499 2272 coaeternum.
528 2228 572 2272 Si
595 2229 817 2286 proficitis,
842 2228 1107 2287 intelligitis:
1143 2231 1244 2275 date
1277 2244 1473 2290 operam

74 2298 299 2356 proficere.
336 2298 457 2342 Nasci
489 2297 657 2340 habetis
678 2331 688 2351 ,
725 2296 800 2340 sed
834 2305 877 2340 et
914 2313 1104 2343 crescere
1135 2299 1302 2343 debetis
1323 2318 1332 2344 :
1354 2300 1475 2359 quia

77 2383 206 2411 nemo
227 2367 378 2426 incipit
397 2383 421 2410 a
444 2367 653 2426 perfecto.
675 2368 751 2411 Dei
770 2367 881 2411 Filio
904 2367 1027 2412 licuit
1042 2370 1159 2413 nasci
1180 2369 1427 2428 perfectum
1458 2388 1470 2413 :

78 2438 180 2497 quia
200 2447 328 2482 natus
349 2446 414 2482 est
435 2436 525 2482 sine
543 2446 753 2497 tempore,
773 2447 1014 2483 coaeternus
1039 2441 1169 2494 Patri,
1196 2441 1473 2484 antecedensz

81 2507 248 2565 omnia,
274 2522 362 2553 non
396 2515 550 2563 aetate,
582 2509 658 2552 sed
688 2509 944 2553 aeternitate.
973 2512 1058 2554 Iste
1079 2523 1180 2568 ergo
1196 2519 1323 2555 natus
1340 2513 1399 2555 Pa
1411 2508 1474 2555 tri
