1729 3143
281 181 366 222 542
719 192 753 221 s.
788 192 1019 222 AUGUSTINI
1051 195 1232 224 Enseom

277 273 302 302 a
323 257 551 302 frumentis
581 256 750 315 paleam
771 267 965 317 separet,
991 269 1034 302 et
1066 259 1246 318 singulis
1268 261 1464 319 partibus
1481 277 1560 322 pro
1581 277 1660 307 suo

276 328 487 386 cujusque
518 325 699 384 merito,
736 327 858 387 quod
885 337 1085 388 oportet,
1121 344 1291 374 summa
1322 331 1530 391 aequitate
1568 332 1660 377 dis-

279 397 461 440 tribuat,

335 468 557 512 LXXVII.
595 468 682 513 Vos
709 468 873 513 interea
900 469 1009 530 quid
1039 470 1196 516 saevitis
1212 504 1223 526 ,
1257 469 1364 531 quid
1387 471 1662 517 excaecamini

273 537 419 582 studio
433 539 648 598 partium?
671 539 788 593 Quid
806 540 914 585 tanti
933 541 1088 586 erroris
1104 540 1235 601 longa
1250 540 1504 587 defensione
1518 542 1662 602 impli-

274 609 455 653 camini?
470 612 632 668 Fruges
649 610 695 655 in
707 626 826 670 agro,
838 610 1059 661 frumenta
1076 612 1122 656 in
1138 627 1236 657 area
1250 613 1435 673 quaerite
1450 631 1459 658 :
1475 627 1661 672 appare-

275 677 388 723 bunt
407 677 550 734 facile,
575 695 753 741 seseque
774 680 962 726 offerent
974 683 1065 742 ipsa
1077 683 1389 743 quaerentibus.
1407 682 1524 737 Quid
1537 682 1661 727 nimis

271 749 317 793 in
355 760 640 809 purgamenta
675 750 825 797 oculos
852 751 1118 799 intenditis?
1150 754 1258 814 quid
1285 754 1342 799 ab
1377 754 1514 814 opimi
1544 752 1660 798 horti

271 819 471 866 ubertate
491 821 713 881 imperitos
733 822 930 866 homines
947 823 1114 881 sepium
1132 825 1361 884 asperitate
1374 824 1566 869 terretis?
1583 826 1660 868 Est

270 898 412 935 certus
427 890 569 937 aditus
582 890 779 952 quamvis
791 890 1070 950 paucioribus
1083 901 1228 949 notus,
1244 910 1329 954 qua
1338 896 1472 954 possit
1481 893 1650 949 intrari,

268 977 400 1022 quem
422 977 498 1007 vos
517 971 593 1006 aut
618 976 708 1006 esse
729 976 818 1006 non
839 961 1012 1007 creditis
1030 997 1041 1017 ,
1079 971 1154 1007 aut
1174 963 1369 1008 invenire
1391 980 1480 1008 non
1502 963 1652 1009 vultis.

271 1034 382 1078 Sunt
414 1033 460 1077 in
497 1032 688 1077 Ecclesia
718 1031 930 1077 catholica
960 1033 1299 1079 innumerabiles
1316 1033 1491 1090 fideles,
1529 1052 1551 1077 ‹<
1570 1033 1657 1087 Qui

271 1121 292 1145 »
316 1104 400 1149 hoc
421 1102 589 1149 mundo
611 1119 700 1148 non
722 1112 919 1159 utantur,
936 1111 1039 1148 sunt
1055 1104 1131 1165 qui
1145 1112 1327 1149 utantur
1340 1113 1552 1166 tanquam
1568 1119 1661 1149 non

270 1191 290 1215 »
317 1182 488 1219 utentes
502 1176 534 1229 1,
553 1195 571 1216 »
597 1183 648 1219 ut
669 1174 724 1218 ab
745 1172 955 1235 Apostolo
977 1173 1137 1219 dicitur
1153 1210 1164 1230 ,
1186 1175 1310 1236 quod
1331 1174 1414 1220 illis
1444 1175 1658 1235 tempori-

267 1244 349 1288 bus
360 1246 450 1304 jam
468 1245 702 1304 probatum
721 1254 806 1302 est,
831 1245 992 1306 quibus
1011 1245 1066 1290 ad
1085 1244 1304 1290 idolorum
1321 1244 1491 1290 cultum
1507 1246 1657 1290 Chris-

268 1315 371 1360 tiani
392 1316 676 1375 cogebantur.
695 1319 811 1370 Quot
826 1317 942 1361 enim
955 1325 1061 1361 tunc
1075 1315 1300 1376 pecuniosi
1313 1315 1532 1371 homines,
1549 1324 1660 1375 quot

265 1387 590 1446 patresfamilias
614 1388 844 1444 rusticani,
880 1396 990 1448 quot
1011 1386 1302 1445 negotiatores
1319 1421 1331 1441 ,
1366 1394 1477 1446 quot
1498 1384 1661 1431 milita-

264 1472 351 1512 res,
376 1468 487 1517 quot
507 1460 710 1516 primates
736 1458 911 1501 urbium
933 1471 1110 1500 suarum
1126 1491 1138 1512 ,
1171 1465 1280 1517 quot
1306 1455 1499 1518 denique
1531 1472 1659 1502 sena-

265 1535 377 1572 tores
394 1561 405 1582 ,
446 1526 673 1587 utriusque
711 1541 858 1582 sexus,
899 1527 993 1571 haec
1021 1527 1168 1572 omnia
1198 1542 1309 1572 vana
1333 1537 1376 1572 et
1398 1526 1659 1587 temporalia

263 1598 580 1659 relinquentes,
624 1597 784 1658 quibus
820 1597 973 1659 utique
1012 1599 1211 1658 quamvis
1252 1607 1485 1643 uterentur
1510 1632 1523 1654 ,
1568 1608 1659 1643 non·

261 1668 588 1724 detinebantur,
612 1677 800 1712 mortem
822 1683 901 1727 pro
923 1668 1086 1713 salubri
1108 1670 1194 1714 fide
1213 1685 1262 1714 ac
1281 1669 1491 1729 religione
1510 1669 1658 1713 subie-

262 1748 367 1783 runt
380 1772 392 1793 ,
417 1738 915 1799 demonstraveruntque
932 1738 1180 1784 infidelibus
1199 1755 1223 1784 a
1239 1755 1284 1784 se
1302 1739 1446 1799 potius
1465 1738 1539 1784 illa
1557 1754 1627 1784 om
1639 1765 1659 1775 -

262 1809 334 1852 nia
352 1842 363 1863 ,
387 1822 521 1867 quam
543 1823 587 1852 se
611 1808 666 1852 ab
688 1807 747 1851 eis
769 1823 858 1853 esse
879 1823 1110 1867 possessos,

321 1880 565 1923 LXXVIII.
594 1877 710 1931 Quid
731 1878 1078 1932 calumniamini,
1113 1875 1235 1937 quod
1256 1875 1405 1921 fideles
1420 1879 1511 1938 jam
1542 1878 1658 1937 bap-

261 1950 432 1995 tismate
454 1949 670 2004 renovati,
698 1962 920 2008 procreare
943 1947 1053 1992 filios
1069 1982 1080 2003 ,
1107 1956 1151 1992 et
1172 1963 1297 2007 agros
1319 1963 1368 1992 ac
1398 1947 1548 1993 domos
1573 1964 1657 2008 pe-

259 2021 522 2081 cuniamque
544 2018 679 2064 ullam
708 2019 926 2079 possidere
955 2034 1044 2063 non
1072 2017 1297 2063 debeant?
1320 2019 1539 2064 Permittit
1568 2020 1653 2064 hoc

263 2091 439 2136 Paulus.
463 2092 572 2137 Nam
594 2089 716 2151 quod
737 2089 884 2149 negari
908 2104 997 2134 non
1019 2097 1161 2148 potest
1177 2123 1189 2144 ,
1215 2087 1425 2134 fidelibus
1454 2089 1623 2149 scripsit
1642 2110 1653 2147 3

262 2171 358 2222 post
386 2161 628 2206 multorum
653 2160 816 2220 quippe
849 2159 1105 2205 vitiosorum
1137 2160 1542 2215 enumerationem,
1578 2159 1655 2220 qui

261 2247 445 2291 regnum
466 2232 544 2277 Dei
565 2247 654 2277 non
681 2230 996 2292 possidebunt:
1023 2232 1116 2274 «Et
1147 2230 1241 2274 haec
1269 2229 1451 2290 quidem
1480 2229 1652 2285 fuistis,

265 2322 286 2346 »
310 2304 476 2364 inquit,
501 2303 577 2347 sed
598 2300 738 2347 abluti
759 2301 857 2346 estis
872 2335 883 2357 ,
906 2301 981 2345 sed
1003 2300 1263 2346 sanctificati
1285 2300 1384 2345 estis
1400 2335 1411 2356 ,
1436 2300 1512 2347 sed
1524 2300 1656 2361 justi·

265 2395 285 2417 »
312 2375 425 2420 ficati
447 2374 545 2419 estis
565 2374 613 2418 in
635 2373 811 2418 nomine
834 2371 1006 2417 Domini
1029 2374 1132 2416 Jesu
1147 2371 1330 2427 Christi,
1357 2381 1400 2417 et
1419 2371 1466 2415 in
1489 2371 1653 2430 Spiritu

266 2464 284 2487 η
311 2446 387 2491 Dei
421 2445 596 2492 nostri2.
615 2463 635 2487 »
672 2443 857 2489 Ablutos
885 2440 1041 2504 procul
1076 2440 1213 2488 dubio
1233 2476 1245 2499 ,
1284 2451 1327 2487 et
1361 2441 1651 2487 sanctificatos

314 2536 322 2553 ¹
351 2541 364 2563 1
383 2531 457 2563 Cor.
478 2540 535 2571 vu,
554 2527 610 2563 31.
627 2526 764 2562 -21d.
785 2536 829 2567 vl,
853 2536 905 2560 n.
