1729 3143
486 263 541 291 m:
572 261 781 299 svmmm,
816 261 954 289 senno
986 261 1053 289 111.
1400 251 1452 289 87

76 327 165 385 igni
177 326 386 371 tribuitur
400 361 411 382 ,
436 326 556 371 aliud
576 323 798 384 splendori
816 359 826 378 ,
847 323 965 368 aliud
982 323 1131 368 calori.
1154 325 1263 367 Nam
1282 338 1384 367 cum
1401 324 1457 368 ad

76 399 221 457 ignem
238 397 371 441 refers
386 397 601 441 ustionem
617 429 628 450 ‚
652 395 714 438 ibi
731 403 934 452 operatur
956 404 1000 438 et
1021 392 1225 453 splendor
1244 402 1288 438 et
1304 393 1421 438 calor
1443 412 1452 438 z

76 476 120 511 et
136 482 236 511 cum
258 466 314 511 ad
333 466 607 526 splendorem
624 462 756 508 refers
777 462 1144 508 illuminationem
1165 498 1177 519 ‚
1200 463 1329 509 simul
1351 479 1457 523 ope-

76 546 198 581 ratur
218 546 261 580 et
281 536 391 595 ignis
411 544 455 579 et
475 533 594 579 calor
618 551 627 578 :
653 542 696 577 et
716 547 817 578 cum
835 532 892 576 ad
913 532 1099 577 calorem
1124 533 1257 579 refers
1275 532 1462 579 calefac-

76 607 241 652 tionem
259 639 270 660 ,
310 605 439 649 simul
474 612 679 664 operatur
710 602 822 661 ignis
856 610 901 645 et
930 601 1049 646 calor
1081 612 1125 647 et
1153 603 1374 662 splendor.
1401 606 1467 648 Ita

76 691 177 722 cum
198 675 358 719 dicitur
379 674 500 734 quod
521 677 635 718 Deus
667 672 821 717 fecerit
841 672 1059 716 mundum
1074 706 1085 727 ‚
1110 672 1367 731 intelligitur
1389 677 1468 718 Pa-

74 755 140 790 ter
161 760 263 790 cum
286 743 398 789 Filio
416 780 427 799 ‚
453 753 496 788 et
518 760 594 804 per
616 743 777 788 Filium
796 777 808 795 ,
839 751 882 787 et
904 757 1006 787 cum
1035 743 1199 803 Spiritu
1220 752 1385 788 sancto.
1411 747 1468 788 Et

72 829 173 860 cum
197 814 381 860 dicimus
403 814 563 859 Filium
585 830 665 874 pro
687 814 813 858 nobis
836 828 1011 873 passum
1027 847 1039 868 ‚
1064 812 1348 873 intelligimus
1370 829 1465 874 pas-

71 886 237 932 sionem
259 885 362 930 Filii
389 895 616 945 operatum
634 884 766 929 fuisse
788 893 832 929 et
853 887 1025 929 Patrem
1044 893 1086 928 et
1108 884 1271 929 Filium
1300 894 1343 929 et
1370 885 1466 943 Spi-

70 956 205 1001 ritum
239 966 454 1002 sanctum.
493 959 550 1001 Et
583 971 685 1001 cum
716 956 910 1001 remissio
942 965 1224 1016 peccatorum
1256 954 1468 1000 tribuitur

73 1027 255 1086 Spiritui
276 1036 451 1082 sancto,
477 1027 759 1085 intelligimus
781 1036 922 1072 totam
950 1027 1206 1071 Trinitatem
1235 1027 1366 1071 etiam
1385 1027 1470 1069 hoc

73 1095 242 1138 donum
271 1091 618 1152 inseparabiliter
654 1093 838 1150 operari.
885 1095 991 1135 Haec
1024 1101 1204 1151 propter
1241 1095 1468 1139 haereticos

72 1164 256 1208 Arianos
276 1162 347 1207 vel
369 1161 476 1206 alios
496 1162 573 1221 qui
594 1160 718 1205 aliter
736 1161 792 1205 de
810 1164 900 1205 Deo
917 1162 1115 1206 sentiunt
1130 1177 1263 1221 quam
1284 1163 1465 1222 dignum

70 1242 135 1278 est
149 1267 160 1288 ,
185 1232 300 1277 dicta
317 1240 419 1276 sunt
440 1233 605 1276 Vestrae
623 1230 853 1275 Charitati.
879 1232 1099 1276 Caeterum
1128 1231 1240 1276 illud
1260 1234 1381 1292 quod
1403 1243 1466 1278 est

71 1301 294 1346 ineffabile
316 1310 381 1345 est
396 1336 407 1356 ‚
428 1298 874 1360 incomprehensibile
894 1309 957 1344 est
971 1335 982 1355 ‚
1007 1315 1087 1346 nec
1103 1301 1246 1346 verbis
1263 1302 1467 1362 angelicis

70 1371 279 1432 explicari
295 1380 439 1430 potest
453 1405 464 1425 ,
490 1380 657 1430 quanto
678 1371 814 1428 magis
827 1371 1060 1414 humanis?

129 1443 186 1486 X.
218 1441 530 1485 Remissionem
567 1449 864 1498 peccatorum.
899 1438 1058 1483 Omnia
1095 1453 1272 1497 prorsus
1309 1442 1467 1488 delicta

71 1511 189 1557 delet
209 1520 407 1555 sanctum
429 1509 644 1568 baptisma
661 1543 672 1563 ‚
704 1517 748 1552 et
771 1507 992 1565 originalia
1014 1516 1057 1551 et
1083 1508 1258 1568 propria
1284 1526 1294 1554 z
1316 1508 1433 1556 dieta
1450 1547 1462 1568 ‚

69 1582 186 1626 facta
202 1616 214 1636 ‚
239 1581 449 1639 cogitata,
482 1580 654 1637 cognita
674 1613 685 1633 ‚
710 1578 958 1636 incognita,
983 1578 1129 1621 omnia
1160 1577 1460 1626 dimittuntur.

73 1655 261 1696 Innovat
280 1651 524 1704 hominem,
549 1650 624 1708 qui
641 1647 745 1693 fecit
764 1649 1006 1703 hominem,
1031 1646 1168 1692 donat
1185 1647 1362 1705 delicta,
1388 1652 1466 1710 qui

0 1715 1 1755 ἶ
70 1737 161 1767 non
189 1721 342 1782 quaerit
369 1721 552 1764 merita:
579 1719 789 1778 praevenit
826 1719 960 1777 gratia
990 1718 1120 1779 etiam
1147 1719 1285 1778 ipsam
1319 1719 1464 1766 infan-

72 1793 175 1836 tiam
192 1825 204 1845 ‚
227 1799 279 1834 ut
300 1791 387 1834 sint
407 1789 535 1833 liberi
556 1805 633 1849 per
654 1790 877 1835 Christum
896 1789 1099 1845 liberati,
1124 1789 1202 1850 qui
1220 1790 1267 1834 in
1283 1790 1423 1836 Adam
1442 1809 1466 1837 a

0 1857 1 1863 ’
70 1859 247 1906 diabolo
267 1859 533 1903 tenebantur
549 1868 649 1902 ante
671 1860 846 1918 captivi.

130 1933 210 1974 XI.
251 1931 403 1976 Carnis
438 1929 815 1973 resurrectionem.
852 1929 1005 1974 Omnis
1042 1943 1138 1988 spes
1166 1928 1270 1974 fidei
1301 1939 1464 1976 nostrae

71 2003 166 2046 haec
197 2010 287 2057 est,
315 2001 523 2061 quoniam
544 2000 916 2046 resuscitabimur.
954 2018 975 2043 «
999 2001 1162 2045 Omnes
1189 2000 1369 2061 quidem
1390 2018 1461 2046 re-

75 2089 97 2112 »
122 2085 374 2130 surgemus,
402 2071 461 2115 ait
482 2070 718 2130 Apostolus
738 2105 750 2126 ‚
788 2069 864 2114 sed
895 2085 986 2115 non
1016 2085 1167 2115 omnes
1203 2072 1459 2116 immutabi-

76 2161 96 2184 »
120 2156 219 2185 mur
237 2143 270 2184 1.
299 2159 318 2182 »
345 2143 588 2198 Resurgent
610 2141 714 2185 boni
730 2175 742 2194 ,
767 2149 995 2200 resurgent
1017 2140 1120 2186 mali
1141 2162 1153 2200 3
1189 2140 1264 2185 sed
1282 2141 1387 2187 boni
1409 2152 1460 2186 ut

71 2212 332 2271 sempiterna
353 2209 625 2254 beatitudine
648 2208 873 2266 fruantur,
898 2211 1000 2255 mali
1038 2221 1088 2256 ut
1115 2221 1329 2272 perpetuo
1362 2213 1465 2272 igne

71 2281 326 2341 puniantur.
353 2280 423 2324 Ibi
445 2279 714 2324 discernetur
735 2279 875 2325 fidelis
897 2282 953 2325 ab
987 2281 1154 2327 infideli
1174 2318 1185 2334 ‚
1209 2292 1259 2327 ut
1281 2284 1465 2343 accipiat

71 2350 180 2394 fides
200 2350 430 2409 praemium
450 2385 461 2405 ‚
486 2359 529 2394 et
546 2350 728 2409 perfidia
748 2350 949 2410 supplicii
969 2351 1167 2396 obtineat
1187 2352 1350 2397 locum.
1377 2355 1465 2399 Nec

73 2420 154 2466 sibi
172 2419 328 2464 frustra
347 2419 629 2465 blandiantur
644 2420 857 2466 increduli
876 2456 886 2477 ‚
912 2421 988 2482 qui
1008 2422 1195 2468 audiunt
1211 2422 1256 2467 in
1273 2423 1460 2469 Psalmo:

77 2509 95 2532 «
120 2493 219 2537 Non
250 2500 484 2549 resurgunt
510 2492 631 2551 impii
661 2492 706 2536 in
731 2491 896 2551 judicio
921 2495 951 2537 ¹.
981 2495 1033 2537 In
1059 2493 1225 2553 judicio
1250 2514 1268 2536 »
1293 2493 1459 2540 dictum

121 2583 131 2599 ¹
156 2587 168 2608 1
190 2577 265 2609 Cor.
286 2586 342 2617 xv,
361 2575 412 2608 51.
