1729 3143
219 201 274 240 46
648 214 681 239 s.
717 208 947 238 AUGUSTINI
979 197 1161 238 Episeom

275 278 350 321 VI.
385 279 418 320 F
422 276 591 320 ideliter
611 273 772 319 credite
793 275 839 318 in
859 278 1000 319 Deum
1025 279 1197 320 Patrem
1233 276 1594 336 omnipotentem.

217 348 570 406 Omnipotentem
587 349 726 390 Deum
739 343 955 390 credimus
969 381 980 400 ‚
1001 347 1077 406 qui
1099 346 1244 391 omnia
1272 345 1435 391 faciens
1458 345 1599 391 factus

214 426 385 471 nonest
405 438 414 463 2
438 427 480 460 et
499 416 597 459 ideo
620 415 894 472 omnipotens
916 425 996 470 est,
1012 417 1115 476 quia
1136 417 1191 461 de
1203 416 1341 460 nihilo
1355 415 1459 461 fecit
1474 433 1600 477 quae-

213 503 400 547 cumque
419 485 536 530 fecit.
561 487 659 531 Non
681 485 796 529 enim
814 500 915 529 eum
937 485 1081 547 aliqua
1110 486 1310 530 materies
1333 486 1523 546 adjuvit,
1549 502 1602 531 ex

213 573 297 617 qua
319 556 633 600 demonstraret
656 557 757 600 artis
772 571 861 600 suae
882 557 1124 617 potentiam
1146 576 1155 602 2
1180 556 1256 602 sed
1270 572 1323 601 ex
1345 556 1486 601 nihilo
1502 592 1513 612 ‚
1550 565 1603 602 ut

211 627 316 681 dixi,
339 635 497 671 cuncta
518 627 692 672 creavit.
721 630 815 671 Hoc
828 636 892 671 est
913 627 1029 671 enim
1044 643 1134 672 esse
1155 628 1528 687 omnipotentem,
1551 635 1603 671 ut

212 712 303 741 non
333 696 474 742 solum
495 696 661 742 fabrica
694 698 808 757 ipsa,
834 697 910 742 sed
932 699 1063 742 etiam
1084 698 1284 742 materies
1306 699 1365 742 ab
1383 697 1458 742 illo
1475 699 1602 742 inve-

211 767 357 811 niatur
373 783 479 824 esse,
503 769 580 828 qui
598 784 687 813 non
701 769 856 813 habuit
874 768 1049 817 initium
1063 778 1115 813 ut
1136 778 1269 826 esset3
1288 777 1332 812 et
1346 769 1380 812 is
1396 768 1474 828 qui
1495 783 1604 812 sem-

210 837 408 896 piternus
427 847 515 894 est,
536 848 722 894 crearet,
748 855 839 884 non
860 839 905 883 id
927 839 1052 899 quod
1088 839 1179 900 ipse
1201 849 1311 884 esset
1328 874 1339 894 ‚
1365 838 1443 883 sed
1464 847 1515 883 ut
1545 838 1603 884 ab

208 905 286 952 illo
307 918 448 954 essent
463 910 552 969 jam
574 909 802 969 accepisse.
839 911 982 958 Omne
1012 909 1130 954 enim
1164 908 1286 969 quod
1319 917 1406 963 est,
1441 908 1497 951 ab
1527 907 1604 952 illo

210 986 275 1022 est
300 997 310 1022 ε
334 978 425 1038 ipse
446 989 594 1024 autem
610 996 634 1024 a
655 995 699 1024 se
720 980 814 1039 ipso
830 989 910 1035 est,
925 980 1002 1039 qui
1024 995 1114 1025 non
1132 980 1186 1023 ab
1199 979 1346 1038 aliquo
1363 977 1505 1026 factus
1519 986 1599 1022 est.

211 1048 335 1092 Fecit
356 1064 460 1107 ergo
482 1048 594 1095 facta
622 1065 712 1095 non
736 1048 902 1105 factus,
922 1050 1351 1109 creavit'greaturam
1367 1064 1458 1095 non
1480 1062 1605 1092 crea-

213 1126 280 1162 tus
301 1134 312 1162 :
332 1119 410 1179 qui
431 1121 561 1164 etiam
583 1120 664 1179 ipsi
682 1129 891 1164 creaturae
916 1118 1278 1163 convenientibus
1301 1116 1505 1175 gradibus
1527 1132 1605 1176 pet·

209 1186 398 1232 diversas
419 1190 715 1233 ordinationes
737 1190 962 1234 constituit
984 1196 1232 1248 potestates.
1269 1191 1417 1231 Potest
1439 1188 1604 1246 quippe

209 1257 454 1302 secundum
467 1257 614 1302 datam
626 1268 883 1317 potestatem
893 1257 1276 1317 quilibetAngelus
1290 1256 1360 1301 vel
1368 1257 1502 1301 homo
1516 1256 1604 1300 dici

209 1336 364 1385 potens
384 1346 393 1371 ε
417 1326 493 1371 sed
513 1327 730 1387 numquid
752 1337 895 1386 potest
909 1327 996 1370 dici
1018 1327 1320 1385 omnipotens?
1346 1330 1495 1370 Potest
1517 1325 1605 1369 dici

208 1412 282 1441 rex
302 1398 372 1443 vel
393 1396 774 1458 imperator‚qu0d
785 1398 923 1442 multa
941 1413 1042 1457 quae
1054 1397 1158 1441 velit
1169 1397 1301 1455 possit
1322 1416 1331 1440 :
1351 1412 1442 1440 non
1455 1406 1604 1443 tamen

209 1482 310 1512 eum
327 1467 404 1526 qui
422 1482 575 1511 sanum
593 1468 721 1527 sapit,
743 1467 922 1512 audebit
939 1467 1082 1510 dicere
1101 1467 1452 1525 omnipotentem
1469 1483 1480 1516 ;
1500 1481 1603 1510 nam

207 1537 241 1580 si
261 1536 448 1582 voluerit
471 1552 572 1581 eum
593 1536 815 1581 adulando
839 1537 898 1580 ita
920 1536 1101 1580 laudare
1117 1571 1128 1591 ‚
1153 1536 1307 1595 incipit
1329 1532 1372 1580 et
1400 1535 1527 1580 illum
1558 1544 1603 1580 et

207 1622 252 1651 se
270 1606 413 1665 ipsum
436 1607 631 1652 fallendo
653 1606 866 1666 decipere.
883 1607 1116 1660 Quomodo
1137 1607 1253 1650 enim
1265 1606 1447 1650 audebit
1457 1606 1601 1651 dicere

209 1678 554 1736 omnipotentem
570 1712 581 1732 ‚
606 1692 738 1737 quem
758 1676 879 1721 videt
895 1676 1087 1721 multum
1107 1676 1219 1721 velle
1241 1676 1385 1721 vivere
1400 1686 1443 1721 et
1465 1677 1601 1722 vitam

208 1746 465 1793 succedente
487 1757 627 1792 morte
648 1748 796 1792 finire?
816 1748 854 1792 Si
879 1747 1154 1806 omnipotens
1168 1757 1345 1792 estnon
1366 1748 1599 1802 moriatur,

208 1834 234 1863 a
267 1828 408 1863 morte
433 1818 705 1863 excludatur.
736 1818 779 1863 Si
802 1827 948 1862 autem
972 1818 1010 1861 ei
1040 1833 1156 1862 mors
1178 1819 1420 1862 terminum
1442 1817 1566 1862 dabit
1582 1852 1595 1874 ,

208 1889 555 1948 omnipotentem
586 1903 686 1932 eum
720 1903 811 1932 non
847 1887 979 1932 fuisse
1007 1888 1100 1947 ipsa
1121 1903 1236 1932 mors
1257 1888 1594 1932 demonstrabit.

206 1960 306 2005 Non
326 1974 427 2018 ergo
443 1960 659 2019 quispiam
678 1958 858 2005 audebit
875 1958 1119 2018 quamlibet
1140 1968 1384 2003 creaturam
1401 1959 1489 2002 sive
1511 1973 1597 2002 coe-

207 2028 361 2073 lestem
388 2030 475 2073 sive
491 2039 736 2074 terrestrem
759 2028 924 2072 discere
945 2029 1291 2087 omnipotentem
1310 2063 1321 2083 ,
1346 2029 1428 2073 nisi
1458 2027 1596 2072 solam

209 2099 481 2156 Trinitatem,
516 2103 689 2145 Patrem
728 2098 891 2143 scilicet
917 2108 960 2144 et
982 2098 1143 2144 Filium
1177 2108 1221 2144 et
1239 2099 1448 2158 Spiritum
1466 2112 1595 2143 sanc-

208 2178 319 2214 tum.

266 2242 366 2285 VII.
391 2242 489 2287 Non
519 2240 636 2284 enim
660 2275 670 2295 ‚
710 2254 811 2284 cum
840 2239 1025 2283 dicimus
1054 2255 1131 2284 nos
1170 2238 1345 2284 credere
1376 2238 1423 2282 in
1452 2241 1594 2282 Deum

210 2313 382 2355 Patrem
423 2311 765 2369 omnipotentem
791 2345 802 2364 ‚
851 2310 961 2354 sicut
1000 2309 1191 2354 haeretici
1225 2308 1370 2353 Ariani
1400 2343 1411 2363 ‚
1458 2323 1594 2366 nega-

209 2395 307 2423 mus
328 2380 489 2424 Filium
513 2381 856 2440 omnipotentem
873 2413 884 2433 ‚
910 2388 984 2423 aut
1013 2381 1220 2439 Spiritum
1239 2388 1439 2423 sanctum
1456 2393 1594 2438 nega-
1659 2420 1663 2421 γ
1705 2374 1707 2412 ἶ

211 2464 308 2493 mus
331 2452 688 2509 omnipotentem.
716 2451 759 2496 Si
787 2449 946 2494 Filium
974 2450 1195 2508 negaveris
1217 2450 1563 2509 omnipotentem
1579 2482 1590 2503 ‚

213 2520 390 2578 negabis
403 2529 445 2565 et
459 2524 630 2566 Patrem
641 2520 999 2579 omnipotentem.
1021 2519 1104 2566 Sed
1116 2520 1253 2579 major
1266 2529 1344 2576 est,
1361 2520 1588 2581 inquiunt,
