1729 3143
457 231 512 258 niz
544 230 758 268 εῩΜιοιο,
783 229 924 257 snmo
955 225 1014 256 lv.
1306 215 1324 230 ‘
1346 216 1429 255 105

48 307 208 344 testans
229 314 253 342 a
275 298 583 341 communione
611 296 744 340 totius
774 295 890 339 orbis
911 307 1136 339 secernens
1163 293 1209 337 in
1233 306 1325 337 uno
1357 309 1434 338 an-

50 369 153 429 gulo
168 368 633 412 damnaverit?Cavete
644 400 654 420 ‚
676 363 828 409 fratres
840 400 851 419 ,
872 366 1089 409 doctrinas
1103 364 1406 408 haereticorum
1421 399 1432 417 ‚

48 450 257 498 tanquam
290 437 463 482 insidias
497 438 718 496 luporum.
755 436 867 479 Oves
896 436 1084 490 Christi,
1112 435 1258 479 audite
1281 448 1432 479 vocem

48 510 229 569 pastoris
256 509 401 553 vestri.
432 527 451 549 «
477 508 563 560 Qui
590 508 722 550 intrat
742 521 820 564 per
848 506 1006 549 ostium
1035 508 1078 549 in
1110 505 1223 550 ovile
1255 506 1404 550 ovium
1421 540 1432 561 ‚

53 597 73 619 »
98 579 172 622 ille
194 588 339 637 pastor
363 586 425 621 est
443 612 453 631 ‚
480 577 538 620 ait
558 597 571 633 3
606 577 682 636 qui
704 585 849 620 autem
871 575 1065 619 ascendit
1082 591 1159 634 per
1186 576 1314 619 aliam
1336 591 1442 634 par-

53 666 73 689 »
99 657 185 691 tem
205 682 215 701 ‚
245 646 316 690 fur
337 656 400 690 est
423 655 466 689 et
486 646 598 689 latro
614 647 644 688 ¹.
667 664 687 686 »
713 647 873 690 Cavete
891 643 1007 689 fures
1023 680 1033 699 ‚
1059 654 1208 688 cavete
1232 646 1440 702 latrone83

50 732 136 761 non
161 717 342 776 quiescit
364 726 508 775 pastor
539 716 725 760 clamare
748 751 759 771 ‚
797 731 883 759 non
916 716 1018 760 sinit
1039 716 1170 759 etiam
1193 730 1293 759 suos
1315 730 1443 759 canes

52 797 206 831 tacere.
233 789 330 831 Non
359 801 404 830 se
426 795 666 846 sequestret
689 787 778 831 ovis
802 803 825 830 a
851 801 1021 830 summo
1049 795 1221 845 pastore
1239 821 1250 841 ‚
1275 801 1331 830 ne
1353 786 1443 844 ipsa

53 873 98 901 se
119 858 165 900 in
186 856 555 916 depraedationem
574 858 826 916 nequissimi
846 858 1002 901 offerat
1023 857 1114 915 lupi
1137 857 1337 915 raptoris.

111 929 165 969 X.
196 930 248 970 In
272 927 564 971 remissionem
588 936 882 986 peccatorum.
909 928 1096 971 Fortiter
1123 935 1269 970 tenete
1286 961 1297 981 ‚
1328 925 1442 969 fide-

53 996 151 1040 liter
172 1005 338 1055 sperate
353 1031 364 1050 ‚
389 997 604 1055 patienter
625 1006 849 1056 expectate
870 1017 879 1042 :
903 997 1113 1042 reddetur
1129 997 1254 1042 vobis
1275 997 1448 1041 novitas

52 1081 129 1126 per
142 1067 406 1120 baptismum
423 1099 433 1118 ‚
453 1076 667 1112 vetustate
682 1068 933 1112 discedente
950 1068 1287 1113 :deonerabitur
1305 1068 1449 1119 anima

52 1132 227 1178 sarcinis
257 1142 535 1191 peccatorum
554 1165 565 1184 ‚
596 1139 647 1174 ut
666 1130 871 1174 libertate
892 1145 1018 1175 novae
1041 1131 1140 1175 vitae
1167 1131 1321 1175 induta
1336 1167 1346 1187 ‚
1373 1134 1450 1178 ad-

54 1217 201 1247 versus
223 1200 452 1245 diabolum
477 1215 577 1244 cum
599 1199 816 1258 adjutorio
847 1199 997 1245 divino
1018 1201 1161 1245 valeat
1187 1200 1361 1245 fortiter
1389 1203 1450 1246 di-

59 1272 218 1316 micare
237 1305 247 1325 ,
284 1284 473 1329 eumque
507 1286 529 1313 a
567 1284 655 1329 quo
687 1279 888 1328 superata
919 1279 982 1314 est
1012 1271 1071 1314 ita
1104 1279 1306 1329 superet,
1331 1280 1382 1314 ut
1404 1273 1450 1315 in

58 1356 191 1399 regno
212 1341 290 1385 Dei
313 1339 520 1383 translata
536 1374 546 1394 ,
571 1340 626 1383 de
644 1340 768 1384 hoste
787 1339 959 1384 devicto
977 1355 1126 1384 secura
1145 1375 1154 1395 ‚
1181 1349 1333 1398 regnet
1350 1356 1451 1385 cum

60 1427 138 1456 suo
161 1411 303 1469 capite
326 1411 516 1456 Christo.

118 1484 197 1525 XI.
224 1482 376 1526 Carnis
397 1481 771 1525 resurrectionem.
798 1483 958 1539 Magna
978 1480 1086 1524 fides
1108 1489 1173 1525 est
1193 1482 1448 1537 necessaria,

59 1552 267 1613 quoniam
287 1567 497 1610 magnum
520 1551 750 1610 praemium
779 1550 1066 1609 promittitur.
1098 1553 1188 1595 Nec
1217 1551 1451 1597 attendatis

59 1622 168 1682 quid
188 1637 307 1665 nunc
328 1623 378 1665 fit
394 1656 405 1675 ,
445 1622 520 1665 sed
557 1622 663 1680 quid
696 1630 804 1664 tunc
836 1621 885 1665 fit
913 1640 921 1664 :
948 1619 1068 1681 quod
1087 1620 1205 1664 enim
1228 1637 1348 1666 nunc
1368 1623 1447 1677 fit,

59 1692 219 1735 multos
245 1700 406 1735 movet.
441 1693 583 1744 Quem
619 1691 735 1734 enim
757 1706 846 1734 non
882 1700 1056 1744 movet,
1082 1706 1183 1735 cum
1208 1692 1328 1736 videt
1349 1701 1451 1736 tan-

60 1771 148 1807 tam
171 1762 357 1821 speciem
372 1796 383 1817 ,
408 1770 575 1805 tantam
601 1760 976 1820 pulchritudinem
995 1797 1005 1816 ‚
1030 1770 1296 1822 tantumque
1319 1762 1454 1807 deco-

61 1847 151 1876 rem
171 1866 182 1886 ,
217 1832 438 1876 hominem
477 1830 714 1875 formatum
743 1831 896 1875 resolvi
926 1831 973 1874 in
995 1831 1219 1890 pulveres,
1246 1847 1340 1877 ossa
1362 1832 1453 1877 dis-

61 1902 209 1961 pergi,
243 1910 401 1945 terram
433 1911 560 1946 terrae
593 1903 828 1946 mandari?
847 1904 945 1947 Non
974 1911 1017 1946 te
1048 1903 1154 1957 ista,
1179 1903 1451 1957 Christiane,

64 1970 324 2015 deterreant.
365 1972 608 2016 Seminatus
637 1981 701 2016 est
735 1973 894 2026 homo,
924 1979 1022 2016 *non
1049 1972 1262 2031 perditus.
1298 1974 1454 2018 Anima

63 2040 243 2100 quidem
274 2041 523 2086 discedente
554 2042 855 2087 habitaculum
895 2043 987 2102 ejus
1024 2042 1206 2087 solvitur
1233 2062 1242 2087 z
1275 2058 1364 2087 non
1393 2053 1458 2087 est

65 2107 194 2155 enim>
218 2121 375 2170 praesto
409 2112 485 2156 illa
513 2112 690 2157 domina
710 2148 721 2169 ‚
758 2129 858 2173 quae
881 2128 1031 2157 curam
1062 2122 1181 2172 gerat
1202 2113 1332 2157 luteae
1374 2111 1456 2157 do—

67 2195 165 2225 mus
183 2215 194 2235 ‚
219 2190 352 2240 atque
373 2183 465 2241 ejus
487 2191 699 2226 restauret
720 2183 881 2226 ruinas.
908 2182 1039 2226 Vadit
1061 2184 1175 2226 enim
1191 2218 1202 2237 ‚
1227 2192 1277 2226 ut
1298 2196 1456 2239 magno

66 2251 247 2310 praemio
269 2266 450 2310 regnum
478 2261 702 2311 comparet
722 2254 1050 2311 sempiternum.
1092 2253 1208 2307 Quid
1237 2268 1339 2312 ergo
1362 2267 1456 2295 me-

67 2320 153 2364 tuis
183 2355 194 2375 ,
240 2336 266 2365 o
305 2323 479 2366 anima?
502 2324 675 2367 Christo
717 2323 902 2366 Domino
942 2323 1083 2367 dicata
1105 2339 1149 2367 es
1176 2342 1185 2367 ε
1212 2331 1342 2382 atque
1363 2323 1457 2380 ipso

68 2390 261 2433 donante
290 2391 403 2435 bene
437 2392 543 2436 vivis
569 2427 579 2446 ,
625 2402 667 2436 et
701 2392 755 2436 ad
790 2406 970 2449 regnum
1004 2392 1079 2436 Dei
1105 2393 1330 2451 pervenire
1350 2406 1456 2435 con-

67 2458 225 2502 tendis.
272 2461 344 2519 Ut?
370 2462 476 2519 quid
512 2461 719 2506 formidas
755 2461 1004 2506 vehiculum
1040 2463 1221 2507 mortis?
1256 2462 1452 2506 Proficis-

119 2543 240 2576 ann.
260 2554 301 2583 x.
322 2555 348 2575 1.
