1729 3143
423 219 503 245 Lm.
540 219 588 245 11.
625 219 677 245 DE
709 219 892 247 moninus
925 217 1266 247 MANICHAEORUM.
1451 209 1526 247 547

159 285 298 326 Deum
315 297 543 342 possumus
559 283 699 329 dicere
715 319 726 339 ,
762 285 833 329 cui
860 285 893 328 si
914 286 1179 329 contrarium
1205 293 1320 330 recte
1341 300 1532 345 quaeras,
1567 284 1576 332 ἔ

156 353 266 397 nihil
286 355 465 399 omnino
487 364 564 399 est.
591 358 692 399 Esse
724 355 840 398 enim
868 355 1132 400 contrarium
1159 371 1249 400 non
1271 355 1428 410 habet,
1455 356 1536 400 nisi
1564 386 1573 408 Ξ

156 438 247 468 non
257 438 361 468 esse.
373 423 501 470 Nulla
514 433 576 469 est
589 439 692 484 ergo
708 427 798 468 Deo
813 433 968 469 natura
983 425 1212 470 contraria.
1234 425 1318 470 Sed
1330 426 1538 485 quoniam

156 493 212 538 ad
231 494 324 539 haec
344 495 678 554 contemplanda
700 495 887 539 sauciam
903 505 946 540 et
963 496 1164 540 hebetem
1186 497 1424 555 nugatoriis
1440 497 1537 556 opi—

155 564 361 609 nionibus
383 573 426 609 et
446 565 660 624 pravitate
690 565 925 610 voluntatis
952 565 1085 610 aciem
1115 567 1272 611 mentis
1294 567 1537 625 afferimus,

154 649 364 680 conemur
379 645 596 696 quantum
622 651 846 695 possumus
867 636 924 680 ad
944 636 1308 698 qualemcumque
1330 648 1460 683 tantae
1477 639 1539 684 rei

153 706 356 751 notitiam
378 708 604 766 pervenire
624 707 891 766 pedetentim
912 715 1043 767 atque
1056 718 1200 765 caute,
1218 725 1308 755 non
1323 720 1374 755 ut
1388 709 1542 755 viden-

152 785 215 821 tes
229 811 240 831 ,
261 776 337 821 sed
356 786 405 821 ut
426 777 650 837 palpantes
672 777 815 823 solent
835 792 1049 838 quaerere.

211 850 270 891 11.
309 850 431 907 Saepe
448 857 580 908 atque
599 848 708 892 adeo
723 863 833 906 pene
850 863 1019 908 semper
1033 849 1287 906 Manichaei,
1307 850 1423 894 abiis
1440 851 1539 910 qui·

151 917 235 962 bus
257 912 453 963 haeresim
467 927 654 963 vestram
667 917 928 977 persuadere
946 918 1176 974 molimini,
1194 921 1407 980 requiritis
1420 920 1539 965 unde
1573 911 1579 976 Ξ
1604 910 1640 957 ἒ(

151 988 207 1032 sit
244 988 425 1032 malum.
461 992 616 1033 Putate
648 1002 718 1033 me
750 1004 869 1033 nunc
897 989 1097 1047 primitus
1128 990 1174 1035 in
1200 1005 1275 1036 vos
1307 991 1507 1036 incidisse
1523 1026 1534 1047 ‚
1572 982 1590 1040 ἒ

151 1057 381 1117 impetrem
403 1058 568 1118 aliquid
591 1074 615 1103 a
633 1059 754 1104 vobis
769 1094 780 1114 ,
805 1059 839 1103 si
861 1059 1026 1118 placet,
1046 1069 1096 1104 ut
1108 1061 1237 1105 etiam
1253 1077 1329 1106 vos
1343 1061 1538 1122 deposita

150 1128 370 1189 paulisper
392 1130 614 1189 opinione,
639 1145 726 1189 qua
746 1145 820 1174 vos
836 1130 916 1174 ista
931 1131 1039 1175 scire
1060 1131 1314 1190 opinamini,
1332 1148 1424 1176 rem
1439 1141 1536 1177 tan-

149 1209 240 1244 tam
261 1215 435 1245 mecum
454 1209 665 1261 tanquam
688 1200 816 1245 rudes
832 1201 1038 1260 indagare
1059 1203 1248 1247 tentetis.
1270 1207 1535 1248 Percuncta-

149 1271 257 1314 mini
287 1286 384 1325 me,
419 1270 537 1316 unde
569 1272 624 1315 sit
645 1271 809 1315 malum
837 1290 846 1316 ε
871 1281 916 1316 at
947 1287 1027 1331 ego
1056 1273 1243 1324 vicissim*
1273 1284 1534 1333 percunctor

147 1355 252 1398 vos,
277 1340 384 1400 quid
402 1340 456 1384 sit
472 1339 652 1384 malum.
668 1342 804 1400 Cujus
821 1350 884 1386 est
896 1342 1053 1402 justior
1068 1342 1324 1403 inquisitio?
1344 1347 1533 1389 Eorum-

148 1427 204 1456 ne
221 1410 300 1472 qui
321 1419 526 1471 quaerunt
542 1410 660 1454 unde
680 1412 757 1465 sit,
783 1411 904 1471 quod
922 1413 1031 1472 quid
1046 1413 1100 1458 sit
1121 1413 1344 1472 ignorant,
1369 1430 1425 1459 an
1440 1416 1532 1475 ejus

128 1483 226 1542 ¹qui
246 1482 365 1541 prius
387 1490 514 1541 putat
536 1495 625 1525 esse
647 1481 934 1540 quaerendum
956 1483 1063 1541 quid
1084 1484 1160 1536 sit,
1191 1494 1242 1527 ut
1262 1500 1353 1528 non
1373 1486 1534 1543 ignotae

148 1553 209 1597 rei
229 1552 381 1614 (quod
401 1551 756 1597 absurdissimum
778 1554 866 1608 est)
888 1552 1008 1609 origo
1028 1556 1280 1613 quaeratur?
1303 1556 1533 1600 Verissime

148 1623 304 1668 dicitis.
331 1623 436 1677 Quis
458 1623 574 1667 enim
595 1623 654 1666 ita
677 1633 740 1666 est
764 1631 907 1666 mente
922 1637 1060 1667 caecus
1075 1658 1087 1678 ,
1111 1623 1188 1684 qui
1208 1640 1299 1669 non
1320 1625 1466 1671 videat
1486 1627 1532 1672 id

148 1694 308 1755 cuique
330 1694 477 1754 generi
499 1693 661 1737 malum
681 1707 785 1747 esse,
810 1692 933 1752 quod
950 1701 1101 1738 contra
1115 1695 1207 1754 ejus
1221 1705 1422 1741 naturam
1440 1699 1533 1742 est?

151 1766 236 1810 Sed
259 1766 343 1811 hoc
364 1765 600 1810 constituto
615 1798 626 1818 ,
655 1763 863 1808 evertitur
888 1764 1062 1807 haeresis
1081 1773 1224 1809 vestra
1243 1784 1254 1811 ι
1273 1767 1394 1812 nulla
1413 1769 1532 1812 enim

146 1844 301 1880 natura
322 1835 487 1879 malum
502 1869 514 1888 ‚
538 1835 573 1878 si
602 1832 722 1892 quod
744 1841 895 1877 contra
921 1841 1123 1877 naturam
1145 1843 1232 1890 est,
1265 1835 1312 1880 id
1335 1837 1416 1882 erit
1436 1853 1531 1884 ma-

146 1906 255 1950 lum.
267 1908 355 1950 Vos
370 1915 515 1949 autem
529 1904 711 1948 asseritis
721 1904 957 1963 quamdam
969 1913 1170 1949 naturam
1183 1913 1315 1966 atque
1329 1909 1532 1954 substan·
1547 1905 1554 1919 '²

148 1977 254 2021 tiam
270 1974 436 2020 malum
453 1989 558 2019 esse.
583 1972 763 2018 Accedit
782 1973 912 2017 etiam
932 1972 1043 2018 illud
1057 2008 1069 2029 ,
1093 1975 1211 2034 quod
1236 1985 1387 2022 contra
1408 1973 1552 2024 natu-‡

149 2063 242 2093 ram
278 2045 496 2107 quidquid
532 2053 597 2090 est
611 2080 621 2099 ,
662 2045 813 2104 utique
848 2053 1017 2089 naturae
1053 2044 1327 2105 adversatur,
1362 2058 1408 2094 et
1435 2066 1532 2096 eam

149 2119 361 2179 perimere
383 2118 550 2162 nititur.
580 2115 738 2160 Tendit
759 2130 862 2175 ergo
882 2115 927 2159 id
949 2116 1070 2176 quod
1091 2126 1180 2172 est,
1207 2116 1350 2164 lacere
1370 2131 1420 2166 ut
1443 2138 1534 2168 non

150 2190 219 2234 sit.
244 2192 354 2236 Nam
376 2197 420 2232 et
441 2188 532 2247 ipsa
548 2185 836 2230 natura‘nihil
858 2195 923 2230 est
938 2185 1083 2242 aliud,
1108 2203 1241 2247 quam
1256 2189 1301 2234 id
1321 2191 1443 2251 quod
1462 2193 1534 2238 in-

150 2261 361 2319 telligitur
380 2260 427 2304 in
455 2274 533 2304 suo
558 2272 712 2317 genere
746 2256 912 2317 aliquid
941 2273 1045 2302 esse.
1080 2261 1234 2320 Itaque
1265 2270 1315 2306 ut
1341 2278 1420 2308 nos
1442 2265 1534 2324 jam

149 2347 264 2377 novo
295 2331 472 2376 nomine
502 2329 557 2374 ab
580 2345 631 2373 eo
649 2363 659 2382 ,
682 2327 803 2388 quod
829 2336 892 2372 est
912 2343 1002 2374 esse
1019 2363 1030 2383 ,
1054 2344 1259 2376 vocamus
1280 2335 1530 2390 essentiam,

152 2418 285 2464 quam
308 2402 570 2461 plerumque
592 2398 879 2444 substantiam
901 2399 1029 2443 etiam
1051 2400 1326 2447 nominamus
1347 2418 1356 2444 τ
1382 2404 1442 2449 ita
1458 2421 1534 2451 ve-
1555 2430 1564 2461 *r

151 2484 261 2519 teres
283 2474 359 2534 qui
383 2474 478 2517 haec
500 2472 677 2516 nomina
698 2486 787 2515 non
808 2470 1031 2514 habebant
1045 2506 1056 2526 ,
1081 2487 1160 2530 pro
1176 2474 1358 2519 essentia
1373 2485 1416 2520 et
1429 2478 1534 2521 sub-

151 2546 309 2591 stantia
339 2553 542 2589 naturam
570 2544 799 2588 vocabant.
827 2541 1022 2601 Idipsum
1052 2558 1154 2603 ergo
1185 2545 1347 2590 malum
1377 2558 1462 2602 est,
1503 2550 1535 2592 si
