1729 3143
569 218 623 246 DE
649 217 818 256 anunm,
852 217 937 245 Lm·
967 217 1016 243 11.
1389 202 1472 244 463

94 283 347 343 significari,
371 282 547 339 dicitur,
567 283 602 328 si
616 297 666 328 ex
679 283 859 328 hebraeo
877 282 925 326 in
944 280 1132 326 latinum
1147 279 1474 340 interpretetur.

96 354 292 400 Positum
318 363 383 400 est
412 363 557 400 autem
588 355 648 399 sic
679 354 772 399 sine
801 352 1185 412 interpretatione,
1211 359 1263 396 ut
1286 349 1480 411 ‘aliquem

94 425 243 470 locum
263 425 507 485 significare
527 423 727 470 videatur
741 458 752 479 ‚
778 424 1001 483 magisque
1021 424 1254 483 figuratam
1269 419 1399 467 faciat
1418 420 1483 467 lo-

95 495 332 540 cutionem.
358 495 628 540 Productum
649 502 796 539 autem
817 508 868 537 ex
888 501 1002 538 terra
1020 508 1150 538 omne
1172 491 1286 537 illud
1307 490 1485 551 lignum*

58 594 64 611 s
97 565 334 625 accipimus
355 579 487 610 omne
515 564 627 610 illud
653 564 861 623 gaudium
883 562 1075 623 spiritale
1091 598 1103 620 ,
1126 562 1172 608 id
1194 571 1280 619 est,
1305 577 1485 623 supere-

97 636 263 680 minere
283 643 426 690 terrae‚
449 643 493 680 et
512 650 603 680 non
622 633 786 680 involvi
808 641 941 694 atque
961 633 1091 678 obrui
1108 642 1383 678 terrenarum
1404 647 1486 677 cu-

99 705 331 765 piditatum
361 705 709 765 implicamentis.
736 704 924 763 Lignum
946 713 1093 748 autem
1116 704 1217 748 vitae
1238 704 1486 764 plantatum

90 776 145 836 *in
164 776 310 821 medio
325 775 534 835 paradisi,
559 775 814 835 sapientiam
830 774 950 819 illam
964 774 1194 834 significat,
1214 790 1303 834 qua
1317 783 1489 834 oportet

99 855 150 890 ut
170 845 386 905 intelligat
409 846 574 901 anima,
606 845 653 890 in
674 843 921 890 meditullio
943 844 1137 906 quodam
1160 860 1307 889 rerum
1333 860 1377 889 se
1399 859 1490 890 esse

99 915 358 972 ordinatam,
379 925 430 960 ut
449 916 647 977 quamvis
666 916 906 974 subjectam
926 916 1008 959 sibi
1028 916 1188 960 habeat
1209 930 1387 960 omnem
1407 931 1491 960 na-

101 996 244 1032 turam
264 1001 518 1045 corpoream
534 1021 546 1041 ,
571 1001 698 1043 supra
714 1000 759 1030 se
780 994 929 1030 tamen
947 999 1038 1030 esse
1058 984 1272 1044 intelligat
1288 995 1491 1031 naturam

99 1058 199 1112 Dei,
228 1067 272 1102 et
293 1071 437 1117 neque
456 1057 504 1100 in
525 1055 747 1100 dexteram
768 1055 987 1111 declinet,
1011 1056 1093 1100 sibi
1112 1058 1355 1116 arrogando
1370 1057 1492 1118 quod

100 1142 190 1172 non
213 1136 298 1185 est3
323 1142 466 1187 neque
497 1128 552 1170 ad
581 1126 795 1170 sinistram
812 1161 822 1181 ‚
859 1142 936 1185 per
964 1127 1271 1185 negligentiam
1294 1137 1492 1173 contem-

101 1196 247 1241 nendo
267 1196 388 1257 quod
409 1205 474 1240 est
497 1215 506 1240 ε
531 1205 575 1240 et
591 1197 674 1241 hoc
692 1205 756 1241 est
775 1196 945 1255 lignum
961 1196 1062 1240 vitae
1075 1197 1321 1256 plantatum
1335 1198 1383 1242 in
1399 1196 1492 1243 me-

100 1265 174 1312 dio
191 1266 393 1326 paradisi.
420 1266 557 1324 Ligno
578 1275 724 1310 autem
747 1267 937 1311 scientiae
953 1267 1058 1311 boni
1078 1276 1120 1311 et
1133 1267 1259 1322 mali,
1285 1269 1378 1327 ipsa
1389 1269 1494 1313 item

100 1337 310 1381 medietas
338 1337 494 1381 animae
523 1345 568 1380 et
596 1337 794 1381 ordinata
817 1336 1045 1395 integritas
1065 1337 1332 1396 significatur
1356 1357 1365 1383 ε
1391 1354 1495 1383 nam

103 1416 147 1451 et
167 1409 310 1467 ipsum
330 1407 501 1466 lignum
521 1407 569 1450 in
583 1407 728 1451 medio
744 1406 930 1466 paradisi
948 1406 1193 1466 plantatum
1216 1418 1280 1452 est
1300 1427 1309 1453 ε
1337 1417 1380 1453 et
1393 1408 1494 1454 ideo

104 1476 275 1536 lignum
302 1477 614 1536 dignoscentiae
641 1477 745 1522 boni
777 1486 819 1522 et
840 1477 941 1522 mali
968 1477 1142 1533 dicitur,
1168 1479 1271 1539 quia
1293 1479 1328 1523 si
1354 1480 1496 1524 anima

102 1564 203 1608 quae
215 1549 346 1593 debet
357 1549 403 1593 in
421 1564 470 1593 ea
486 1564 586 1608 quae
605 1548 821 1593 anteriora
839 1558 941 1593 sunt
958 1565 1002 1594 se
1019 1548 1268 1606 extendere,
1288 1549 1335 1594 id
1352 1560 1431 1605 est,
1450 1551 1498 1594 in

104 1621 260 1674 Deum,
286 1628 330 1663 et
350 1634 400 1663 ea
422 1635 521 1679 quae
544 1618 780 1678 posteriora
802 1628 904 1664 sunt
924 1620 1143 1676 oblivisci,
1173 1621 1220 1665 id
1237 1630 1316 1677 est,
1343 1636 1498 1681 corpo-

105 1703 197 1733 reas
220 1688 463 1748 voluptates
477 1724 488 1744 ‚
515 1689 571 1733 ad
592 1704 636 1733 se
659 1690 795 1748 ipsam
817 1689 988 1735 deserto
1009 1693 1100 1736 Deo
1120 1706 1328 1737 conversa
1345 1691 1494 1747 fuerit,

104 1768 148 1803 et
163 1775 238 1803 sua
256 1760 452 1818 potentia
469 1768 680 1819 tanquam
698 1760 789 1804 sine
807 1764 898 1805 Deo
912 1762 1000 1805 frui
1018 1762 1207 1807 voluerit
1218 1797 1230 1818 ‚
1249 1763 1499 1807 intumescit

106 1830 325 1889 superbia,
350 1830 471 1890 quod
488 1839 552 1875 est
565 1830 740 1875 initium
761 1832 900 1876 omnis
917 1833 1098 1892 peccati.
1121 1835 1177 1878 Et
1190 1849 1291 1878 cum
1308 1834 1392 1879 hoc
1408 1834 1498 1893 ejus

107 1910 336 1960 peccatum
357 1916 489 1960 poena
510 1895 641 1945 fuerit
663 1911 918 1958 consecuta,
944 1903 1206 1963 experiendo
1237 1904 1365 1949 discit
1390 1904 1502 1965 quid

106 1971 276 2016 intersit
296 1972 410 2015 inter
436 1973 604 2016 bonum
633 1972 755 2032 quod
789 1972 1006 2029 deseruit⁷
1041 1983 1084 2018 et
1106 1974 1270 2019 malum
1297 1975 1344 2019 in
1379 1974 1502 2035 quod

108 2040 281 2086 cecidit.
309 2044 366 2086 Et
385 2042 470 2086 hoc
497 2042 537 2085 ei
566 2042 647 2086 erit
668 2051 857 2100 gustasse
882 2042 937 2087 de
959 2042 1109 2088 fructu
1130 2044 1296 2089 arboris
1319 2045 1500 2104 dignos—

109 2113 262 2157 centiae
284 2113 390 2157 boni
410 2121 454 2157 et
471 2113 590 2158 mali.
618 2113 875 2173 Praecipitur
897 2129 1001 2175 ergo
1017 2115 1081 2160 illi
1103 2125 1154 2161 ut
1170 2115 1226 2160 de
1248 2116 1369 2162 omni
1382 2116 1502 2175 ligno

109 2183 230 2243 quod
251 2193 315 2228 est
335 2184 381 2228 in
402 2184 600 2243 paradiso
621 2183 748 2240 edat,
773 2199 824 2228 ex
844 2184 963 2244 ligno
981 2195 1127 2231 autem
1154 2187 1200 2232 in
1217 2203 1308 2248 quo
1330 2196 1396 2233 est
1412 2188 1503 2247 dig-

109 2254 330 2299 noscentia
350 2255 455 2299 boni
477 2263 520 2298 et
541 2253 644 2298 mali
667 2269 757 2299 non
780 2254 883 2299 edat
896 2290 907 2311 ‚
933 2255 979 2300 id
1000 2266 1065 2301 est
1082 2292 1093 2312 ,
1118 2273 1209 2303 non
1228 2259 1288 2303 sic
1310 2274 1363 2303 eo
1377 2258 1502 2303 frua-

112 2334 184 2370 tur
201 2360 212 2380 ,
236 2334 287 2369 ut
307 2326 444 2385 ipsam
466 2325 711 2370 ordinatam
740 2325 1033 2385 integritatem
1063 2338 1232 2374 naturae
1253 2345 1360 2387 suae,
1381 2329 1504 2391 quasi

113 2395 420 2440 manducando
436 2395 568 2440 violet
593 2405 723 2455 atque
741 2407 1007 2456 corrumpat.

172 2468 297 2510 XIII.
329 2466 517 2510 Flumen
539 2475 685 2511 autem
702 2466 823 2526 quod
843 2468 1109 2526 procedebat
1130 2484 1182 2513 ex
1198 2470 1340 2523 Eden,
1355 2469 1400 2515 id
1419 2479 1499 2526 est,

117 2550 167 2579 ex
189 2534 352 2581 deliciis
369 2544 411 2580 et
431 2535 655 2596 voluptate
672 2545 716 2581 et
737 2536 892 2596 epulis,
914 2537 1036 2598 quod
1052 2538 1219 2586 flumen
1239 2555 1264 2586 a
1286 2541 1503 2600 Propheta
