1729 3143
405 181 458 208 DE
490 180 642 208 manao
673 176 887 216 ARBITRIO,
921 178 1005 205 Lm.
1040 176 1108 203 111.
1356 164 1435 202 361

60 248 171 303 lem,
196 263 282 307 qua
305 247 471 307 justitia
498 246 652 306 puniat
671 252 846 303 peccata
862 278 874 299 ‚
911 258 1011 303 quae
1033 254 1205 286 necesse
1227 248 1292 284 est
1312 241 1407 283 fieri
1429 260 1438 285 :

59 327 135 363 aut
155 318 384 378 quomodo*
399 333 488 362 non
508 317 562 361 sit
582 329 751 360 necesse
772 314 886 369 fieri,
912 329 1011 373 quae
1027 313 1174 357 futura
1195 326 1284 356 esse
1303 326 1437 371 praes-

57 388 160 433 civit
185 408 193 433 :
219 398 294 432 aut
314 386 535 448 quomodo
553 401 643 430 non
665 384 847 429 creatori
870 382 1171 443 deputandum
1194 391 1258 428 est
1274 417 1286 439 ,
1310 382 1442 443 quid-

58 458 166 516 quid
188 459 233 501 in
255 459 348 517 ejus
368 465 563 501 creatura
579 455 672 498 fieri
694 468 867 498 necesse
890 462 967 497 est.

115 529 173 570 X.
199 530 251 571 A.
286 527 410 571 Unde
432 525 511 570 tibi
531 523 703 569 videtur
734 525 962 568 adversum
993 537 1082 566 esse
1109 523 1298 567 liberum
1326 523 1443 567 arbi-

56 597 189 641 trium
207 605 403 641 nostrum
426 595 710 655 praescientiae
727 595 805 638 Dei
823 615 833 651 3
858 593 961 654 quia
982 594 1250 652 praescientia
1268 603 1357 650 est,
1389 609 1444 638 an

55 668 158 727 quia
174 668 250 711 Dei
267 667 537 725 praescientia
554 667 649 710 est?
666 667 716 709 E.
740 665 847 718 Quia
866 665 943 709 Dei
962 665 1121 724 potius.
1142 667 1194 709 A.
1211 664 1326 718 Quid
1343 679 1444 723 ergo

53 737 87 781 si
123 746 172 781 tu
206 737 422 795 praescires
449 745 732 795 peccaturum
762 750 849 779 esse
875 734 1063 795 aliquem
1079 770 1089 790 ,
1121 750 1211 779 non
1233 744 1342 779 esset
1362 749 1443 779 ne-

52 821 166 851 cesse
205 816 255 851 ut
292 808 521 864 peccaret?
560 809 611 850 E.
646 809 741 849 Imo
772 820 945 849 necesse
979 813 1088 849 esset
1127 814 1176 848 ut
1207 814 1436 863 peccaret:

51 891 141 920 non
168 876 280 919 enim
308 875 430 919 aliter
453 884 562 919 esset
589 875 857 933 praescientia
880 889 975 918 mea
991 910 1002 929 ,
1028 874 1108 918 nisi
1130 882 1245 918 certa
1270 875 1443 932 praesci-

50 961 156 989 rem.
185 949 237 988 A.
264 947 360 989 Non
393 945 525 1002 igitur
547 945 649 1003 quia
680 946 756 988 Dei
785 943 1054 1002 praescientia
1078 952 1160 998 est,
1186 959 1359 988 necesse
1381 954 1444 989 est

49 1015 141 1057 fieri
173 1029 272 1073 quae
305 1014 564 1071 praescierit,
601 1013 677 1056 sed
708 1012 1013 1057 tantummodo
1047 1013 1148 1072 quia
1172 1015 1442 1072 praescientia

50 1094 140 1141 est,
162 1100 261 1143 quae
279 1084 313 1127 si
330 1099 420 1127 non
438 1093 553 1127 certa
574 1083 826 1141 praenoscit,
847 1083 1000 1142 utique
1017 1083 1137 1126 nulla
1152 1093 1230 1128 est.
1252 1087 1303 1127 E.
1326 1087 1442 1129 Con-

49 1154 187 1198 sentio
209 1172 217 1197 ε
243 1154 318 1197 sed
341 1168 550 1211 quorsum
572 1154 677 1196 ista?
699 1156 751 1197 A.
781 1153 891 1204 Quia
913 1153 994 1196 nisi
1013 1152 1141 1197 fallor
1157 1188 1167 1207 ,
1194 1169 1283 1198 non
1301 1156 1443 1199 conti-

49 1238 138 1266 nuo
166 1231 216 1266 tu
238 1236 414 1278 peccare
442 1235 639 1279 cogeres,
665 1236 796 1280 quem
830 1230 1112 1279 peccaturum
1147 1237 1235 1266 esse
1263 1225 1440 1281 praesci—

48 1307 114 1337 res
140 1313 150 1349 3
176 1307 318 1351 neque
355 1292 446 1350 ipsa
478 1291 749 1349 praescientia
781 1299 856 1334 tua
889 1306 1069 1348 peccare
1104 1307 1204 1335 eum
1230 1303 1402 1351 cogeret
1427 1330 1437 1349 ,

49 1362 244 1423 quamvis
280 1363 370 1406 sine
410 1361 546 1406 dubio
581 1369 838 1420 peccaturus
872 1370 981 1405 esset
1008 1381 1016 1406 :
1042 1377 1131 1406 non
1167 1364 1282 1406 enim
1318 1363 1441 1408 aliter

47 1434 248 1478 iuturum
268 1433 314 1476 id
336 1447 425 1477 esse
448 1432 682 1491 praescires.
724 1431 843 1476 Sicut
872 1432 1019 1491 itaque
1047 1447 1137 1476 non
1170 1433 1251 1476 sibi
1284 1435 1440 1479 adver-

47 1514 197 1549 santur
225 1505 319 1548 haec
352 1504 441 1547 duo
459 1538 470 1558 ,
512 1513 561 1547 ut
594 1512 642 1546 tu
673 1503 942 1561 praescientia
971 1512 1047 1546 tua
1075 1504 1245 1548 noveris
1268 1540 1278 1559 ,
1320 1507 1440 1565 quod

47 1575 155 1619 alius
190 1590 266 1618 sua
296 1572 521 1618 voluntate
552 1572 747 1617 facturus
772 1581 836 1617 est
864 1592 871 1616 :
903 1573 963 1617 ita
987 1576 1100 1617 Deus
1131 1574 1352 1619 neminem
1384 1576 1440 1620 ad

47 1646 317 1704 peccandum
344 1659 502 1702 cogens
520 1679 530 1699 ,
556 1643 765 1703 praevidet
782 1652 929 1688 tamen
958 1659 1030 1688 eos
1061 1646 1137 1704 qui
1168 1647 1340 1705 propria
1361 1662 1442 1692 vo-

50 1715 220 1760 luntate
241 1715 503 1775 peccabunt.

103 1789 184 1831 XI.
210 1788 300 1831 Cur
321 1801 424 1844 ergo
446 1801 537 1829 non
564 1784 758 1829 vindicet
775 1786 918 1844 justus
936 1820 946 1840 ‚
977 1801 1076 1846 quae
1097 1787 1191 1830 fieri
1214 1802 1305 1832 non
1325 1790 1439 1846 cogit

46 1855 277 1916 praescius?
302 1855 423 1899 Sicut
438 1855 555 1898 enim
574 1863 625 1899 tu
641 1855 850 1898 memoria
865 1864 941 1899 tua
964 1870 1054 1900 non
1076 1858 1194 1915 cogis
1216 1856 1328 1902 facta
1349 1874 1439 1903 esse

45 1942 145 1985 quae
165 1925 470 1984 praeterierunt
494 1943 503 1968 ;
528 1924 585 1968 510
608 1928 721 1969 Βο115
743 1925 1016 1984 praescientia
1038 1942 1113 1970 sua
1131 1942 1222 1971 non
1243 1930 1359 1987 cogit
1378 1928 1439 1974 fa-

46 1997 198 2040 cienda
216 2031 227 2051 ,
253 2011 352 2056 quae
371 1994 519 2039 futura
540 2004 659 2040 sunt.
684 1998 742 2040 Et
762 1996 872 2040 sicut
893 2005 943 2040 tu
964 1996 1167 2057 quaedam
1182 2014 1282 2058 quae
1300 1998 1439 2044 fecisti

45 2066 298 2120 meministi,
325 2080 405 2111 nec
439 2074 586 2109 tamen
615 2081 714 2124 quae
745 2067 978 2111 meministi
1011 2069 1155 2113 omnia
1184 2069 1354 2115 fecisti:
1380 2071 1439 2115 ita

47 2140 160 2182 Deus
183 2137 328 2181 omnia
349 2151 539 2196 quorum
570 2137 662 2195 ipse
685 2146 837 2181 auctor
866 2147 928 2182 est
959 2141 1130 2198 praescit
1145 2175 1156 2195 ,
1188 2155 1268 2185 nec
1291 2150 1438 2186 tamen

47 2209 242 2252 omnium
265 2223 364 2267 quae
385 2207 557 2266 praescit
578 2206 669 2266 ipse
691 2217 842 2252 auctor
864 2218 942 2253 est.
970 2212 1167 2263 Quorum
1187 2221 1333 2256 autem
1348 2229 1437 2258 non

46 2287 110 2323 est
129 2278 268 2322 malus
292 2287 468 2333 auctor,
493 2280 637 2338 justus
662 2287 723 2322 est
744 2278 876 2324 ultor.
905 2280 1017 2325 Hinc
1049 2297 1152 2340 ergo
1180 2284 1271 2342 jam
1305 2283 1437 2328 intel-

45 2348 155 2407 lige,
181 2364 267 2408 qua
296 2349 463 2407 justitia
500 2352 613 2393 Deus
646 2359 821 2408 peccata
850 2351 1033 2409 puniat,
1074 2353 1174 2412 quia
1195 2369 1293 2414 quae
1315 2355 1437 2399 novit

45 2418 193 2463 futura
215 2435 304 2463 non
327 2417 432 2463 facit
462 2439 469 2464 :
500 2435 602 2464 nam
623 2420 656 2464 si
679 2430 910 2480 propterea
932 2437 1022 2466 non
1044 2422 1176 2468 debet
1197 2424 1435 2469 retribuere

47 2488 308 2547 supplicium
339 2490 620 2548 peccantibus
636 2525 647 2546 ‚
681 2491 780 2550 quia
802 2492 1012 2550 praevidet
1037 2503 1289 2553 peccaturos
1315 2515 1323 2541 2
1349 2509 1430 2539 nec
