1729 3143
364 231 447 258 Lm.
484 231 533 259 11.
566 232 620 259 DE
651 232 835 260 MORIBUS
866 228 1205 260 MANICHAEORUM.
1389 225 1470 264 563

101 294 177 354 qui
198 308 286 339 non
299 294 547 341 inveniebat
560 296 678 341 aliud
696 296 817 357 quod
835 296 1023 342 diceret:
1047 312 1154 342 num
1168 297 1294 342 istam
1309 299 1475 344 ratione

100 366 214 409 Deus
235 380 260 409 a
280 365 536 412 credulitate
551 376 627 412 aut
647 367 897 412 infirmitate
916 366 1202 412 defenditur?
1229 370 1333 413 Haec
1359 370 1477 414 enim

100 435 194 492 ejus
214 435 256 478 in
278 435 498 481 adversam
520 445 692 495 gentem
724 437 917 493 bonitas,
948 437 994 482 in
1024 453 1123 483 suos
1153 438 1296 483 extitit
1321 453 1476 499 magna

98 506 323 564 pernicies.
342 509 440 553 Huc
462 507 643 565 accedit,
660 508 761 569 quia
772 509 807 553 si
820 517 975 554 natura
991 508 1106 554 illius
1117 510 1338 570 corrumpi
1352 526 1472 556 com-

99 577 349 637 mutarique
379 593 470 624 non
503 588 646 639 posset
659 613 671 635 ,
707 594 787 623 nec
817 594 896 625 nos
931 579 1022 625 ulla
1055 581 1186 640 pestis
1225 591 1472 627 commuta-

99 655 167 691 ret
201 657 334 708 atque
365 655 692 710 corrumperet3
715 658 759 693 et
785 648 860 693 ille
895 649 1004 695 ordo
1038 650 1116 711 qui
1136 659 1302 697 naturae
1323 651 1476 697 alienae

99 719 370 776 praestandus
403 718 488 764 fuit
508 754 519 776 ‚
558 728 700 780 posset
737 720 827 764 sine
865 727 1012 765 nostra
1046 722 1326 780 perversitate
1362 737 1478 783 prae-

100 789 218 833 stari.

158 860 321 904 XXVI.
360 859 479 904 Illud
504 874 607 904 vero
633 860 833 904 nondum
853 859 1020 904 dictum
1042 868 1134 906 erat
1152 895 1163 916 ‚
1198 861 1320 922 quod
1340 877 1481 923 nuper

100 930 217 988 apud
238 931 547 990 Carthaginem
564 930 710 975 audivi
726 932 831 987 (10).
851 931 966 977 Cum
982 931 1098 975 enim
1119 930 1299 992 quidam
1315 967 1327 989 ‚
1351 949 1485 993 quem
1510 954 1516 984 ς

101 1000 285 1044 maxime
310 1000 387 1046 illo
415 1015 560 1046 errore
583 1001 713 1061 cupio
735 1000 937 1057 liberari,
961 1001 1042 1048 hac
1064 1003 1305 1062 quaestione
1326 1003 1372 1048 in
1395 1019 1487 1049 eas·
1512 996 1514 999 ¹

99 1069 202 1114 dem
235 1072 588 1131 compingeretur
613 1071 859 1131 angustias,
890 1086 1018 1117 ausus
1039 1081 1104 1118 est
1129 1072 1300 1129 dicere,
1324 1073 1486 1119 scilicet

98 1155 284 1201 regnum
306 1141 508 1186 habuisse
533 1141 745 1202 quosdam
766 1143 874 1186 fines
895 1157 1019 1199 suos,
1044 1144 1120 1204 qui
1141 1153 1316 1203 possent
1337 1144 1486 1189 invadi

99 1227 124 1256 a
141 1221 269 1270 gente
284 1214 500 1258 contraria
520 1233 531 1271 3
555 1228 657 1257 nam
677 1214 819 1272 ipsum
841 1216 984 1260 Deum
1004 1213 1128 1259 nullo
1147 1215 1279 1260 modo
1297 1215 1488 1275 potuisse

97 1282 267 1328 violari.
294 1284 380 1328 Sed
401 1283 510 1328 dixit
531 1283 652 1344 quod
674 1299 817 1344 neque
835 1294 987 1331 auctor
1002 1285 1076 1330 ille
1092 1294 1232 1331 vester
1246 1284 1339 1331 ullo
1355 1286 1488 1332 modo

97 1352 242 1398 dicere
266 1363 496 1413 cogeretur
517 1373 526 1399 :
545 1354 712 1399 videret
734 1356 850 1399 enim
869 1355 1048 1402 fortasse
1069 1365 1384 1417 consequentes
1401 1357 1488 1402 rui-

99 1439 176 1469 nas
193 1439 283 1469 suae
300 1434 428 1470 sectae
440 1425 583 1480 multo
597 1441 675 1484 per
687 1426 802 1470 hanc
819 1427 1078 1472 sententiam
1089 1461 1101 1483 ‚
1122 1442 1255 1488 quam
1268 1443 1346 1487 per
1359 1427 1487 1473 aliam

32 1492 42 1539 ᾗ
100 1493 328 1541 faciliores.
355 1498 412 1540 Et
433 1510 581 1540 revera
599 1495 657 1539 ita
674 1509 718 1539 se
734 1496 817 1540 hoc
838 1496 998 1551 habet,
1021 1506 1072 1540 ut
1088 1498 1122 1540 si
1138 1498 1371 1557 quisquam
1392 1512 1488 1542 me-

101 1566 260 1611 diocris
289 1566 431 1612 cordis
454 1565 639 1610 audierit
670 1565 715 1609 in
743 1574 898 1610 natura
926 1564 999 1611 illa
1022 1565 1153 1612 fuisse
1168 1601 1180 1623 ,
1206 1567 1325 1612 aliud
1349 1567 1487 1613 viola·
1512 1570 1515 1583 ³

19 1630 37 1676 ἶ
100 1636 214 1693 bile,
241 1637 362 1683 aliud
395 1636 676 1692 inviolabile,
716 1635 841 1681 facile
870 1636 1083 1696 intelligat
1113 1652 1204 1683 non
1232 1639 1322 1697 jam
1349 1639 1486 1695 duas,

32 1715 38 1728 '
101 1708 179 1753 sed
198 1717 285 1754 tres
303 1724 393 1754 esse
414 1718 590 1753 naturas
608 1743 618 1763 ‚
642 1723 776 1752 unam
797 1707 1092 1754 inviolabilem
1110 1743 1123 1764 ‚
1150 1709 1330 1754 alteram
1351 1709 1509 1756 violam

102 1780 238 1825 bilem
251 1816 263 1836 ‚
287 1781 460 1825 tertiam
475 1779 757 1824 violatricem.

161 1851 347 1896 XXVII.
374 1852 453 1893 Hae
470 1850 603 1908 igitur
619 1848 898 1907 blasphemiae
911 1882 923 1903 ,
947 1862 1049 1892 cum
1066 1863 1090 1892 a
1108 1847 1239 1893 corde
1261 1849 1484 1909 profectae,

32 1947 34 1956 ·
103 1921 301 1981 quotidie
322 1920 368 1964 in
384 1934 458 1963 ore
479 1928 620 1962 vestro
641 1917 840 1962 habitent
854 1952 865 1973 ,
890 1917 1072 1962 desinite
1094 1917 1330 1979 aliquando
1346 1921 1490 1980 signa-

104 1989 255 2035 culum
273 1990 356 2034 oris
371 1988 517 2043 vestri,
544 1987 599 2032 ad
615 1988 917 2047 imperitorum
932 1987 1198 2045 illecebram,
1222 1991 1344 2049 quasi
1362 2005 1487 2051 mag-

41 2071 43 2085 ³
105 2076 213 2106 num
250 2058 415 2120 aliquid
446 2058 696 2118 praedicare.
727 2058 817 2104 Nisi
848 2058 962 2103 forte
998 2058 1119 2118 quod
1144 2074 1235 2105 non
1265 2061 1488 2106 vescimini

105 2131 311 2177 carnibus
328 2165 339 2186 ,
364 2138 407 2174 et
427 2130 578 2174 vinum
604 2144 693 2172 non
720 2128 866 2173 bibitis
882 2163 895 2184 ‚
918 2129 1191 2189 signaculum
1218 2131 1301 2176 oris
1322 2131 1487 2177 miran-

106 2202 215 2247 dum
242 2210 286 2246 et
321 2199 592 2245 laudandum
624 2197 798 2257 putatis.
830 2197 959 2252 Quod
990 2214 1140 2259 quaero
1167 2215 1191 2245 a
1222 2201 1374 2258 vob1s‚
1399 2218 1489 2262 quo

105 2273 194 2317 fine
216 2271 397 2317 faciatis.
424 2270 541 2314 Finis
567 2269 682 2313 enim
704 2284 792 2329 quo
814 2268 1062 2314 referuntur
1082 2285 1131 2315 ea
1151 2286 1253 2330 quae
1273 2271 1456 2318 facimus
1473 2308 1486 2329 ‚

106 2344 154 2389 id
175 2351 239 2388 est
253 2378 264 2399 ,
296 2350 475 2402 propter
497 2355 628 2400 quem
651 2338 832 2385 facimus
858 2340 1075 2401 quidquid
1099 2339 1280 2387 facimus
1296 2378 1307 2399 ,
1343 2344 1378 2388 si
1398 2359 1490 2389 non

107 2413 250 2460 solum
271 2410 547 2471 inculpabilis
565 2445 577 2466 ‚
612 2409 688 2454 sed
709 2411 838 2456 etiam
853 2410 1083 2456 laudabilis
1103 2412 1258 2469 fuerit,
1284 2422 1390 2460 tunc
1411 2416 1488 2460 de-

108 2499 232 2529 mum
252 2483 382 2528 etiam
403 2481 519 2526 facta
540 2490 684 2526 nostra
705 2480 835 2525 laude
852 2481 994 2542 aliqua
1018 2482 1147 2541 digna
1169 2493 1270 2528 sunt
1294 2503 1303 2528 ε
1329 2485 1394 2529 sin
1415 2483 1488 2528 ille

103 2555 203 2615 jure
224 2553 469 2613 meritoque
495 2551 722 2612 culpatur,
748 2567 877 2612 quem
902 2561 1142 2612 spectamus
1170 2562 1212 2598 et
1239 2554 1486 2609 intuemur,
