1729 3143
71 285 175 389 S.
245 281 575 386 ΑΗΒ.
634 273 1441 382 AUGUSTINI

383 499 795 540 HIPPONENSIS
836 498 1118 537 EPISCOPI

182 680 328 762 DE
395 679 731 763 URBIS
796 669 1318 760 EXCIDIO.

56 891 1443 933 “eme-we—Qe—aoee-wssoeQ-Q—Qwssee—ee-av——eoea-—sswe-aw—aaaa-2

634 1052 707 1099 SE
714 1050 868 1097 RMO.

0 1283 1 1291 ἵ
119 1237 155 1280 Ι.
193 1237 456 1279 Ima-mmm
489 1230 676 1290 primam
702 1227 936 1273 lectionem
966 1226 1101 1271 sancti
1129 1224 1316 1269 Danielis
1344 1240 1449 1284 pro—

61 1306 229 1366 phetae,
259 1304 337 1347 ubi
358 1317 459 1346 eum
489 1300 734 1345 audivimus
762 1307 984 1353 orantem,
1024 1306 1066 1341 et
1093 1296 1237 1340 mirati
1267 1309 1415 1341 sumus
1432 1332 1444 1353 ,

61 1392 152 1421 non
183 1373 324 1419 solum
348 1381 525 1432 peccata
546 1369 699 1431 populi
721 1370 787 1414 sui
805 1404 816 1425 ,
851 1368 927 1413 sed
948 1377 991 1412 et
1013 1383 1090 1412 sua
1111 1368 1288 1427 propria
1308 1368 1448 1411 confi-

59 1454 240 1490 tentem.
265 1447 373 1489 Nam
403 1451 502 1502 post
523 1442 660 1500 ipsam
683 1441 942 1494 orationem,
968 1439 1092 1498 cujus
1115 1437 1294 1499 quidem
1314 1438 1448 1482 verba

58 1514 310 1560 indicabant
327 1528 429 1556 eum
450 1527 540 1556 non
563 1511 701 1555 solum
723 1509 1071 1569 deprecatorem,
1096 1508 1171 1552 sed
1196 1507 1326 1552 etiam
1344 1523 1450 1553 con-

61 1584 264 1629 fessorem
285 1604 295 1640 3
320 1591 417 1642 post
441 1583 577 1640 ipsam
596 1596 698 1639 ergo
716 1580 957 1625 orationem
978 1598 987 1624 :
1011 1580 1161 1624 «Cum
1178 1592 1363 1633 orarem,
1380 1578 1450 1622 in-

62 1673 83 1696 »
110 1653 227 1714 quit,
252 1661 296 1696 et
324 1652 555 1696 confiterer
591 1658 767 1709 peccata
798 1664 894 1693 mea
928 1658 972 1693 et
992 1657 1167 1708 peccata
1189 1647 1342 1708 populi
1363 1650 1449 1692 mei

62 1743 84 1766 »
108 1724 295 1768 Domino
325 1725 414 1766 Deo
442 1723 576 1765 me01.
598 1739 618 1762 »
644 1721 749 1774 Quis
772 1735 876 1779 ergo
899 1729 963 1764 est
984 1720 1061 1780 qui
1081 1735 1124 1764 se
1152 1719 1244 1763 sine
1269 1728 1449 1778 peccato

62 1809 152 1837 esse
176 1792 453 1852 profiteatur,
479 1806 579 1835 cum
601 1790 754 1834 Daniel
775 1799 948 1849 peccata
976 1790 1151 1849 propria
1183 1789 1450 1833 confitetur?

61 1866 168 1908 Nam
192 1863 381 1922 superbo
401 1861 577 1906 cuidam
597 1859 766 1905 dictum
789 1869 852 1905 est
873 1875 949 1920 per
970 1857 1237 1904 Ezechielem
1260 1859 1451 1919 prophe-

62 1942 149 1977 tam
169 1952 177 1977 :
207 1951 225 1973 «
243 1931 470 1991 Numquid
488 1940 536 1975 tu
553 1931 786 1990 sapientior
813 1945 946 1990 quam
972 1929 1148 1973 Daniel2
1166 1931 1184 1973 P
1201 1948 1220 1972 >›
1244 1932 1297 1974 In
1310 1930 1451 1974 tribus

60 2004 165 2048 item
188 2002 450 2062 quibusdam
469 2003 625 2047 sanctis
645 2002 745 2046 viris
762 2037 774 2057 ,
798 2016 876 2060 per
897 2016 1007 2061 quos
1029 2001 1111 2045 tria
1130 2015 1287 2060 genera
1306 2001 1451 2045 homi-

62 2089 170 2118 num
193 2073 404 2131 significat
424 2076 539 2116 Deus
566 2089 665 2132 quae
693 2072 957 2117 liberaturus
978 2080 1066 2127 est,
1092 2070 1271 2132 quando
1292 2085 1451 2130 magna

61 2142 285 2188 tribulatio
307 2150 621 2201 superventura
652 2151 715 2185 est
744 2143 888 2199 generi
920 2143 1141 2200 humano,
1173 2142 1303 2186 etiarn
1331 2142 1449 2186 hunc

63 2212 285 2256 Danielem
312 2212 483 2270 posuit:
511 2220 555 2254 et
575 2210 704 2265 dixit,
733 2211 855 2269 quod
883 2226 1011 2256 nemo
1039 2213 1141 2256 inde
1161 2211 1446 2267 liberabitur,

64 2281 147 2326 nisi
167 2283 275 2335 Noe',
297 2279 451 2324 Daniel
471 2290 513 2324 et
537 2281 636 2324 Job.
660 2283 718 2325 Et
734 2279 912 2340 quidem
934 2282 1215 2327 manifestum
1233 2291 1313 2338 est,
1333 2280 1452 2342 quod

66 2352 113 2395 in
136 2351 202 2394 his
225 2350 364 2395 tribus
385 2351 637 2395 nominibus
658 2351 741 2395 tria
762 2350 982 2411 quaedam,
1004 2362 1055 2397 ut
1076 2352 1180 2409 dixi,
1201 2367 1354 2412 genera
1371 2352 1455 2396 ho-

67 2421 237 2465 minum
255 2421 472 2480 significat
488 2425 618 2466 Deus.
641 2424 666 2466 J
670 2437 740 2466 am
759 2423 873 2467 enim
894 2431 978 2468 tres
997 2422 1061 2468 illi
1074 2424 1154 2470 viri
1170 2423 1456 2479 dormierunt,

116 2525 127 2540 ¹
150 2520 232 2551 Dan.
252 2529 297 2560 ix,
317 2527 370 2552 20.
385 2535 426 2542 --
443 2525 456 2541 2
476 2518 592 2551 Ezeeh.
608 2529 719 2561 xxviii,
739 2519 768 2552 3.
