1729 3143
616 195 668 222 DE
702 192 942 222 PAnEN'riA.
1426 187 1473 221 17

98 281 118 303 »
143 263 226 306 hoc
249 261 409 315 essetis,
429 259 619 304 mundus
634 259 756 320 quod
776 276 904 304 suum
926 268 990 304 est
1007 258 1241 316 dilig-eren,
1270 276 1290 298 n
1319 258 1403 303 Sed
1423 275 1478 304 nc

92 332 175 375 sibi
192 331 375 390 amplius
399 339 664 389 arrogarent,
689 345 819 389 quam
847 346 998 375 eorum
1019 345 1221 374 mensura
1240 329 1448 388 poscebat
1463 365 1474 384 ‚

96 410 140 446 et
159 403 243 447 hoc
266 401 386 462 quod
402 417 474 446 eos
491 416 580 445 non
595 415 683 444 esse
701 398 808 443 dixit
819 415 871 444 ex
888 401 1070 456 mundo,
1090 411 1255 445 naturae
1274 410 1480 459 putarent

93 487 204 527 esse,
241 487 331 517 non
359 471 536 530 gratiae:
573 470 725 523 «Quia
748 485 873 524 vero,
909 472 1076 529 inquit,
1103 472 1157 515 de
1190 472 1360 515 mundo
1388 486 1479 515 non

95 560 116 583 »
140 543 264 597 estis,
287 541 361 585 sed
383 555 462 599 ego
484 540 594 599 elegi
615 555 691 585 vos
720 539 774 584 de
799 540 968 585 mundo
994 575 1005 596 ,
1032 551 1261 600 propterea
1284 542 1377 587 odit
1404 556 1481 586 vos

95 628 116 651 »
140 609 348 655 mundus.
366 613 521 669 »Ergo
534 611 589 654 de
600 609 768 655 mundo
786 619 933 655 erant:
956 625 1057 655 nam
1069 620 1120 656 ut
1132 612 1187 655 de
1202 611 1371 657 mundo
1388 625 1480 656 non

92 689 249 735 essent,
273 679 400 725 electi
423 689 526 725 sunt
547 680 602 724 de
623 680 807 725 mundo.

147 753 291 795 XVII.
327 754 450 797 Hanc
483 761 631 796 autem
652 751 911 797 electionem
943 766 1034 797 non
1062 752 1409 811 praecedentium
1432 753 1479 795 in

90 820 215 864 bonis
236 821 441 880 operibus
458 822 731 876 meritorum,
757 821 834 866 sed
855 821 1114 866 electionem
1131 822 1282 880 gratiae
1300 821 1486 866 demon-

92 898 230 934 strans
253 891 506 950 Apostolus,
531 892 589 935 sic
605 892 776 951 inquit:
807 910 827 933 «
851 892 968 935 Etin
980 892 1064 937 hoc
1078 901 1275 951 tempore
1290 892 1486 950 reliquiae

93 977 114 1001 »
138 975 216 1019 per
236 961 496 1006 electionem
518 963 668 1020 gratiae
691 960 819 1006 salvae
844 961 971 1006 factae
1001 971 1119 1006 sunt.
1149 963 1191 1006 Si
1213 971 1361 1006 autem
1387 976 1486 1019 gra-

95 1048 115 1070 »
140 1030 220 1085 tia,
244 1032 335 1090 jam
357 1047 448 1076 non
469 1047 522 1075 ex
548 1032 756 1091 operibus
776 1066 786 1086 ‚
813 1031 1008 1091 alioquin
1032 1032 1168 1090 gratia
1185 1033 1276 1091 jam
1298 1047 1388 1076 non
1425 1041 1489 1075 est

93 1117 114 1139 n
141 1099 312 1157 gratia2.
337 1118 357 1141 »
380 1103 483 1144 Haec
501 1110 565 1145 est
587 1100 744 1145 electio
762 1101 927 1159 gratiae,
953 1100 999 1144 id
1022 1111 1101 1156 est,
1127 1101 1281 1145 electio
1303 1116 1390 1160 qua
1410 1116 1488 1159 per

91 1168 168 1210 Dei
190 1169 373 1226 gratiam
394 1171 592 1210 homines
610 1170 847 1224 eliguntur.
876 1172 981 1214 Haec
1003 1180 1082 1225 est,
1106 1171 1286 1230 inquam
1301 1205 1312 1225 ,
1331 1170 1486 1214 electio

91 1238 254 1295 gratiae,
283 1252 369 1296 qua
392 1237 539 1280 omnia
575 1237 691 1280 bona
725 1239 878 1280 merita
910 1238 1243 1295 praeveniuntur
1275 1242 1483 1284 humana.

93 1306 137 1350 Si
159 1307 273 1349 enim
302 1305 401 1349 ullis
424 1306 551 1350 bonis
580 1305 744 1349 meritis
770 1305 921 1359 datur,
937 1307 1029 1365 jam
1057 1321 1147 1349 non
1171 1306 1303 1364 gratis
1321 1306 1452 1351 datur
1470 1343 1480 1361 ‚

92 1375 167 1419 sed
188 1374 336 1419 debita
360 1375 581 1430 redditur,
614 1392 662 1419 ac
684 1391 761 1435 per
783 1376 868 1419 hoc
892 1391 981 1419 non
1001 1391 1105 1420 vero
1137 1377 1316 1420 nomine
1350 1378 1485 1434 gratia

92 1454 399 1504 nuncupatur-3
432 1446 510 1488 ubi
534 1464 553 1486 «
578 1448 767 1499 Merces,
807 1446 919 1488 sicut
939 1445 1055 1488 idem
1091 1444 1195 1488 dicit
1230 1446 1486 1505 Apostolus,

95 1532 116 1556 »
137 1530 226 1559 non
252 1516 496 1574 imputatur
518 1514 762 1557 secundum
787 1515 992 1571 gratiam,
1024 1514 1099 1558 sed
1133 1517 1377 1559 secundum
1407 1517 1486 1560 de-

96 1603 116 1626 »
140 1585 319 1628 bitumss.
339 1603 357 1625 »
387 1585 430 1628 Si
453 1594 600 1628 autem
615 1593 666 1627 ut
689 1599 790 1628 vera
816 1584 870 1627 sit
891 1585 1026 1641 gratia
1045 1619 1055 1638 ‚
1080 1585 1125 1627 id
1154 1596 1217 1628 est
1232 1620 1242 1639 ,
1268 1587 1454 1643 gratuita
1471 1623 1480 1641 ,

93 1653 203 1698 nihil
225 1654 391 1697 invenit
416 1653 461 1696 in
475 1653 654 1697 homine
672 1688 682 1707 ,
714 1653 784 1696 cui
804 1654 959 1698 merito
981 1653 1216 1712 debeatur3
1237 1656 1358 1714 quod
1375 1657 1487 1700 benc

93 1723 350 1780 intelligitur
372 1731 415 1765 et
442 1722 489 1765 in
511 1737 562 1766 eo
580 1722 701 1781 quod
728 1721 892 1766 dictum
918 1732 1004 1767 est:
1030 1743 1048 1764 «
1074 1727 1157 1768 Pro
1180 1724 1317 1769 nihilo
1349 1726 1486 1770 salvos

96 1811 117 1835 »
144 1792 271 1836 facies
294 1794 385 1836 eos4
406 1811 414 1836 :
441 1810 461 1832 »
487 1790 684 1850 profecto
705 1792 796 1850 ipsa
819 1793 894 1835 dat
912 1793 1081 1847 merita,
1104 1809 1192 1837 non
1211 1795 1372 1839 meritis
1403 1797 1483 1839 da-

94 1871 181 1907 tur.
207 1861 424 1906 Praevenit
445 1876 548 1919 ergo
563 1861 694 1905 etiam
713 1860 862 1916 fidem,
888 1877 940 1905 ex
956 1878 1042 1921 qua
1055 1864 1199 1908 omnia
1222 1863 1337 1908 bona
1352 1881 1482 1924 opera

94 1933 324 1992 incipiunt.
364 1952 383 1973 «
415 1935 564 1976 Justus
606 1932 746 1986 enim,
787 1933 898 1976 sicut
932 1934 1143 1992 scriptum
1187 1944 1271 1989 est,
1312 1952 1363 1979 ex
1394 1938 1480 1980 fide

98 2022 119 2045 »
146 2004 286 2048 vivit5.
312 2022 331 2044 »
353 2006 487 2047 Porro
511 2012 656 2047 autem
673 2003 807 2060 gratia
831 2018 918 2046 non
937 2004 1076 2047 solum
1094 2005 1268 2064 adjuvat
1285 2007 1451 2064 justum
1468 2042 1478 2061 ⁷

96 2073 381 2117 verumetiam
404 2072 612 2131 justificat
638 2072 836 2129 impium.
860 2073 1027 2117 Etideo
1050 2074 1179 2117 etiam
1191 2089 1292 2118 cum
1306 2077 1481 2135 adjuvat

91 2143 281 2201 justum,
306 2150 348 2184 et
370 2141 542 2184 videtur
554 2143 648 2201 ejus
673 2142 836 2184 meritis
852 2141 996 2196 reddi,
1023 2159 1103 2187 nec
1125 2144 1183 2187 sic
1208 2144 1367 2188 desinit
1391 2160 1480 2188 esse

99 2211 259 2268 gratia,
283 2210 492 2269 quoniam
509 2209 554 2252 id
576 2209 750 2268 adjuvat
766 2212 885 2268 quod
907 2212 998 2270 ipsa
1020 2222 1083 2256 est
1099 2213 1268 2271 largita.
1295 2217 1478 2272 Propter

96 2280 211 2324 hanc
246 2280 395 2338 itaque
417 2279 619 2336 gratiam,
647 2294 747 2338 quae
769 2290 926 2323 cuncta
955 2281 1069 2326 bona
1101 2284 1252 2326 merita
1288 2285 1480 2329 humana

127 2349 318 2404 raecedit,
338 2365 428 2394 non
442 2349 583 2394 solum
591 2349 787 2394 Christus
809 2350 863 2393 ab
877 2350 1018 2409 impiis
1033 2353 1196 2396 occisus
1210 2361 1288 2407 est,
1309 2369 1477 2398 verum-

148 2453 158 2467 ¹
177 2448 267 2478 Joan.
290 2456 333 2476 xv
348 2470 356 2485 ,
386 2456 436 2486 19·
460 2461 501 2468 -
527 2451 540 2466 ²
561 2447 651 2477 Rom.
671 2455 702 2477 xi
716 2470 724 2485 ‚
745 2445 817 2476 5-6.
843 2462 882 2467 —-
902 2443 914 2467 3
934 2446 978 2478 Id.
1000 2456 1029 2478 iv
1043 2471 1051 2485 ,
1071 2447 1102 2486 4.
1123 2464 1162 2469 -
1181 2447 1196 2478 4
1216 2449 1296 2480 Psal.
1313 2461 1364 2490 tv,
1389 2450 1419 2482 8.
1439 2469 1477 2473 —

100 2497 116 2522 5
134 2500 254 2532 nahae.
273 2512 310 2539 11,
330 2500 362 2539 [4.

235 2563 421 2592 cxxxiv.
1324 2557 1348 2593 ἱ).
