1729 3143
217 220 300 257 376
649 229 680 255 s.
719 230 948 257 AUGUSTINI
981 231 1162 258 muscopr

213 296 358 340 venire
387 303 634 339 sanctorum
655 328 665 348 ‚
692 294 852 338 scilicet
878 294 1109 339 sublimem
1141 305 1184 341 et
1206 297 1443 355 angelicam
1464 334 1475 354 ‚
1505 315 1594 344 non

211 381 359 411 eorum
383 363 648 421 Angelorum
668 399 679 418 ,
721 365 775 408 de
808 365 969 425 quibus
1004 367 1237 426 Apostolus
1264 368 1351 413 ait:
1378 370 1595 414 «Nescitis
1660 352 1663 384 Ξ
1722 351 1724 355 7

214 454 234 477 »
260 435 360 494 quia
376 435 563 491 Angelos
581 448 728 478 sumus
741 434 1021 495 judicaturi¹‚
1049 454 1070 477 »
1096 436 1169 481 sed
1193 453 1342 482 eorum
1361 437 1416 482 de
1435 439 1595 498 quibus

209 504 416 549 Dominus
442 503 501 547 ait
532 524 541 549 :
581 523 599 545 «
626 507 682 550 Et
704 515 833 551 erunt
862 506 1049 567 aequales
1084 507 1259 568 Angelis
1291 509 1369 553 Dei
1390 513 1422 553 ².
1455 530 1472 551 »
1511 509 1598 562 Qui
1663 528 1666 559 3
1709 514 1710 522 ¹

208 575 324 619 enim
341 573 635 635 aequalitatem
658 577 928 637 Angelorum
951 578 1198 624 desiderant
1223 590 1401 640 propter
1421 581 1598 624 inanem
1664 582 1666 634 ζ
1712 637 1713 641 ¹

210 646 389 705 gloriam
411 661 533 691 suam
550 682 561 703 ,
587 663 676 692 non
698 647 796 692 ideo
814 649 972 694 volunt
987 650 1176 710 aequales
1188 652 1280 695 'esse
1298 650 1471 709 Angelis
1489 686 1500 706 ‚
1522 649 1599 695 sed
1666 683 1670 693 ι
1712 649 1729 678 ³³5

209 716 398 775 Angelos
435 716 531 761 sibi.
582 720 736 778 Itaque
771 719 817 763 in
856 719 928 763 tali
976 720 1202 765 voluntate
1244 729 1596 782 perseveranteS,

209 788 505 848 aequabuntur
522 789 735 849 supplicio
753 792 1156 850 praevaricatoribus
1178 792 1353 852 Angelis
1370 827 1380 847 ‚
1405 801 1600 851 potesta·
1708 795 1717 809 Υ

209 868 298 903 tem
329 875 451 903 suam
491 862 635 920 potius
668 876 800 922 quam
838 863 914 906 Dei
947 863 1257 922 omnipotentis
1298 862 1597 921 diligentibus.

213 928 389 975 Talibus
412 931 528 974 enim
551 932 606 974 ad
636 932 851 975 sinistram
876 933 1119 976 constitutis
1137 967 1147 987 ,
1173 933 1275 991 quia
1306 949 1396 977 non
1418 933 1602 990 quaesie«

211 1009 313 1044 runt
334 1003 470 1044 Deum
505 1014 580 1059 per
601 999 858 1045 humilitatis
879 1002 1058 1060 januam
1075 1037 1085 1057 ‚
1111 1017 1243 1062 quam
1267 1002 1313 1045 in
1335 1017 1379 1045 se
1401 1002 1493 1060 ipso
1516 1005 1604 1048 Do-
1670 1004 1672 1013 ¹

210 1071 353 1114 minus
379 1074 502 1114 Jesus
521 1071 716 1115 Christus
738 1071 953 1126 ostendit,
979 1081 1022 1116 et
1045 1071 1440 1116 immisericorditer
1457 1087 1604 1132 super-

211 1143 355 1201 beque
384 1141 614 1197 vixerunt,
640 1140 809 1186 dicetur
831 1161 839 1186 :
870 1161 889 1184 «
911 1144 975 1186 Ite
1007 1143 1052 1186 in
1084 1143 1229 1200 ignem
1259 1152 1471 1187 aeternum
1489 1178 1499 1198 ‚
1526 1144 1602 1202 qui

219 1233 235 1253 ›>
261 1220 527 1271 praeparatus
549 1220 611 1255 est
632 1211 808 1256 diabolo
829 1221 870 1256 et
889 1212 1052 1270 angelis
1070 1214 1159 1272 ejus
1178 1213 1209 1255 ³.
1235 1229 1255 1253 »

269 1283 435 1325 XXIX.
464 1282 576 1326 Cum
600 1281 715 1325 enim
738 1281 837 1325 duae
866 1281 951 1325 sint
973 1281 1159 1340 origines
1180 1291 1459 1341 peccatorum
1479 1318 1490 1338 ‚
1515 1298 1603 1327 una

212 1360 449 1410 spontanea
466 1351 726 1410 cogitatione
745 1386 757 1406 ,
783 1351 864 1395 alia
881 1352 1157 1410 persuasione
1175 1352 1350 1396 alterius
1362 1387 1373 1407 ‚
1398 1368 1487 1412 quo
1503 1369 1603 1412 per-

214 1422 351 1466 tinere
384 1422 569 1466 arbitror
601 1421 722 1481 quod
743 1422 959 1481 Propheta
977 1420 1113 1466 dicit:
1144 1440 1161 1461 «
1190 1422 1257 1466 Ab
1287 1421 1467 1467 occultis
1498 1424 1602 1468 meis

216 1511 236 1534 »
261 1492 425 1537 munda
448 1508 517 1536 me
537 1528 548 1548 ,
579 1493 762 1537 Domine
780 1528 791 1548 ,
824 1501 867 1537 et
891 1491 945 1536 ab
968 1492 1117 1536 alienis
1138 1508 1265 1552 parce
1287 1508 1409 1537 servo
1427 1502 1504 1537 tuo
1519 1494 1550 1538 ⁴.
1581 1514 1597 1535 »

216 1566 459 1623 Utrumque
490 1562 786 1607 voluntarium
821 1572 884 1606 est
916 1561 1123 1622 quidem3
1163 1577 1266 1607 nam
1293 1563 1403 1607 sicut
1421 1563 1602 1622 'propria

213 1633 475 1692 cogitatione
508 1648 596 1678 non
619 1642 772 1693 peccat
802 1633 964 1677 invitus
983 1667 994 1688 ,
1027 1633 1086 1677 ita
1117 1632 1222 1677 dum
1249 1634 1463 1678 consentit
1491 1632 1604 1676 male

213 1703 413 1747 suadenti
432 1739 442 1759 ‚
469 1719 558 1748 non
582 1704 736 1764 utique
758 1704 838 1747 nisi
855 1704 1082 1748 voluntate
1099 1706 1315 1750 consentit
1336 1725 1344 1750 :
1365 1705 1439 1749 sed
1455 1714 1601 1748 tamen

215 1774 385 1832 gravius
408 1783 471 1818 est
487 1814 496 1828 ,
522 1789 612 1817 non
626 1773 765 1817 solum
785 1773 908 1818 nullo
925 1774 1134 1818 suadente
1150 1776 1322 1834 propria
1343 1775 1602 1833 cogitatione

214 1859 392 1903 peccare
410 1879 420 1898 ‚
447 1842 522 1887 sed
544 1844 673 1887 etiam
691 1844 961 1902 peccandum
981 1843 1103 1888 alteri
1120 1860 1198 1903 per
1219 1845 1503 1889 invidentiam
1523 1844 1602 1889 do-

215 1914 395 1973 lumque
417 1913 623 1970 suadere,
658 1929 790 1974 quam
823 1913 877 1959 ad
908 1913 1181 1973 peccandum
1203 1915 1378 1959 alterius
1407 1916 1602 1960 suasione

216 1983 399 2029 traduci.
428 1987 601 2029 Servata
632 1993 695 2028 est
716 1999 816 2043 ergo
848 1985 893 2028 in
922 1994 1109 2044 utroque
1127 1994 1305 2044 peccato
1321 1986 1487 2046 justitia
1513 1988 1603 2030 Do-

218 2055 324 2098 mini
345 2055 581 2114 punientis.
607 2057 712 2099 Nam
732 2064 775 2099 et
792 2054 902 2098 illud
925 2070 1165 2114 appensum
1187 2065 1251 2100 est
1271 2057 1486 2116 aequitatis
1504 2071 1603 2101 exa-

214 2126 361 2183 mine,
401 2134 450 2170 ut
487 2141 567 2171 nec
598 2127 730 2185 ipsius
759 2125 923 2170 diaboli
954 2127 1156 2185 potestati
1190 2136 1422 2186 negaretur
1442 2127 1598 2182 homo,

213 2211 345 2256 quem
367 2196 446 2241 sibi
470 2195 582 2240 male
598 2196 822 2240 suadendo
839 2196 1094 2256 subjecerat.
1117 2197 1323 2257 Iniquum
1347 2197 1463 2241 enim
1483 2206 1597 2251 erat,

214 2277 264 2311 ut
283 2269 321 2311 ei
339 2283 471 2328 quem
490 2277 698 2328 coeperat,
715 2284 806 2312 non
821 2268 1133 2312 dominaretur.
1152 2271 1239 2314 Nec
1257 2269 1349 2312 fieri
1362 2267 1452 2312 ullo
1468 2267 1600 2313 modo

214 2347 386 2396 potest,
411 2348 461 2383 ut
492 2339 569 2383 Dei
598 2339 756 2382 summi
779 2347 821 2382 et
848 2339 937 2383 veri
959 2337 1149 2398 perfecta
1170 2339 1366 2398 justitia,
1401 2354 1500 2398 quae
1529 2353 1600 2381 us-

217 2424 477 2469 quequaque
495 2409 767 2470 pertenditur
786 2444 798 2464 ‚
823 2408 990 2454 deserat
1020 2410 1148 2453 etiam
1177 2408 1438 2454 ordinandas
1456 2408 1599 2452 ruinas

214 2480 503 2535 peccantium.
531 2483 586 2524 Et
611 2490 754 2525 tamen
771 2481 873 2539 quia
890 2480 1032 2524 minus
1050 2490 1304 2539 peccaverat
1320 2481 1450 2524 homo
1468 2493 1596 2537 quam

267 2570 273 2581 ¹
302 2575 311 2593 1
332 2566 402 2596 Cor,
423 2575 470 2605 in,
486 2574 516 2596 2.
535 2583 576 2588 ·-
594 2572 605 2587 ²
625 2567 701 2597 Luc.
723 2576 778 2606 xx,
794 2565 847 2597 36.
862 2583 902 2588 —-
919 2563 1067 2607 33Matth.
1089 2576 1165 2605 xxv,
1180 2565 1232 2605 41.
1249 2563 1316 2592 -4
1337 2564 1413 2595 psal.
1438 2562 1617 2604 xvni,14

1688 2733 1691 2775 2
1712 2724 1718 2803 ὲ.
