1729 3143
602 249 657 275 DE
684 248 850 286 GENEst,
886 248 968 275 Lm.
1003 249 1052 276 11.
1433 235 1517 275 485

143 313 190 357 in
212 311 355 356 medio
374 311 558 370 paradisi
577 347 587 367 ‚
614 328 707 356 eam
731 311 1069 370 dignoscentiam
1090 309 1457 355 demonstraturos
1479 326 1523 355 se

143 396 232 425 esse
253 392 539 440 praesumunt.
571 385 626 426 Et
657 383 786 426 etiam
815 381 925 426 illud
948 382 1068 441 quod
1086 381 1249 425 dictum
1273 390 1336 425 est
1357 400 1367 425 ι
1393 400 1412 423 (ι
1431 381 1526 425 Eri-

143 470 165 494 »
191 452 244 495 tis
263 453 374 496 sicut
395 452 455 496 dii
474 455 485 478 ¹
504 488 520 508 ,
542 470 563 493 »
589 454 665 512 qui
683 452 752 495 alii
772 452 905 510 magis
923 452 1075 496 dicunt
1091 467 1223 512 quam
1240 452 1334 507 isti,
1359 451 1435 511 qui
1448 466 1525 510 per

141 537 263 566 suam
297 523 529 580 superbam
561 524 795 567 vanitatem
812 556 823 576 ,
849 522 1046 565 eamdem
1076 523 1322 581 superbiam
1347 537 1527 582 persua-

142 591 244 637 dere
279 602 485 637 conantes
502 628 512 648 ‚
547 594 766 637 affirmant
804 591 993 636 animam
1034 592 1285 637 naturaliter
1322 593 1406 638 hoc
1439 607 1528 638 esse

141 663 262 723 quod
280 666 394 707 Deus
419 666 515 708 est?
538 666 593 707 Et
615 662 669 707 ad
691 678 801 723 quos
822 663 958 722 magis
979 663 1167 722 pertinet
1189 664 1354 723 apertio
1376 679 1529 708 carna-

140 732 248 777 lium
270 733 498 777 oculorum
517 768 528 788 ,
554 748 686 793 quam
719 733 774 777 ad
807 733 908 777 istos
939 732 1015 792 qui
1046 732 1194 777 relicta
1228 733 1434 778 interiore
1459 748 1530 778 sa-

139 803 317 862 pientiae
338 803 437 848 luce
458 803 593 848 solem
615 804 746 848 istum
766 839 776 858 ‚
802 804 877 863 qui
898 803 1087 863 pertinet
1103 803 1159 847 ad
1176 803 1324 848 oculos
1340 804 1531 864 corporis

141 872 320 917 adorare
342 873 647 932 compellunt?
678 877 734 917 Et
756 888 905 917 omnes
928 871 1106 931 quidem
1129 872 1321 917 haeretici
1350 889 1530 931 genera—

140 941 238 986 liter
269 943 461 987 scientiae
493 942 808 1001 pollicitatione
844 942 1097 1001 decipiunt‚
1131 951 1174 986 et
1202 944 1531 1002 reprehendunt

140 1027 212 1056 eos
233 1029 342 1072 quos
364 1012 615 1071 simpliciter
633 1012 857 1056 credentes
878 1012 1150 1067 invenerint,
1174 1021 1218 1057 et
1231 1013 1334 1072 quia
1352 1014 1531 1059 omnino

139 1084 330 1128 carnalia
351 1083 613 1143 persuadent
630 1118 641 1137 ,
666 1084 788 1143 quasi
813 1082 868 1127 ad
890 1082 1128 1127 carnalium
1150 1083 1378 1128 oculorum
1401 1100 1529 1145 aper-

139 1154 305 1198 tionem
329 1163 546 1199 conantur
566 1153 804 1209 adducere,
831 1164 881 1198 ut
897 1155 1076 1198 interior
1093 1154 1245 1199 oculus
1263 1165 1524 1201 excaecetur.

143 1225 228 1270 Sed
259 1225 348 1269 istis
381 1226 508 1269 etiam
532 1240 713 1284 corpora
735 1240 810 1269 sua
833 1225 1087 1284 displicent,
1114 1241 1202 1270 non
1231 1236 1409 1285 propter
1429 1243 1529 1286 poe-

140 1295 284 1339 nalem
307 1295 615 1340 mortalitatem
636 1330 645 1350 ‚
673 1310 804 1354 quam
828 1293 1050 1353 peccando
1080 1296 1317 1340 meruimus
1332 1331 1343 1351 ,
1369 1296 1443 1340 sed
1472 1298 1529 1342 ita

140 1375 300 1425 negent
318 1369 455 1410 Deum
478 1381 567 1411 esse
585 1381 818 1425 corporum
841 1366 1113 1410 'conditorem
1131 1400 1142 1420 ,
1168 1375 1377 1427 tanquam
1400 1383 1528 1428 aper-

140 1437 193 1482 tis
215 1436 352 1481 oculis
372 1437 537 1481 carneis
557 1435 731 1480 nuditas
752 1437 829 1480 ista
851 1436 1093 1496 displiceat.

197 1509 407 1553 XXXIX.
441 1506 524 1552 Sed
541 1507 648 1551 nihil
668 1507 968 1552 vehementius
989 1508 1090 1553 istos
1107 1507 1304 1566 designat
1324 1518 1367 1553 et
1387 1518 1528 1566 notat,

140 1593 272 1637 quam
294 1578 415 1638 quod
437 1577 542 1621 dicit
565 1592 736 1636 serpens
759 1596 766 1621 :
797 1595 817 1619 «
840 1579 936 1622 Non
954 1586 1094 1622 morte
1116 1578 1362 1622 moriemini
1386 1598 1395 1623 :
1421 1581 1527 1624 scie-

142 1665 163 1689 »
190 1647 264 1691 bat
295 1649 408 1691 enim
443 1650 556 1691 Deus
589 1648 797 1706 quoniam
818 1663 905 1706 qua
937 1646 1008 1691 die
1040 1647 1240 1704 ederitis,
1282 1649 1530 1709 aperientur

144 1736 163 1758 »
190 1717 307 1762 oculi
327 1717 457 1761 vestri
474 1720 505 1760 ².
533 1736 553 1758 »
583 1717 649 1762 Sic
667 1717 781 1760 enim
800 1716 868 1760 isti
886 1717 1071 1761 credunt
1089 1753 1099 1773 ,
1125 1719 1244 1777 quod
1266 1720 1529 1779 serpensille

140 1788 333 1833 Christus
356 1787 488 1832 fuerit
503 1822 514 1841 ,
539 1797 581 1832 et
599 1790 739 1831 Deum
755 1787 900 1832 nescio
920 1803 1050 1847 quem
1073 1789 1211 1846 gentis
1228 1790 1525 1847 tenebrarum,

139 1859 267 1903 sicuti
289 1858 507 1902 affirmant
526 1893 537 1912 ,
582 1857 693 1902 illud
729 1867 999 1918 praeceptum
1033 1858 1201 1904 dedisse
1236 1862 1497 1920 confingunt
1514 1898 1526 1918 ,

140 1939 345 1989 tanquam
369 1928 582 1973 invideret
604 1929 857 1973 hominibus
879 1929 1107 1974 scientiam
1129 1931 1234 1975 boni
1257 1940 1300 1975 et
1318 1931 1436 1976 mali.
1463 1935 1529 1976 Ex

140 2000 218 2045 ista
241 1999 444 2057 opinione
466 1998 593 2041 etiam
617 1998 760 2042 nescio
782 2014 891 2058 quos
913 2000 1181 2058 serpentinos
1198 2009 1321 2045 natos
1348 2016 1437 2045 esse
1460 2018 1528 2047 ar-

140 2070 304 2124 bitror,
331 2070 406 2129 qui
430 2078 674 2128 serpentem
706 2085 785 2128 pro
818 2070 992 2115 Christo
1023 2070 1164 2115 colere
1190 2070 1422 2128 dicuntur,
1447 2088 1529 2118 nec

140 2138 374 2184 attendunt
396 2138 653 2198 Apostolum
676 2140 753 2199 qui
783 2140 841 2183 ait
864 2158 873 2184 τ
903 2159 922 2182 «
948 2142 1098 2185 Metuo
1128 2156 1183 2185 ne
1211 2142 1322 2187 sicut
1353 2158 1528 2202 serpens

143 2229 165 2251 »
189 2212 325 2254 Eva'm
349 2209 519 2254 seduxit
547 2209 701 2253 astutia
723 2225 799 2254 sua
816 2245 827 2265 ,
859 2210 918 2254 sic
945 2220 988 2256 et
1012 2227 1159 2256 sensus
1180 2213 1311 2257 vestri
1329 2228 1528 2258 corrum-

144 2299 164 2323 »
191 2291 351 2341 pantur
365 2284 396 2324 ³.
421 2300 441 2322 »
468 2283 556 2325 Hos
578 2296 679 2339 ergo
695 2296 772 2341 per
793 2281 917 2326 istam
938 2283 1210 2342 prophetiam
1228 2285 1527 2344 praefiguratos

142 2367 231 2395 esse
261 2352 470 2396 existimo.
512 2352 741 2396 Seducitur
769 2361 913 2396 autem
949 2353 1090 2398 verbis
1122 2355 1253 2415 hujus
1287 2357 1522 2414 serpentiS,

143 2421 324 2466 carnalis
362 2431 507 2466 nostra
549 2422 897 2481 concupiscentia
914 2458 924 2478 ,
965 2433 1008 2467 et
1044 2439 1120 2483 per
1156 2420 1273 2469 illam
1312 2424 1527 2484 decipitur

145 2491 283 2536 Adam
302 2527 316 2547 ,
342 2507 431 2536 non
453 2492 648 2538 Christus
666 2527 677 2547 ,
702 2493 775 2537 sed
795 2493 1063 2540 Christianus
1085 2514 1094 2540 :
1117 2496 1191 2554 qui
1210 2496 1243 2540 si
1260 2505 1527 2555 praeceptum

195 2583 203 2600 ¹
228 2579 305 2608 Gen.
326 2588 371 2617 ιιι,
390 2577 422 2618 4,
443 2576 473 2611 5.
493 2594 534 2600 -
550 2577 633 2610 Ibid.
654 2595 695 2602 —
711 2576 724 2602 3
747 2587 765 2611 '2
783 2580 854 2611 Cor.
874 2589 921 2620 xi,
942 2580 969 2611 3.
