1729 3143
251 173 333 211 116
683 184 716 208 S.
754 178 983 207 AUGUSTINI
1016 180 1197 207 EPISCOPI

247 249 439 292 habeant
455 255 668 307 quantum
684 254 727 288 et
744 245 824 303 ipsi
846 263 854 289 ε
880 245 957 288 sed
973 244 1132 288 nolunt
1144 243 1228 288 illis
1245 243 1348 288 dare
1369 260 1419 288 ex
1437 260 1488 289 eo
1510 244 1630 305 quod

245 318 426 362 habent.
444 315 552 360 Inde
565 325 607 359 te
622 315 774 373 jactas,
797 314 930 359 homo
944 315 1205 370 Christiane,
1229 314 1330 374 quia
1352 324 1474 373 optas
1489 315 1631 358 bene?

244 386 399 433 Melior
421 396 463 430 te
483 395 547 430 est
568 384 794 429 mendicus
810 420 820 440 ,
847 385 924 445 qui
945 385 1071 444 plura
1096 385 1174 429 tibi
1191 395 1334 445 optat,
1360 394 1404 429 et
1427 385 1536 429 nihil
1552 386 1633 429 ha-

244 459 334 502 bet.
358 461 471 500 Bene
492 457 554 499 vis
573 465 723 514 optare
745 455 854 500 nihil
875 472 899 500 a
916 465 959 500 te
982 456 1236 515 accipienti:
1255 455 1311 500 da
1330 454 1497 514 aliquid
1518 455 1632 499 bene
1698 478 1701 495 I

242 526 425 585 optanti.
466 526 508 570 Si
540 526 707 570 bonum
742 535 805 570 est
839 527 952 569 bene
986 536 1164 585 optare,
1203 525 1337 570 redde
1366 524 1629 569 mercedem.

241 598 374 654 Optat
394 595 476 640 tibi
497 595 608 639 bene
631 611 796 655 pauper
812 631 822 650 ,
848 595 956 655 quid
977 595 1199 655 trepidas?
1222 595 1349 640 Addo
1372 594 1537 655 aliquid
1552 629 1564 650 ‚
1586 595 1633 637 in
1698 614 1702 631 ι

240 667 373 710 domo
393 665 636 725 disciplinae
659 681 718 710 es.
748 665 878 710 Addo
902 665 1068 725 aliquid
1084 667 1150 710 his
1173 682 1274 726 quae
1299 665 1414 720 dixi,
1440 669 1502 709 Da
1520 665 1633 708 bene

239 737 434 795 optanti,
460 736 658 781 Christus
681 746 760 780 est.
784 739 881 795 Ipse
903 752 926 779 a
948 745 991 779 te
1012 736 1121 794 petit
1144 736 1220 793 qui
1249 735 1329 778 tibi
1353 734 1488 777 dedit.
1519 738 1634 778 Eru—
1698 741 1701 759 ³

239 807 382 851 besce.
406 805 485 850 llle
508 805 626 851 dives
644 822 811 866 pauper
837 821 926 850 esse
954 805 1096 850 voluit
1111 841 1121 860 ,
1147 814 1197 849 ut
1218 805 1400 849 haberes
1423 820 1633 863 pauperes

237 878 398 936 quibus
422 878 559 921 dares.
587 880 649 921 Da
673 876 841 936 aliquid
863 875 987 920 fratri
1018 885 1122 931 tuo,
1155 876 1210 919 da
1240 875 1404 935 aliquid
1437 876 1633 934 proximo

241 957 316 993 tuo
334 984 344 1003 ,
370 948 426 993 (la
449 947 615 1008 aliquid
637 949 787 993 comiti
810 958 903 992 tuo.
934 950 1000 990 Tu
1022 948 1140 992 dives
1169 962 1213 991 es
1229 982 1239 1002 ,
1264 945 1338 990 ille
1360 962 1526 1006 pauper
1552 956 1629 992 est.
1699 964 1700 969 ¹

240 1019 338 1062 Vita
360 1019 440 1062 ista
462 1019 529 1062 via
554 1028 643 1073 est,
670 1017 801 1062 simul
826 1017 1070 1061 ambulatis.

298 1087 420 1129 VIII.
460 1083 543 1126 Sed
565 1081 680 1126 forte
708 1080 816 1125 dicis
844 1100 852 1125 ε
878 1083 973 1139 Ego
1001 1082 1120 1126 dives
1138 1117 1149 1136 ,
1175 1082 1249 1126 ille
1274 1098 1440 1143 pauper
1462 1095 1540 1129 est.
1571 1087 1637 1130 Si-

236 1154 331 1200 mul
361 1151 614 1205 ambulatis,
651 1152 834 1194 annon?
869 1151 986 1203 Quid
1018 1165 1082 1195 est
1110 1151 1232 1211 quod
1269 1153 1373 1196 dicis
1400 1172 1409 1196 :
1440 1156 1534 1212 Ego
1566 1155 1635 1200 di-

238 1241 326 1278 ves,
354 1222 427 1266 ille
449 1237 630 1281 pauper,
658 1220 754 1275 nisi,
781 1236 862 1278 ego
885 1230 1103 1276 oneratus,
1129 1221 1202 1265 ille
1224 1222 1360 1266 levis?
1382 1226 1475 1281 Ego
1497 1223 1632 1280 dives,

237 1296 312 1340 ille
336 1308 514 1352 pauper.
551 1292 771 1336 Sarcinam
804 1301 926 1335 tuam
951 1307 1286 1347 commemoras,
1312 1293 1485 1352 pondus
1506 1304 1632 1340 tuum

240 1364 406 1409 laudas.
436 1365 492 1406 Et
516 1361 636 1422 quod
659 1361 829 1420 gravius
853 1371 937 1415 est,
965 1363 1257 1407 constrinxisti
1281 1365 1335 1408 ad
1359 1374 1400 1408 te
1423 1366 1635 1410 sarcinam

240 1445 361 1480 tuam
393 1452 401 1477 :
432 1432 532 1477 ideo
560 1447 649 1476 non
671 1440 794 1490 potes
832 1432 1054 1491 porrigere
1087 1448 1282 1477 manum.
1331 1436 1546 1490 Onerate,
1578 1435 1634 1480 li-

243 1515 356 1565 gate,
386 1502 494 1563 quid
511 1511 554 1546 te
572 1503 736 1560 jactas?
763 1501 871 1561 quid
896 1510 938 1545 te
967 1502 1149 1547 laudas?
1184 1504 1309 1549 Solve
1334 1506 1506 1549 vincula
1538 1516 1632 1561 tua,

243 1576 391 1618 minue
410 1573 465 1616 dc
486 1572 650 1616 sarcina
677 1580 766 1615 tua.
799 1574 862 1615 Da
884 1572 1056 1627 comiti,
1077 1583 1120 1617 et
1148 1573 1276 1617 illum
1305 1573 1497 1634 adjuvas,
1523 1585 1566 1619 et
1591 1585 1634 1620 te

243 1644 423 1689 relevas.
457 1645 575 1685 Inter
602 1642 678 1685 has
708 1656 835 1686 voces
864 1650 960 1685 tuas
993 1640 1222 1686 laudantes
1251 1645 1460 1688 sarcinam
1484 1654 1630 1701 tuam,

244 1714 387 1759 adhuc
414 1712 611 1757 Christus
633 1712 766 1770 petit,
793 1721 837 1755 et
857 1727 947 1755 non
969 1713 1127 1770 accipit
1148 1732 1157 1757 :
1183 1722 1226 1756 et
1248 1714 1450 1758 obtendis
1473 1730 1634 1760 nomen

243 1784 416 1845 pietatis
442 1782 691 1826 crudelibus
718 1782 915 1837 vocibus,
937 1791 979 1825 et
1008 1782 1114 1826 dicis
1139 1802 1145 1826 :
1172 1786 1228 1826 Et
1250 1783 1355 1843 quid
1390 1799 1513 1829 servo
1536 1785 1634 1829 filiis

244 1855 382 1899 meis?
403 1853 622 1897 Christum
649 1852 712 1895 illi
730 1868 922 1911 oppono,
947 1852 1061 1896 filios
1083 1868 1182 1896 suos
1206 1854 1312 1896 mihi
1335 1855 1524 1913 reponit.
1547 1857 1634 1899 Ista

243 1943 347 1973 vero
367 1941 524 1984 magna
543 1924 724 1984 justitia,
747 1933 797 1967 ut
810 1924 969 1968 habeat
986 1923 1105 1967 unde
1122 1924 1368 1968 luxurietur
1383 1925 1498 1969 filius
1512 1935 1629 1982 tuus,

245 2007 369 2057 egeat
394 1995 603 2040 Dominus
629 2004 758 2038 tuus:
786 2013 805 2035 «
831 1996 943 2038 Cum
970 1994 1084 2037 enim
1116 1994 1193 2037 uni
1224 2010 1273 2038 ex
1300 1995 1489 2039 minimis
1528 1997 1634 2041 meis

248 2089 270 2111 n
298 2068 481 2121 fecistis,
519 2066 626 2109 mihi
656 2065 855 2110 fecisti51.
877 2083 897 2105 η
937 2066 1033 2108 Non
1062 2063 1224 2122 legisti,
1259 2080 1349 2109 non
1376 2064 1630 2112 advertisti:

250 2160 269 2181 a
295 2143 404 2185 Cum
426 2139 503 2182 uni
521 2153 571 2180 ex
588 2136 774 2180 minimis
789 2135 895 2179 meis
913 2150 1001 2178 non
1016 2134 1189 2189 fecistis,
1208 2150 1288 2180 nec
1303 2136 1408 2179 mihi
1424 2135 1630 2181 fecistis.»

247 2216 343 2257 Non
367 2210 530 2269 legisti,
556 2224 646 2252 non
677 2206 893 2250 timuisti?
921 2208 1033 2250 Ecce
1062 2207 1158 2265 quis
1181 2216 1299 2265 eget,
1327 2216 1369 2250 et
1398 2205 1511 2251 filios
1534 2217 1633 2253 tuos

247 2296 448 2326 numeras
465 2282 482 2321 ’ἲ
506 2283 727 2323 Postremo
750 2292 932 2321 numera
947 2276 1058 2321 filios
1080 2285 1199 2332 tuos,
1224 2275 1337 2320 adde
1359 2293 1497 2321 unum
1519 2279 1634 2324 inter

247 2352 367 2406 illos,
394 2351 627 2396 Dominum
650 2359 792 2393 tuum.
820 2350 966 2391 Unum
999 2347 1159 2401 habes,
1187 2347 1240 2390 sit
1274 2346 1346 2390 ille
1380 2348 1629 2395 secundus:

248 2422 357 2466 duos
380 2422 534 2476 habes,
560 2421 612 2465 sit
634 2420 707 2464 ille
737 2417 890 2463 tertius
913 2437 922 2461 :
946 2426 1032 2462 tres
1059 2417 1192 2461 habes
1207 2451 1217 2471 ,
1244 2417 1295 2460 sit
1319 2417 1392 2462 ille
1414 2428 1595 2478 quartus
1617 2439 1627 2466 :

298 2514 303 2529 ¹
326 2506 440 2538 Manli.
461 2517 536 2546 xxV,
557 2506 608 2547 (μ).
