1729 3143
450 170 505 198 nr:
535 169 751 207 summm,
783 168 921 197 51111Μο
953 169 1014 196 1v.
1369 155 1424 196 95

45 234 177 281 debat
193 249 292 279 eum
309 269 321 290 ,
345 235 568 294 quomodo
584 249 739 280 verum
755 243 820 278 est
840 231 951 277 illud
970 229 1255 292 apostolicum
1269 263 1281 285 ‚
1304 231 1426 290 quod

51 324 73 348 «
94 308 236 351 Deum
273 320 402 350 nemo
430 305 540 351 vidit
575 318 769 364 unquam
788 338 800 358 ‚
829 318 909 348 nec
937 302 1086 348 videre
1104 301 1310 362 potest1?
1337 319 1358 342 »
1386 300 1429 345 Si

48 384 194 421 autem
215 375 394 421 videbat
414 391 515 420 eum
530 378 701 432 Moyses
716 408 728 429 ,
753 373 860 433 quid
880 383 943 418 est
957 372 1078 433 quod
1092 373 1209 417 idem
1227 372 1318 431 ipse
1333 378 1431 430 post

47 443 277 504 paululum
298 461 377 506 pro
399 459 558 504 magno
583 444 714 503 petit,
741 452 784 488 et
805 443 909 487 dicit
930 461 940 488 :
969 461 989 485 «
1015 443 1060 488 Si
1082 442 1229 487 inveni
1251 440 1431 500 gratiam

50 532 72 556 »
97 525 197 560 ante
218 525 262 561 te
277 550 290 570 ‚
314 514 492 561 ostende
508 513 615 558 mihi
632 512 787 558 faciem
804 513 957 557 tuam?
982 531 1002 553 »
1029 515 1086 556 Et
1108 512 1318 557 Dominus
1340 509 1428 555 illi:

51 602 72 626 α
97 587 245 629 Facies
274 584 452 644 quidem
485 599 581 629 mea
613 600 704 629 non
735 583 959 628 videbitur
978 582 1062 626 tibi
1087 602 1096 627 ;
1120 598 1211 627 11011
1232 583 1348 627 enim
1369 581 1436 625 vi·

50 672 73 696 »
96 654 218 698 debit
239 653 336 714 quis
351 653 506 699 faciem
526 670 667 699 meam
684 663 727 699 et
748 655 862 699 vivet
881 656 913 698 ².
943 672 963 695 »
990 653 1077 697 Ubi
1100 661 1164 697 est
1184 652 1297 696 illud
1315 651 1434 711 quod

48 723 255 769 videbat?
276 725 369 769 Etsi
390 725 570 770 videbat
585 760 596 780 ,
620 741 698 770 cur
715 724 988 769 desiderabat
1003 723 1151 768 videre
1170 721 1292 783 quod
1310 722 1434 767 vide-

46 795 155 840 bat?
175 798 265 840 Aut
285 797 508 856 quomodo
529 796 593 841 illi
615 796 860 856 negabatur
880 795 926 840 id
944 830 954 851 ‚
980 795 1099 856 quod
1117 795 1208 855 jam
1228 793 1435 838 demons-

46 865 273 911 trabatur?
308 869 493 912 Exercet
523 868 750 927 ingenium
772 868 1025 928 quaerentis.
1049 865 1239 911 Videbat
1263 868 1436 921 Moyses

46 937 187 981 Deum
218 952 309 982 non
345 938 482 982 oculis
519 939 736 999 corporeis
751 973 762 993 ‚
787 938 865 983 sed
885 937 1022 983 oculis
1044 937 1218 982 mentis.
1256 938 1314 980 Et
1335 933 1438 995 quia

46 1006 123 1050 lux
138 1007 212 1052 illa
234 1018 466 1066 perpetua,
486 1025 586 1065 quae
605 1013 720 1054 Deus
743 1019 806 1054 est
823 1044 834 1061 ‚
859 1009 957 1064 plus
979 1024 1082 1053 eum
1103 1022 1235 1067 quam
1259 1014 1438 1051 caeteros

47 1072 366 1126 illustraverat,
405 1072 505 1117 ideo
543 1073 712 1117 dictum
734 1081 798 1117 est
827 1091 837 1117 ι
872 1091 893 1114 «
918 1073 977 1116 Os
1004 1072 1060 1116 ad
1089 1086 1135 1116 os
1170 1071 1437 1131 loquebatur

51 1160 73 1184 »
99 1141 164 1186 illi
191 1161 200 1187 z
228 1159 249 1183 »
280 1157 328 1186 ac
350 1143 385 1186 si
407 1142 624 1186 diceretur
650 1162 657 1187 :
685 1142 787 1186 Plus
817 1142 1019 1186 omnibus
1047 1139 1352 1186 manifestatus
1374 1149 1440 1185 est

50 1211 129 1256 illi.
154 1215 206 1256 In
226 1227 278 1256 eo
299 1220 445 1256 autem
470 1212 592 1272 quod
613 1212 781 1257 dictum
804 1222 868 1257 est
889 1231 899 1258 :
928 1231 949 1254 «
973 1215 1072 1258 Non
1094 1212 1211 1256 enim
1240 1212 1338 1270 quis
1359 1226 1440 1270 po-

53 1300 74 1323 »
99 1283 198 1327 terit
218 1283 365 1328 videre
386 1283 544 1327 faciem
568 1298 709 1328 meam
731 1293 775 1328 et
794 1284 938 1328 vivere
959 1302 969 1328 :
995 1303 1012 1324 »
1039 1291 1259 1327 ostensum
1282 1290 1345 1325 est
1362 1296 1440 1324 ne-

51 1354 213 1397 minem
234 1353 299 1396 his
321 1353 456 1398 oculis
484 1355 699 1413 corporeis
721 1357 863 1399 Deum
881 1369 1005 1414 posse
1027 1353 1190 1398 videre.
1218 1353 1331 1406 Quid
1362 1367 1441 1396 au-

53 1432 141 1468 tem
162 1438 413 1468 concessum
434 1423 489 1467 sit
514 1424 764 1469 fidelissimo
787 1424 950 1469 famulo
973 1424 1050 1468 Dei
1071 1424 1212 1481 Moysi
1234 1457 1244 1477 ‚
1269 1439 1325 1467 ne
1351 1432 1441 1467 tam

52 1508 259 1552 magnum
281 1495 373 1553 ejus
396 1492 660 1537 desiderium
681 1491 725 1535 in
750 1491 954 1535 omnibus
975 1493 1284 1547 frustraretur,
1309 1491 1442 1536 debet

54 1578 177 1607 nosse
198 1564 394 1608 Charitas
417 1565 583 1607 Vestra.
613 1562 786 1606 Dictum
805 1570 868 1605 est
881 1559 946 1604 illi
966 1576 990 1604 a
1007 1564 1218 1614 Domino,
1244 1563 1354 1606 sicut
1375 1576 1443 1604 ea-

55 1632 156 1677 dem
181 1633 400 1692 Scriptura
427 1642 573 1677 narrat
600 1652 608 1677 :
639 1651 660 1674 «
685 1630 806 1675 Vade
822 1666 834 1686 ,
858 1630 1043 1675 ascende
1062 1645 1194 1689 super
1211 1640 1381 1689 petram
1398 1631 1443 1675 in

60 1722 80 1745 »
105 1702 279 1748 Choreb
296 1737 308 1756 ,
334 1712 376 1746 et
398 1711 462 1746 sta
479 1703 566 1759 ibi3
592 1711 636 1746 et
656 1701 835 1745 transiet
856 1700 1026 1745 claritas
1057 1716 1150 1744 mea
1174 1709 1275 1744 ante
1297 1710 1340 1745 te
1358 1735 1368 1754 ‚
1401 1709 1445 1744 et

61 1791 82 1814 n
104 1776 340 1832 posteriora
356 1787 452 1815 mea
471 1772 662 1830 videbi33
687 1772 816 1817 facies
835 1782 979 1817 autem
1001 1787 1097 1816 mea
1118 1787 1208 1816 non
1224 1770 1444 1815 videbitur

62 1863 80 1885 >J
105 1843 199 1888 tibi.
224 1865 242 1886 »
267 1846 331 1889 Ne
353 1842 466 1887 forte
486 1842 694 1901 subrepat
712 1859 940 1901 perversus
961 1841 1210 1887 intellectus
1227 1877 1237 1896 ‚
1263 1851 1339 1886 aut
1359 1842 1445 1885 hae-

57 1915 215 1960 reticus
245 1929 392 1959 sensus
409 1949 419 1969 ,
451 1923 494 1958 et
517 1922 643 1972 putet
666 1913 762 1973 quis
785 1917 925 1957 Deum
948 1929 1038 1958 esse
1060 1928 1347 1972 corporeum,
1372 1912 1440 1957 vi-

60 1985 163 2044 gilet
188 1986 256 2044 pia
276 1985 384 2029 fides
405 1994 448 2029 et
470 1984 682 2029 catholica
704 1984 916 2028 doctrina.
943 1984 1138 2041 Mysticis
1160 1984 1277 2027 enim
1295 1982 1445 2041 figuris

59 2056 255 2116 loquitur
275 2056 422 2100 divina
447 2056 666 2114 Scriptura
689 2090 700 2110 ‚
742 2070 914 2099 servans
937 2055 1067 2099 rebus
1089 2064 1286 2114 tempora
1306 2088 1317 2109 ‚
1344 2053 1444 2113 qui-

60 2126 144 2170 bus
166 2125 396 2185 recognitis
426 2124 653 2169 manifesta
673 2134 869 2170 exerceat
887 2127 1068 2170 veritate
1095 2144 1105 2170 ε
1132 2124 1341 2186 quoniam
1363 2138 1445 2167 nec

60 2198 145 2242 hoc
167 2205 292 2241 vacat
313 2212 336 2240 a
359 2195 566 2253 mysterio
582 2229 593 2250 ‚
618 2195 739 2254 quod
767 2196 814 2239 in
841 2205 990 2241 monte
1012 2197 1187 2241 Choreb
1209 2210 1339 2255 super
1366 2209 1446 2253 pe—

62 2275 172 2311 tram
189 2268 330 2326 jussus
352 2275 417 2310 est
442 2266 672 2309 ascendere
692 2267 864 2322 Moyses
884 2299 896 2319 ‚
923 2275 967 2310 et
987 2276 1099 2310 stare
1115 2268 1146 2309 3.
1174 2269 1270 2324 Ipsa
1293 2273 1356 2308 est
1371 2263 1446 2308 illa

62 2346 184 2397 petra
202 2372 213 2392 ‚
248 2352 347 2397 quae
368 2351 567 2396 percussa
590 2335 794 2395 produxit
820 2351 952 2396 aquas
982 2337 1145 2396 populo
1174 2336 1334 2380 sitienti
1355 2354 1364 2380 :
1391 2333 1446 2379 de

66 2424 153 2468 qua
173 2407 279 2452 dicit
294 2417 467 2453 sanctus
483 2407 624 2452 David
648 2426 656 2450 :
687 2426 705 2448 (ι
725 2406 917 2466 Disrupit
939 2416 1107 2466 petram
1124 2441 1136 2462 ,
1160 2415 1204 2453 et
1223 2406 1444 2452 fluxerunt

118 2498 126 2515 ¹
150 2503 163 2525 1
183 2492 263 2525 Tim.
280 2503 329 2534 vr,
353 2492 405 2524 16.
419 2508 460 2515 -
475 2498 488 2515 ²
507 2491 604 2524 Exod.
622 2501 729 2533 xxxin,
751 2490 789 2523 13
808 2495 840 2523 et
860 2499 911 2524 20.
933 2507 975 2515 -
990 2489 1004 2515 3
1022 2491 1068 2524 Id.
1086 2501 1168 2533 xvn,
1190 2494 1223 2525 6.
