1729 3143
218 147 304 186 286
656 154 689 182 5.
726 153 955 181 Auens-nm
986 155 1167 181 Emscopi

213 223 265 265 E.
290 221 420 267 Nullo
440 220 585 264 modo.
612 222 663 263 A.
690 217 970 277 Appellemus
992 232 1093 275 ergo
1113 218 1240 262 istam
1260 217 1402 278 legem
1418 253 1430 274 ‚
1453 220 1489 263 si
1506 218 1596 277 pla-

214 300 309 347 cet,
334 289 616 350 temporalem
632 323 643 343 ‚
676 304 776 348 quae
803 303 1056 348 quanquam
1079 289 1196 348 justa
1230 289 1285 333 sit
1301 323 1312 344 ‚
1338 288 1598 335 commutari

213 371 357 407 tamen
378 376 454 420 per
476 369 670 418 tempora
686 360 802 419 juste
824 369 980 419 potest.
1006 362 1058 404 E.
1081 358 1380 419 Appellemus.

271 433 367 476 XV.
393 434 446 475 A.
472 430 589 483 Quid
607 429 679 474 illa
700 429 770 474 lex
791 447 891 491 quae
911 446 1080 475 summa
1101 431 1211 475 ratio
1234 430 1510 486 nominatur,
1528 431 1600 476 cui

214 517 383 562 semper
403 501 799 561 obtemperandum
819 511 883 547 est
897 537 908 557 ‚
934 511 978 547 et
998 517 1075 562 per
1091 517 1225 563 quam
1246 500 1350 546 mali
1370 501 1571 546 miseram
1586 536 1600 557 ‚

213 573 320 617 boni
355 573 529 618 beatam
558 573 693 618 vitam
723 583 974 630 merentur,
1014 589 1091 633 per
1121 588 1255 634 quam
1285 571 1476 633 denique
1497 571 1605 628 illa,

214 660 346 705 quam
368 645 653 704 temporalem
675 644 918 690 vocandam
941 645 1125 689 diximus
1142 680 1153 700 ,
1180 653 1296 689 recte
1317 643 1456 688 fertur
1514 657 1607 687 rec-

213 725 346 776 teque
367 725 577 772 mutatur,
602 725 826 776 potest-ne
845 717 1036 776 cuipiam
1052 715 1311 774 intelligenti
1330 730 1422 760 non,
1437 715 1608 759 incom-

215 786 436 831 mutabilis
465 797 716 847 aeternaque
751 787 923 831 videri?
952 791 1021 832 An
1042 796 1183 846 potest
1205 786 1446 846 aliquando
1469 785 1608 844 injus-

215 866 312 902 tum
333 872 424 901 esse
440 892 451 914 ,
476 867 526 902 111
554 857 657 902 mali
679 858 852 911 miseri,
877 857 984 902 boni
1005 866 1152 914 autem
1180 857 1297 901 beati
1319 857 1405 900 sint
1428 875 1437 900 :
1461 864 1539 900 aut
1561 864 1611 899 ut

216 928 438 974 :modestus
474 938 516 973 et
547 928 684 987 gravis
716 925 906 986 populus
937 929 1028 985 ipse
1051 926 1135 970 sibi
1156 926 1434 985 magistratus
1464 935 1609 980 creet,

219 998 452 1044 dissolutus
488 1013 591 1043 vero
629 1006 673 1041 et
704 1011 894 1057 nequam
926 996 1006 1041 ista
1041 995 1216 1040 licentia
1253 1004 1396 1040 careat
1416 996 1434 1036 ἱ)
1455 997 1508 1039 Ε.
1534 995 1614 1038 Vi-

219 1068 301 1114 deo
332 1070 447 1113 hanc
476 1077 684 1112 aeternam
715 1082 805 1111 esse
842 1076 974 1127 atque
1005 1065 1414 1111 incommutabilem
1449 1065 1608 1124 legem.

219 1142 271 1184 A.
300 1139 435 1185 Simul
469 1139 598 1183 etiam
630 1147 674 1182 te
696 1137 844 1182 videre
867 1138 1053 1183 arbitror
1082 1138 1130 1182 in
1150 1137 1225 1183 illa
1247 1137 1481 1199 temporali
1502 1136 1614 1181 nihil

220 1226 309 1255 esse
337 1211 506 1270 justum
540 1218 671 1268 atque
698 1207 972 1267 legitimum,
1007 1209 1128 1269 quod
1157 1225 1248 1254 non
1276 1225 1328 1254 ex
1347 1211 1430 1254 hac
1451 1218 1613 1253 aeterna

220 1282 303 1327 sibi
319 1282 517 1326 homines
534 1279 771 1324 derivarint
795 1300 804 1325 :
827 1296 929 1325 narn
943 1282 976 1324 si
991 1282 1180 1341 populus
1197 1281 1271 1325 ille
1289 1280 1484 1341 quodam
1501 1289 1614 1324 tem·
1660 1320 1663 1323 Α

220 1368 326 1414 pore
341 1353 459 1413 juste
478 1353 664 1397 honores
679 1351 801 1395 dedit
815 1387 826 1406 ‚
849 1352 1041 1411 quodam
1060 1367 1208 1396 rursus
1217 1354 1333 1413 juste
1355 1367 1446 1397 non
1460 1350 1608 1407 dedit,

220 1426 316 1469 haec
337 1421 588 1468 vicissitudo
611 1421 859 1481 temporalis
882 1431 932 1466 ut
953 1424 1069 1482 justa
1090 1432 1202 1467 esset
1216 1457 1227 1478 ,
1258 1438 1310 1467 ex
1336 1421 1412 1466 illa
1434 1422 1613 1467 aeterni-

222 1504 312 1540 tate
337 1502 476 1538 tracta
503 1502 591 1548 est,
617 1508 703 1554 qua
726 1508 895 1552 semper
911 1498 1080 1550 justum
1101 1494 1166 1539 est
1193 1508 1368 1553 gravem
1396 1492 1614 1552 populum

221 1566 410 1611 honores
444 1562 548 1608 dare
571 1598 582 1619 ,
619 1563 760 1607 levem
790 1579 882 1608 non
913 1562 1046 1619 dare,
1072 1579 1127 1608 an
1160 1563 1241 1608 tibi
1262 1562 1385 1608 aliter
1405 1564 1615 1609 videtur?

222 1639 276 1681 E.
303 1635 536 1683 Assentior.
563 1637 616 1679 A.
645 1636 702 1679 Ut
730 1634 862 1693 igitur
893 1635 1082 1680 breviter
1112 1644 1287 1679 aeternae
1320 1635 1428 1694 legis
1465 1635 1617 1679 notio-

225 1721 327 1752 nem
342 1741 354 1762 ,
376 1722 476 1766 quae
497 1706 704 1764 impressa
730 1705 855 1749 nobis
875 1714 939 1749 est
955 1740 966 1760 ,
991 1715 1209 1765 quantum
1229 1705 1354 1751 valeo
1375 1706 1520 1751 verbis
1542 1720 1618 1750 ex-

225 1777 384 1838 plicem
400 1811 411 1833 ‚
432 1792 482 1820 ea
498 1785 562 1820 est
577 1791 665 1836 qua
677 1776 846 1836 justum
861 1784 925 1820 est
941 1784 991 1819 ut
1008 1776 1154 1820 omnia
1170 1776 1258 1821 sint
1274 1776 1615 1821 ordinatissima:

226 1858 276 1894 tu
297 1849 331 1893 si
352 1847 477 1892 aliter
503 1846 745 1901 existimas,
776 1861 942 1906 prome.
978 1847 1030 1890 E.
1067 1844 1185 1899 Quid
1217 1845 1298 1889 tibi
1326 1861 1428 1890 vera
1457 1846 1620 1890 dicenti

228 1918 524 1965 contradicam
554 1933 644 1962 non
676 1916 833 1960 liabeo.
868 1919 922 1960 A.
947 1917 1059 1961 Cum
1087 1930 1189 1975 ergo
1210 1916 1306 1960 haec
1333 1916 1388 1960 sit
1408 1931 1497 1960 una
1517 1915 1616 1970 lex,

229 2006 281 2035 ex
301 2006 390 2050 qua
421 1989 508 2034 illae
536 2003 686 2033 omnes
708 1985 966 2047 temporales
995 1985 1051 2030 ad
1076 1986 1276 2030 homines
1306 1985 1521 2045 regendos
1541 2001 1620 2030 va-

201 2096 205 2108 .
229 2062 423 2117 riantur,
450 2075 558 2105 num
578 2059 678 2103 ideo
705 2059 799 2118 ipsa
818 2057 972 2102 variari
993 2055 1086 2101 ullo
1113 2055 1245 2101 modo
1267 2057 1440 2116 potest?
1462 2058 1514 2100 E.
1542 2058 1621 2100 In·-

230 2131 379 2192 telligo
401 2131 581 2177 omnino
603 2145 693 2174 non
714 2143 838 2188 posse
859 2147 868 2172 :
890 2142 1034 2187 neque
1054 2127 1170 2171 enim
1191 2125 1283 2171 ulla
1300 2120 1362 2172 'vis
1377 2161 1389 2182 ‚
1414 2125 1533 2172 ullus
1551 2142 1622 2171 ca—
1690 2165 1699 2178 ⁶

230 2220 302 2250 sus
319 2239 331 2260 ,
355 2202 447 2248 ulla
474 2217 620 2247 rerum
647 2199 766 2245 labes
787 2214 983 2259 unquam
1004 2197 1226 2254 effecerit,
1262 2206 1312 2243 ut
1328 2198 1498 2257 justum
1531 2213 1623 2243 non

232 2277 286 2322 511
307 2275 455 2322 omnia
475 2289 563 2319 esse
586 2271 924 2318 ordinatissima.

290 2350 409 2393 XVI
435 2349 488 2393 A.
515 2349 607 2405 Age
628 2360 746 2389 nunc
771 2342 1024 2397 videamus,
1053 2341 1186 2386 1101110
1215 2340 1306 2401 ipse
1330 2339 1587 2401 quomodo
1575 2354 1622 2384 111

235 2431 278 2461 50
296 2419 390 2477 ipso
409 2418 462 2462 sit
485 2415 854 2462 ordinatissimus.
875 2428 977 2457 nam
995 2427 1047 2457 ex
1062 2411 1311 2456 hominibus
1328 2426 1416 2456 una
1424 2409 1529 2482 lege
1547 2424 1619 2454 so·
1661 2445 1674 2474 ·.

237 2487 402 2533 cietatis
432 2487 622 2548 populus
648 2493 854 2532 constat.
878 2500 977 2545 quae
1000 2482 1095 2539 lex,
1128 2490 1177 2527 ut
1201 2481 1371 2528 dictum
1393 2489 1483 2537 est,
1509 2484 1623 2525 tem·
1663 2512 1666 2515 -
