1729 3143
389 218 470 244 Lm.
507 219 554 243 11.
590 218 643 244 Dr:
675 219 860 245 momssus
891 215 1232 245 MAMCEAEORUM.
1416 207 1499 245 573

122 281 212 325 Cur
234 280 419 325 nitorem
449 290 579 341 atque
596 281 811 340 fulgorem
832 282 941 337 olei,
967 282 1153 327 clamare
1174 280 1343 340 copiam
1367 282 1502 326 coad-

124 350 245 395 mixti
276 351 382 396 boni
414 351 708 407 arbitramini,
744 361 784 396 et
819 352 871 396 ad
901 352 947 396 id
981 352 1258 411 purgandum
1288 350 1434 395 fauces
1462 360 1505 395 et

124 430 319 466 ventrem
341 423 499 481 paratis
525 441 535 467 :
561 421 616 467 de
637 423 788 482 pingui
811 433 956 468 autem
979 439 1106 468 carne
1132 421 1337 468 simillimi
1360 421 1507 480 fulgo-

124 491 179 534 ris
200 490 512 536 distillantibus
542 493 674 552 guttis
702 492 824 536 labra
851 495 1102 553 contingere
1124 492 1398 538 formidatis?
1419 494 1508 537 Cur

123 561 179 604 de
203 562 412 606 thesauris
434 563 512 606 Dei
534 563 750 608 melonem
773 564 934 622 putatis
957 579 1136 608 aureum
1158 579 1274 620 esse,
1299 572 1341 607 et
1361 577 1508 622 pernae

125 631 297 689 adipem
316 631 561 688 rancidam,
583 632 653 677 vel
670 634 740 677 ovi
758 632 949 685 medium
968 649 1057 678 non
1072 634 1263 693 putatis?
1283 635 1373 677 Cur
1389 631 1509 676 vobis

124 702 288 746 candor
307 702 353 746 in
369 701 549 748 lactucis
569 703 777 763 praedicat
795 707 933 748 Deum
949 739 960 758 ,
982 705 1028 748 in
1048 705 1158 749 lacte
1173 720 1262 749 non
1278 703 1510 764 praedicat?

124 775 187 816 De
208 772 429 817 coloribus
450 773 568 817 enim
590 773 734 818 adhuc
757 774 915 834 loquor
932 808 943 828 ,
968 774 1013 817 in
1036 775 1194 834 quibus
1216 777 1290 832 (ut
1311 774 1510 818 omittam

123 845 303 900 caetera)
324 843 454 886 unius
482 844 661 902 pavonis
689 844 844 903 pennis
878 853 921 888 et
956 844 1116 903 plumis
1134 880 1144 899 ,
1182 861 1282 905 quae
1313 853 1428 889 certe
1455 843 1510 887 de

122 912 361 957 concubitu
384 921 428 956 et
450 928 579 957 carne
606 923 875 970 nascuntur,
909 913 1030 959 nulla
1054 915 1230 974 potestis
1252 915 1403 960 vestita
1426 914 1511 958 sso-

122 983 245 1027 ribus
269 992 392 1042 prata
413 982 627 1027 conferre.

128 1104 135 1111 ,
182 1056 278 1097 XL.
304 1056 414 1098 Nam
437 1053 471 1097 si
493 1062 536 1098 et
558 1055 691 1098 odore
712 1055 930 1098 invenitur
951 1055 1034 1099 hoc
1056 1055 1222 1099 bonum
1239 1090 1250 1110 ,
1275 1054 1513 1099 nonnullo-

123 1139 219 1167 rum
254 1123 508 1168 animalium
546 1125 749 1168 carnibus
784 1125 882 1168 miri
922 1124 1065 1169 odoris
1102 1125 1396 1169 conficiuntur
1427 1140 1512 1168 un-

125 1202 302 1253 guenta.
328 1194 427 1239 Cibi
449 1194 639 1253 denique
661 1194 768 1253 ipsi,
795 1195 871 1254 qui
897 1211 996 1239 cum
1025 1195 1227 1239 carnibus
1250 1193 1514 1238 meliusculis

123 1264 340 1322 concoqui
368 1264 509 1308 solent
530 1299 540 1319 ,
566 1263 707 1309 multo
725 1264 965 1324 jucundius
987 1264 1107 1309 olent
1123 1280 1255 1324 quam
1277 1265 1311 1308 si
1334 1265 1392 1308 eis
1415 1279 1515 1308 caro

124 1334 348 1379 defuisset.
373 1338 598 1380 Postremo
617 1336 650 1379 si
672 1335 844 1379 suavius
868 1335 1029 1379 olentia
1046 1336 1276 1380 mundiora
1289 1334 1513 1394 judicatis,

123 1404 317 1465 quodam
336 1404 433 1449 luto
455 1406 571 1449 vesci
594 1406 759 1450 avidius
778 1441 788 1460 ,
815 1421 948 1465 quam
971 1406 1248 1450 cisterninam
1271 1420 1430 1465 aquam
1452 1405 1517 1448 bi-

123 1476 227 1519 bere
260 1474 468 1519 debuistis
495 1493 503 1518 :
537 1475 639 1534 quia
674 1475 849 1533 perfusa
879 1475 1008 1519 imbri
1041 1485 1153 1519 terra
1187 1476 1362 1529 siccior,
1394 1489 1517 1518 nares

123 1547 233 1590 miro
256 1544 390 1590 odore
412 1543 680 1604 permulcet,
706 1545 951 1604 meliusque
971 1544 1059 1589 olet
1079 1545 1163 1589 tale
1182 1545 1326 1589 lutum
1348 1580 1359 1600 ,
1384 1559 1516 1604 quam

125 1617 159 1660 si
182 1617 451 1675 exciperetur
473 1614 621 1675 pluvia
644 1615 808 1674 purior.
833 1614 959 1668 Quod
981 1616 1016 1659 si
1033 1630 1229 1675 saporem
1249 1630 1361 1674 opus
1376 1624 1439 1658 est
1456 1623 1516 1658 at·

125 1687 272 1731 testari
290 1721 300 1741 ,
326 1697 376 1730 ut
397 1700 708 1745 cognoscamus
732 1685 929 1729 habitare
948 1685 994 1728 in
1017 1700 1198 1744 corpore
1220 1684 1383 1745 aliquid
1409 1685 1514 1739 Dei,

125 1758 265 1816 magis
286 1756 456 1800 habitat
476 1756 523 1799 in
545 1754 728 1813 dactylis
750 1764 794 1799 et
815 1755 944 1799 melle
960 1770 1094 1814 quam
1109 1756 1155 1798 in
1173 1770 1303 1799 carne
1318 1756 1515 1814 porcina,

125 1826 201 1871 sed
229 1828 361 1885 magis
389 1825 436 1870 in
458 1842 588 1871 carne
615 1826 794 1885 porcina
824 1840 958 1885 quam
987 1825 1032 1868 in
1053 1824 1182 1882 faba,
1206 1826 1341 1883 magis
1366 1826 1412 1868 in
1435 1826 1518 1869 fico

127 1913 260 1959 quam
279 1899 324 1942 in
345 1899 500 1952 ficato,
526 1912 625 1941 ecce
643 1897 837 1941 concedo
854 1916 864 1953 3
887 1894 962 1940 sed
979 1905 1023 1940 et
1043 1911 1118 1940 vos
1140 1895 1367 1940 concedite
1386 1931 1396 1951 ,
1422 1911 1518 1939 ma-

128 1969 191 2028 gis
219 1969 264 2011 in
299 1968 427 2012 ficato
461 1982 593 2026 quam
626 1967 672 2010 in
708 1967 821 2010 beta.
858 1965 988 2019 Quod
1016 1966 1097 2009 ista
1126 1966 1294 2010 ratione
1314 1965 1519 2023 cogimini

128 2038 326 2083 confiteri
347 2072 357 2093 ,
384 2036 595 2098 quasdam
619 2037 772 2096 stirpes
789 2071 800 2092 ,
825 2052 931 2096 quas
958 2045 1074 2080 certe
1095 2051 1245 2081 omnes
1266 2036 1518 2080 mundiores

128 2109 260 2156 vultis
281 2124 414 2170 quam
435 2123 608 2152 carnem
627 2143 636 2163 ,
664 2123 715 2152 ex
730 2109 822 2167 ipsa
844 2123 973 2152 carne
995 2108 1189 2167 accipere
1207 2111 1347 2152 Deum
1364 2142 1375 2162 ,
1401 2108 1436 2151 si
1452 2123 1520 2151 sa-

128 2196 234 2240 pore
266 2183 380 2224 Deus
416 2179 635 2223 immixtus
665 2179 939 2237 agnoscitur?
961 2181 1069 2224 Nam
1096 2188 1139 2223 et
1163 2177 1279 2223 olera
1305 2177 1519 2237 sapidiora

129 2252 243 2294 fiunt
265 2259 386 2294 cocta
406 2265 504 2293 cum
540 2248 744 2293 carnibus
770 2267 780 2293 :
805 2258 847 2293 et
870 2249 1023 2293 herbas
1057 2249 1216 2307 quibus
1239 2263 1395 2308 pecora
1420 2264 1518 2307 pas-

132 2329 292 2364 cuntur
312 2355 322 2375 ,
347 2329 517 2378 gustare
539 2333 628 2362 non
655 2333 909 2378 possumus,
939 2333 1166 2364 conversas
1189 2329 1335 2363 autem
1358 2320 1403 2362 in
1419 2334 1519 2362 suc-

134 2405 232 2434 cum
254 2390 376 2434 lactis
395 2424 405 2443 ,
436 2399 478 2433 et
500 2387 643 2432 colore
662 2389 979 2447 praestantiores
996 2423 1007 2444 ,
1032 2398 1075 2433 et
1092 2404 1244 2448 sapore
1262 2388 1520 2433 commodis-

134 2461 260 2504 simas
277 2459 537 2519 judicamus.

194 2533 308 2575 XLI.
345 2534 412 2574 An
453 2531 564 2575 bona
603 2531 679 2574 tria
725 2530 851 2574 simul
884 2530 961 2574 ubi
1000 2529 1186 2585 fuerint,
1212 2530 1257 2574 id
1279 2539 1366 2586 cst,
1402 2529 1520 2575 color
