1729 3143
231 216 313 258 508
666 225 701 255 s.
736 224 968 256 Aueusnm
999 228 1181 258 EPIScoPI

177 343 185 353 ,
233 314 254 338 »
278 295 356 340 Dei
372 293 530 338 diffusa
548 301 612 337 est
627 292 673 336 in
690 293 894 338 cordibus
911 294 1067 340 nostris
1087 311 1165 355 per
1187 296 1393 357 Spiritum
1411 307 1610 343 sanctum

232 386 252 409 »
278 367 354 427 qui
375 364 501 409 datus
523 373 586 409 est
607 365 733 410 nobis
747 368 778 409 1.
806 385 826 408 »
851 365 983 413 Nullo
1005 366 1138 413 modo
1157 377 1304 413 autem
1327 368 1612 429 redintegrari

228 451 450 497 possemus
477 451 554 495 per
589 436 797 496 Spiritum
824 447 1021 482 sanctum
1039 473 1050 493 ,
1074 438 1157 483 nisi
1185 448 1229 483 et
1255 439 1346 499 ipse
1374 455 1544 500 semper
1569 450 1614 486 et

228 509 392 565 integer
415 515 457 551 et
473 507 840 552 incommutabilis
857 518 1145 568 permaneret.
1166 509 1295 564 Quod
1313 510 1510 570 profecto
1524 526 1615 557 non

230 587 398 639 posset,
424 578 505 623 nisi
535 579 612 623 Dei
646 589 813 624 naturae
841 591 951 626 esset
984 597 1032 627 ac
1062 582 1196 642 ipsius
1228 582 1480 628 substantiae
1501 618 1511 638 ‚
1543 584 1616 628 cui

229 649 308 695 soli
326 649 739 696 incommutabilitas
761 661 892 712 atque
907 687 918 707 ‚
950 661 1000 697 ut
1024 653 1084 697 ita
1118 652 1261 698 dicam
1278 688 1290 708 ‚
1314 653 1615 699 invertibilitas

230 737 398 781 semper
419 731 497 766 est.
529 741 548 764 «
579 724 788 768 Creatura
810 723 923 767 enim
944 759 955 777 ‚
988 740 1130 785 neque
1149 725 1234 770 hoc
1254 740 1335 784 ego
1352 760 1363 780 ‚
1399 724 1474 769 sed
1498 723 1617 769 idem

235 813 252 834 »
276 791 434 836 Paulus
456 790 615 835 clamat
632 826 642 845 ,
668 793 849 837 vanitati
872 794 1067 853 subjecta
1090 798 1199 839 est2.
1225 815 1242 835 »
1265 797 1418 855 Neque
1438 811 1517 840 nos
1533 810 1617 855 po-

231 873 321 918 testx
345 879 369 908 a
401 862 590 907 vanitate
616 877 812 921 separare
830 896 840 916 ,
879 861 1137 922 veritatique
1166 875 1423 908 connectere
1448 901 1459 919 ,
1497 866 1619 925 quod
1686 895 1688 898 -

230 935 477 996 subjectum
494 943 557 978 est
571 933 766 978 vanitati.
788 934 845 977 Et
861 933 945 977 hoc
962 933 1088 978 nobis
1108 933 1290 993 Spiritus
1302 944 1475 979 sanctus
1492 951 1621 995 praes-

232 1016 294 1051 tat
318 1025 326 1051 :
352 1014 547 1051 creatura
578 1005 710 1063 igitur
746 1019 837 1049 non
870 1012 948 1048 est.
984 1003 1095 1057 Quia
1128 1019 1257 1049 omne
1285 1005 1405 1066 quod
1429 1015 1492 1051 est
1509 1041 1520 1061 ,
1545 1016 1620 1052 aut

233 1080 344 1122 Deus
360 1111 370 1131 ‚
396 1085 472 1120 aut
493 1084 688 1120 creatura
707 1084 785 1119 est.

288 1149 451 1192 XXIV.
478 1149 618 1191 Deum
646 1161 748 1205 ergo
770 1144 950 1205 diligere
972 1145 1184 1190 debemus
1208 1146 1366 1190 trinam
1384 1145 1619 1207 quamdam

231 1219 466 1273 unitatem,
490 1221 661 1262 Patrem
692 1225 736 1260 et
760 1216 921 1260 Filium
944 1225 987 1260 et
1017 1216 1225 1276 Spiritum
1248 1226 1444 1262 sanctum
1465 1253 1476 1272 ,
1499 1217 1621 1278 quod
1690 1214 1705 1253 ’νγ

231 1290 341 1334 nihil
364 1289 483 1334 aliud
505 1289 645 1333 dicam
669 1303 759 1333 esse
778 1324 789 1344 ,
824 1288 904 1331 nisi
925 1287 1114 1347 idipsum
1137 1303 1242 1332 esse.
1274 1291 1351 1333 Est
1378 1289 1492 1333 enim
1521 1304 1621 1334 vere

233 1376 488 1421 summeque
509 1364 624 1405 Deus
649 1379 658 1404 ε
694 1379 714 1402 «
738 1362 801 1403 Ex
823 1374 912 1419 quo
930 1359 1075 1402 omnia
1095 1394 1105 1414 ‚
1131 1374 1208 1418 per
1225 1374 1356 1419 quem
1380 1361 1525 1405 omnia
1541 1395 1553 1416 ‚
1574 1361 1622 1404 in

238 1454 255 1474 »
282 1448 372 1493 quo
396 1433 542 1477 omnia
563 1451 572 1476 ε
597 1449 617 1472 »
643 1432 738 1475 haec
759 1430 890 1475 verba
915 1429 1039 1474 Pauli
1061 1439 1176 1475 sunt.
1203 1430 1320 1484 Quid
1336 1430 1495 1475 deinde
1516 1432 1623 1476 sub-

228 1505 354 1564 jicit?
375 1523 394 1545 «
416 1505 502 1563 Ipsi
527 1502 709 1562 gloria?
732 1520 751 1543 »
781 1502 1073 1548 Sincerissime
1103 1502 1297 1547 omnino.
1325 1504 1477 1563 Neque
1505 1504 1621 1549 enim

234 1576 319 1631 ait,
345 1576 443 1636 ipsis
466 1595 474 1620 z
498 1590 599 1619 nam
631 1590 745 1619 unus
777 1583 842 1619 est
871 1575 1004 1618 Deus.
1038 1572 1155 1626 Quid
1187 1583 1251 1618 est
1273 1582 1420 1618 autem
1442 1609 1453 1630 ,
1494 1593 1511 1614 «
1535 1574 1623 1634 Ipsi

237 1666 257 1688 »
284 1646 440 1705 gloria,
470 1665 490 1687 »
515 1646 596 1690 nisi
613 1646 694 1706 ipsi
717 1645 880 1705 optima
897 1653 939 1688 et
961 1659 1130 1688 summa
1147 1653 1191 1688 et
1210 1643 1297 1689 late
1313 1654 1466 1704 patens
1481 1643 1624 1689 fama?

234 1722 409 1772 Quanto
431 1718 548 1762 enim
568 1716 722 1761 melius
745 1726 877 1776 atque
898 1715 1100 1760 diffusius
1122 1715 1396 1772 diffamatur,
1422 1726 1544 1761 tanto
1561 1717 1625 1761 di-

233 1789 384 1848 ligitur
406 1798 449 1833 et
467 1797 636 1832 amatur
655 1786 893 1832 ardentius.
918 1785 1049 1839 Quod
1071 1801 1171 1831 cum
1197 1788 1246 1830 fit
1261 1822 1272 1841 ‚
1297 1786 1405 1830 nihil
1429 1787 1548 1831 aliud
1569 1788 1624 1832 ab

234 1861 427 1905 humano
450 1874 607 1919 genere
625 1872 757 1918 quam
775 1866 894 1902 certo
911 1865 952 1901 et
969 1857 1183 1902 constanti
1199 1856 1335 1915 gradu
1353 1858 1399 1902 in
1413 1858 1622 1917 optimam

235 1931 367 1975 vitam
391 1939 434 1974 et
455 1928 743 1974 beatissimam
768 1927 979 1987 pergitur.
1007 1930 1103 1973 Non
1125 1928 1311 1972 arbitror
1332 1943 1434 1972 cum
1457 1927 1512 1972 de
1528 1944 1625 1973 mo-

202 2058 208 2063 ·
236 2001 354 2045 ribus
371 2009 414 2044 et
434 2000 521 2045 vita
538 2000 587 2044 fit
604 1999 788 2060 quaestio
805 2034 816 2053 ‚
843 1997 1027 2057 amplius
1040 2013 1129 2042 esse
1143 1997 1476 2058 requirendum,
1502 1999 1623 2059 quod

236 2072 290 2116 sit
310 2070 499 2115 hominis
520 2084 738 2114 summum
757 2069 922 2113 bonum
940 2103 950 2124 ,
976 2083 1064 2129 quo
1085 2067 1313 2113 referenda
1333 2077 1434 2113 sunt
1456 2070 1617 2115 omnia.

238 2142 290 2187 Id
312 2143 426 2187 enim
450 2156 538 2185 esse
558 2140 726 2200 patuit,
753 2148 796 2184 et
813 2139 979 2184 ratione
1001 2148 1216 2200 quantum
1240 2139 1456 2185 valuimus
1472 2175 1482 2195 ‚
1510 2149 1554 2185 et
1574 2156 1624 2185 ea

237 2228 337 2273 quae
370 2221 527 2256 nostrae
559 2211 716 2255 rationi
748 2209 968 2254 antecellit
999 2209 1255 2254 auctoritate
1294 2209 1440 2254 divina
1462 2245 1473 2264 ‚
1514 2209 1624 2254 nihil

239 2282 357 2328 aliud
379 2298 511 2344 quam
534 2283 674 2342 ipsum
701 2285 856 2326 Deum.
888 2283 998 2324 Nam
1024 2279 1132 2340 quid
1165 2280 1247 2325 erit
1268 2279 1386 2325 aliud
1408 2281 1622 2340 optimum

239 2354 449 2408 hominis,
471 2353 551 2397 nisi
568 2353 639 2397 cui
661 2352 874 2396 inhaerere
891 2364 954 2395 est
976 2351 1299 2395 beatissimum?
1322 2351 1372 2394 Id
1390 2360 1536 2395 autem
1560 2360 1622 2395 est

239 2423 355 2468 solus
381 2425 510 2479 Deus,
535 2423 606 2467 cui
622 2423 786 2467 haerere
800 2430 916 2467 certe
931 2436 1019 2466 non
1035 2421 1245 2477 valemus,
1269 2421 1351 2466 nisi
1368 2420 1618 2475 dilectione,

239 2509 388 2540 ,amore
404 2529 415 2550 ‚
440 2494 664 2538 charitate.

292 2581 301 2602 ¹
319 2581 412 2612 Rom.
430 2589 463 2618 v,
481 2578 513 2612 5.
528 2595 569 2603 —
583 2585 596 2601 ²
618 2579 664 2611 Id.
686 2588 754 2620 vm,
768 2585 824 2611 20.
838 2594 879 2603 —·
895 2575 908 2602 3
925 2577 975 2610 Id.
994 2587 1042 2619 111,
1061 2576 1114 2610 36.
