1729 3143
458 217 512 243 DE
543 217 752 254 sunem,
786 216 925 244 SERMO
957 218 1016 245 1v.
1375 207 1430 245 97

51 280 188 325 Alvus
206 282 408 326 tumescit
438 283 615 341 virginis
638 317 650 337 ‚
687 282 925 326 claustrum
963 282 1142 342 pudoris
1173 292 1429 341 permanet:

51 349 257 409 impletur
285 360 434 396 uterus
462 353 609 396 matris
631 352 722 395 sine
746 351 839 397 ullo
868 352 1099 410 complexu
1117 353 1252 411 patris
1269 387 1280 406 ,
1305 353 1437 396 sentit

51 418 220 478 prolem
243 437 342 479 quae
362 436 407 465 se
425 421 652 478 ignorabat
671 423 918 480 conjugem.
939 423 1132 480 Angelus
1155 422 1210 466 ad
1226 422 1438 480 virginem

51 489 275 548 loquitur,
299 506 324 534 a
342 491 506 548 virgine
529 506 603 535 cor
624 501 894 550 praeparatur
914 526 925 546 ‚
955 493 1153 536 Christus
1173 491 1260 536 fide
1288 494 1437 537 conci-

51 559 185 616 pitur.
210 560 378 604 Miraris
398 560 525 604 haec?
546 559 707 605 Adhuc
727 562 900 606 mirare.
926 561 1044 605 Parit
1065 572 1203 606 mater
1221 571 1265 606 et
1291 563 1408 621 virgo
1425 597 1436 616 ‚

51 627 161 672 foeta
189 637 234 672 et
267 629 430 673 intacta
457 649 467 674 ι
491 630 682 675 nascitur
714 631 829 675 filius
857 631 950 675 sine
976 632 1153 675 homine
1177 642 1297 688 patre
1314 667 1324 686 ‚
1363 633 1439 691 qui

51 696 155 761 tecit
176 706 220 741 et
248 698 388 756 ipsam
409 709 610 743 matrem.
637 703 670 743 F
676 709 797 745 actor
825 701 1022 745 omnium
1052 701 1103 744 fit
1130 700 1244 744 inter
1266 703 1439 746 omnia:

51 775 250 825 portatur
263 767 464 811 manibus
480 769 627 813 matris
642 780 785 814 rector
799 771 933 814 totius
947 770 1062 814 orbis
1084 790 1093 814 ;
1115 768 1270 814 lambit
1287 770 1439 823 ubera,

53 851 204 894 regens
235 836 396 881 siderat
422 856 430 881 :
456 846 572 882 tacet
591 873 602 893 ,
638 847 681 882 et
703 839 900 883 Verbum
922 849 1001 884 est.
1029 839 1225 885 Necdum
1255 855 1332 898 per
1356 839 1444 883 lin-

52 921 182 965 guam
214 922 259 951 se
291 906 620 953 demonstrabat
647 909 743 968 quis
778 919 888 954 esset
907 945 918 964 ‚
955 919 998 953 et
1018 910 1221 954 universa
1248 918 1446 953 creatura

53 991 181 1020 suum
217 986 370 1022 natum
401 978 566 1023 indicat
596 981 863 1024 Creatorem.
897 978 1052 1037 Angeii
1089 980 1336 1038 pastoribus
1365 995 1446 1023 an-

53 1046 287 1102 nuntiant,
318 1047 440 1092 stella
472 1051 621 1106 Magos
649 1048 805 1093 invitat
832 1069 840 1093 2
872 1049 1087 1093 rusticitas
1117 1058 1345 1108 pastorum
1366 1050 1446 1092 ad-

52 1117 340 1155 monitionem
374 1116 507 1166 eXigit
534 1119 806 1166 Angelorum
826 1148 839 1163 Ἰ
873 1120 1098 1152 euriocitac
1121 1123 1351 1168 Effagorum
1378 1120 1449 1159 in-

50 1189 213 1225 structa
249 1188 313 1222 est
360 1178 512 1236 lingua
564 1177 794 1222 coelorum.
841 1179 960 1237 Magi
1001 1179 1257 1224 Judaeorum
1301 1196 1449 1240 regem

53 1249 290 1309 praedicant
310 1283 321 1304 ,
360 1247 504 1292 Judaei
533 1248 753 1306 abnegant
782 1267 792 1292 z
827 1248 891 1291 iili
923 1259 1128 1307 quaerunt
1151 1250 1357 1305 adorare,
1382 1253 1453 1305 isli

53 1329 258 1380 quaerunt
278 1319 490 1364 occidere.
519 1319 679 1363 Dicunt
720 1320 835 1376 Magi
862 1319 1030 1364 Herodi
1057 1320 1148 1379 regi
1170 1336 1300 1380 quem
1325 1337 1451 1380 qure-

53 1400 158 1435 runt
177 1399 330 1435 natum
353 1394 517 1448 Regem
539 1410 547 1434 :
574 1390 728 1433 dicunt
749 1393 771 1433 J
779 1390 895 1433 udaei
919 1406 971 1433 ex
994 1407 1080 1450 qua
1099 1392 1277 1435 civitate
1299 1393 1449 1436 Chris-

56 1470 125 1504 tus
159 1470 306 1518 surgat
352 1474 544 1517 regnare.
589 1459 771 1517 Utrique
808 1460 1047 1516 praedicant
1078 1495 1088 1514 ‚
1128 1462 1305 1520 utrique
1337 1477 1446 1505 con-

4 1527 6 1529 *
56 1532 236 1575 fitentur
275 1550 284 1574 ε
323 1529 400 1574 sed
434 1529 497 1573 illi
533 1529 685 1582 aliter,
739 1529 808 1573 isti
842 1528 996 1585 aliter3
1041 1529 1105 1572 iili
1147 1541 1197 1574 ut
1242 1532 1449 1576 inventus

57 1600 263 1645 adoretur
278 1634 289 1654 ,
314 1600 383 1643 isti
399 1608 448 1643 ut
467 1607 619 1658 captus
641 1607 835 1642 necetur.
863 1600 900 1641 Ο
926 1599 1069 1641 Judaei
1087 1633 1097 1652 ‚
1123 1598 1178 1643 ad
1194 1601 1278 1644 hoc
1300 1601 1449 1644 feren-

59 1680 121 1714 tes
140 1671 185 1714 in
206 1670 404 1713 manibus
427 1668 652 1712 lucernam
674 1669 801 1726 Legis
819 1703 830 1722 ,
856 1678 906 1711 ut
928 1668 1019 1711 aliis
1043 1669 1158 1712 viam
1180 1668 1451 1714 demonstre-

58 1741 141 1796 tis-‚
169 1749 212 1784 et
232 1741 356 1784 vobis
377 1740 576 1783 tenebras
596 1740 802 1797 ingeratis
828 1758 835 1782 :
870 1754 970 1783 ecce
992 1739 1111 1797 Magi
1129 1740 1330 1798 primitiae
1348 1757 1453 1799 gen-

58 1811 169 1856 tium
189 1811 364 1856 Christo
386 1811 579 1855 offerunt
601 1825 782 1853 munera
799 1845 809 1864 ‚
836 1825 925 1854 non
953 1810 1094 1854 solum
1123 1825 1276 1854 aurum
1298 1845 1308 1864 ‚
1349 1811 1449 1855 thus

60 1890 104 1924 et
123 1881 346 1938 myrrham
364 1915 375 1934 ,
399 1881 686 1925 verumetiam
714 1881 878 1924 animas
917 1895 1042 1937 suas;
1077 1888 1119 1923 et
1150 1896 1226 1924 vos
1248 1881 1449 1940 repudiat

60 1950 262 2009 iniquitas
296 1950 496 2009 propria,
529 1959 578 1994 ut
606 1949 731 1993 illum
754 1951 829 2009 qui
860 1965 934 1994 vos
962 1950 1082 1993 venit
1104 1949 1317 2008 obligatos
1337 1951 1450 1994 iibe-

60 2034 154 2062 rare
170 2053 181 2073 ‚
208 2019 430 2063 dementes
448 2019 594 2064 effecti
611 2035 711 2062 eum
731 2019 935 2078 quaeratis
957 2018 1168 2063 occidere.
1196 2020 1311 2071 Quid
1329 2020 1451 2064 vobis

24 2090 37 2140 ’ς
61 2086 252 2147 profuit,
277 2088 398 2147 quod
426 2088 673 2147 prodidistis
704 2088 894 2143 Herodi,
927 2088 1003 2132 ubi
1031 2089 1226 2133 Christus
1252 2104 1450 2132 nascere-

28 2211 30 2214 ·
63 2159 164 2201 tur?
185 2159 340 2201 Nonne
362 2172 437 2200 vos
458 2157 624 2201 laesistis
652 2173 784 2216 quam
812 2158 984 2203 Christo
1018 2157 1184 2217 aliquid
1219 2158 1450 2202 nocuistis?

28 2270 33 2280 ,
64 2227 258 2272 Audiens
278 2227 394 2269 enim
415 2225 487 2270 ille
510 2243 534 2270 a
555 2226 678 2271 vobis
701 2227 780 2270 ubi
807 2227 1004 2271 Christus
1028 2237 1154 2272 natus
1176 2229 1307 2287 possit
1327 2228 1451 2271 inve-

32 2317 37 2335 ,ι
64 2296 148 2340 niri
171 2330 183 2351 ‚
220 2305 374 2339 vestrae
410 2297 548 2354 gentis
589 2295 775 2339 infantes
811 2296 1021 2341 continuo
1054 2299 1260 2356 praecepit
1292 2297 1446 2341 occidi.

30 2406 35 2422 ,-
69 2368 200 2410 Saevit
232 2366 453 2421 Herodes,
487 2375 538 2410 ut
559 2367 672 2410 inter
699 2365 860 2410 multos
890 2367 1041 2425 perdat
1061 2383 1198 2411 unum
1218 2386 1227 2411 :
1248 2376 1292 2411 et
1309 2367 1450 2426 pluri-

67 2451 160 2480 mos
184 2436 382 2480 necando
413 2451 458 2480 se
489 2437 623 2481 efficit
654 2452 777 2481 reum
797 2472 807 2492 ‚
849 2452 930 2482 nec
963 2438 1122 2482 occidit
1143 2452 1274 2498 quem
1295 2442 1453 2497 quaerit

67 2506 290 2551 hominem
310 2509 464 2553 Deum.
489 2509 527 2552 Ο
549 2509 742 2554 Herodes
757 2543 769 2564 ,
796 2523 951 2567 magua
969 2519 1044 2554 tua
1065 2508 1269 2569 iniquitas
1289 2528 1298 2554 :
1319 2518 1363 2554 et
1384 2510 1452 2553 in-

205 2589 391 2619 cxxxw.
1267 2582 1290 2618 7
