1729 3143
215 219 301 261 460
661 226 696 257 s.
731 226 962 257 Aueustrtm
993 228 1174 259 EPISGOPI

214 307 301 344 tur.
328 297 396 342 Sic
412 295 528 339 enim
545 292 780 339 nonnullos
802 303 970 340 nostros
990 295 1231 354 intelligere
1248 299 1407 358 accepi,
1431 302 1507 360 qui
1524 300 1595 346 di-

214 378 320 416 cunt
336 403 346 422 ,
379 374 664 426 posteaquam
689 365 856 411 dictum
883 369 971 413 θεῖ1
994 385 1003 413 z
1032 386 1053 410 «
1070 367 1219 413 Finxit
1238 371 1354 415 Deus
1373 371 1596 418 hominem

216 460 237 484 >›
261 440 315 484 de
336 437 441 482 limo
463 446 613 483 terrae:
636 455 657 480 »
678 446 907 499 propterea
924 453 1014 484 non
1038 439 1237 484 additum
1253 475 1265 495 ‚
1293 441 1349 485 ad
1367 441 1598 500 imaginem

214 519 257 556 et
275 508 606 554 similitudinem
623 524 746 554 suam
763 544 775 566 ,
800 511 1007 571 quoniam
1021 526 1140 556 nunc
1157 511 1213 555 de
1226 513 1417 572 corporis
1435 512 1600 559 forma-

211 583 330 628 tione
361 580 536 626 dicitur.
567 583 690 627 Tunc
714 577 861 627 autem
883 583 1016 628 homo
1038 583 1217 629 interior
1246 584 1599 643 significabatur,

211 651 390 716 quando
406 652 573 698 dictum
591 663 655 699 est
675 672 684 699 ι
711 672 732 697 «
753 655 876 699 Fecit
901 657 1015 699 Deus
1037 655 1263 700 hominem
1291 654 1346 700 ad
1368 656 1603 717 imaginem
1719 653 1726 703 ἶ

214 743 235 767 »
260 733 304 769 et
325 721 655 769 similitudinem
677 724 771 768 Dei.
792 741 814 765 »
842 723 927 770 Sed
949 725 1117 770 etiamsi
1133 741 1252 771 nunc
1269 742 1447 786 quoque
1459 727 1604 772 homi-

211 810 312 840 nem
325 810 376 839 ex
383 810 564 854 corpore
577 804 620 839 et
632 795 775 839 anima
783 793 948 839 factum
963 795 1272 854 intelligamus,
1288 805 1339 841 ut
1354 812 1445 842 non
1463 796 1606 842 alicu·
1722 839 1729 863 r

207 869 277 929 jus
294 869 399 912 novi
415 867 556 926 operis
572 867 809 919 inchoatio,
821 866 896 911 sed
910 868 1107 927 superius
1124 869 1312 913 breviter
1323 869 1530 914 insinuati
1545 870 1608 914 di·
1676 896 1678 899 ·
1724 863 1729 900 f

212 939 416 998 ligentior
427 937 676 981 retractatio
690 936 772 979 isto
785 950 983 979 sermone
995 938 1252 995 explicetur·⁷
1267 939 1301 982 si
1311 954 1430 998 ergo,
1445 949 1493 984 ut
1502 939 1605 997 dixi,

1725 982 1728 998 l

212 1009 435 1054 hominem
457 1008 539 1051 hoc
562 1006 659 1050 loco
681 1021 732 1050 ex
757 1021 939 1065 corpore
968 1015 1012 1051 et
1039 1007 1182 1051 anima
1203 1006 1369 1053 factum
1392 1010 1609 1068 intelliga-
1726 1001 1729 1009 Δ

212 1096 309 1126 mus
325 1115 336 1135 ,
368 1094 460 1123 non
483 1076 670 1122 absurde
691 1077 782 1136 ipsa
805 1077 1112 1122 commixtione
1130 1078 1224 1122 limi
1241 1094 1403 1124 nomen
1424 1081 1604 1140 accepit.

215 1153 336 1198 Sicut
353 1149 466 1193 enim
488 1164 601 1209 aqua
629 1157 789 1192 terram
812 1147 1006 1207 colligit,
1033 1157 1076 1194 et
1097 1149 1374 1208 conglutinat
1389 1186 1400 1206 ,
1433 1160 1477 1195 et
1501 1166 1608 1196 con-

212 1223 350 1275 tinet,
376 1218 554 1280 quando
581 1219 673 1279 ejus
703 1218 1011 1264 commixtione
1038 1219 1167 1264 limus
1187 1221 1279 1279 ejus
1303 1221 1491 1264 efficitur
1512 1240 1521 1265 :
1549 1222 1608 1267 sic

213 1292 355 1337 amma
376 1289 568 1350 corporis
590 1289 815 1334 materiam
839 1289 1102 1334 vivificando
1123 1289 1170 1334 in
1193 1291 1407 1334 unitatem
1427 1305 1609 1337 concor-

214 1363 315 1408 dem
337 1359 585 1407 conformat
600 1395 611 1416 ‚
632 1369 676 1405 et
693 1375 783 1405 non
805 1360 1018 1419 permittit
1039 1360 1128 1404 labi
1145 1369 1188 1405 et
1204 1360 1376 1405 resolvi.

270 1436 327 1478 X.
362 1431 493 1487 Quod
516 1440 663 1476 autem
684 1431 898 1491 scriptum
920 1439 984 1475 est
1017 1449 1026 1475 ε
1061 1448 1082 1472 α
1098 1432 1156 1475 Εῖ
1172 1430 1411 1476 insufflavit
1438 1432 1485 1475 in
1507 1447 1608 1477 eum

215 1525 236 1549 »
262 1505 462 1565 spiritum
473 1504 590 1560 vitae,
608 1511 652 1548 et
663 1501 804 1548 factus
819 1511 883 1547 est
895 1503 1029 1547 homo
1043 1502 1089 1546 in
1103 1502 1292 1547 animam
1306 1503 1567 1549 viventem22
1582 1522 1603 1547 »

212 1578 247 1622 si
269 1576 413 1621 adhuc
435 1590 592 1635 corpus
620 1574 762 1619 solum
784 1582 903 1628 erat,
935 1574 1125 1617 animam
1157 1571 1409 1634 adjunctam
1436 1577 1609 1634 corpori

172 1650 175 1651 ⁷
214 1649 298 1692 hoc
321 1647 418 1692 loco
439 1644 680 1703 intelligere
713 1643 952 1702 debemus3
984 1643 1071 1689 sive
1104 1659 1204 1704 quae
1231 1644 1322 1703 jam
1350 1642 1465 1688 facta
1485 1653 1604 1701 erat,

214 1717 290 1762 sed
310 1726 520 1778 tanquam
541 1715 588 1759 in
610 1730 684 1760 ore
706 1714 782 1759 Dei
804 1723 898 1758 erat
914 1748 925 1769 ‚
949 1712 996 1758 id
1015 1722 1078 1758 est
1094 1749 1105 1769 ‚
1142 1714 1188 1757 in
1206 1714 1299 1773 ejus
1322 1714 1504 1759 veritate
1536 1714 1607 1759 vel

214 1789 422 1848 sapientia
437 1822 449 1843 ‚
482 1786 601 1830 unde
623 1794 770 1830 tamen
791 1800 882 1830 non
906 1785 1080 1829 recessit
1100 1785 1222 1844 qnasi
1245 1784 1349 1829 locis
1381 1795 1576 1844 separata
1593 1820 1604 1842 ,

214 1857 392 1919 quando
423 1856 641 1901 insufflata
674 1863 761 1913 θεῖς
795 1869 885 1899 non
909 1854 1027 1898 enim
1049 1857 1164 1898 Deus
1194 1853 1292 1899 loco
1325 1854 1604 1913 continetur,

215 1929 291 1975 sed
312 1930 476 1990 ubique
496 1941 681 1987 praesens
703 1934 765 1970 est
786 1944 795 1969 :
821 1925 907 1969 sive
920 1934 1026 1969 tunc
1042 1925 1185 1969 anima
1201 1924 1315 1970 facta
1329 1934 1407 1981 est,
1428 1927 1607 1986 quando

214 2002 260 2046 in
280 1999 390 2046 illud
411 2000 668 2058 figmentum
690 2000 804 2042 Deus
824 1995 1062 2040 insufflavit
1083 1994 1285 2055 spiritum
1308 1996 1434 2052 vitae,
1465 2006 1515 2041 ut
1532 1997 1608 2043 issa

218 2071 454 2118 insufflatio
476 2071 612 2131 ipsam
634 2068 930 2130 operationem
948 2067 1025 2111 Dei
1039 2066 1266 2124 significet,
1287 2082 1374 2126 qua
1396 2066 1497 2111 tecit
1513 2069 1608 2113 ani-

218 2159 337 2189 mam
357 2144 403 2188 in
423 2143 600 2188 homine
627 2140 790 2200 Spiritu
812 2137 1018 2199 potentiae
1033 2152 1135 2182 suae.
1157 2137 1199 2182 Si
1216 2146 1362 2182 autem
1382 2138 1516 2183 homo
1534 2137 1607 2183 ille

219 2216 296 2276 qui
318 2214 457 2260 factus
489 2221 610 2268 erat,
638 2212 725 2272 jam
758 2225 914 2270 corpus
938 2216 981 2253 et
1012 2208 1155 2253 anima
1187 2217 1303 2264 erat,
1335 2208 1416 2267 ipsi
1451 2209 1606 2253 animae

220 2303 367 2333 sensus
389 2295 452 2331 est
471 2285 644 2331 additus
667 2284 747 2328 ista
768 2281 1082 2336 insufflatione,
1108 2295 1211 2324 cum
1227 2278 1367 2324 factus
1389 2288 1452 2324 est
1472 2280 1604 2324 homo

221 2360 266 2403 in
287 2359 476 2403 animam
508 2356 757 2402 viventem:
783 2356 873 2398 non
902 2352 1005 2413 quia
1027 2350 1100 2395 illa
1130 2351 1365 2396 insufflatio
1399 2364 1604 2395 conversa

225 2439 288 2474 cst
308 2430 354 2473 in
374 2430 562 2474 animam
583 2427 818 2482 viventem,
835 2423 910 2470 sed
923 2432 1098 2484 operata
1112 2431 1176 2468 est
1191 2423 1238 2468 in
1252 2423 1440 2467 animam
1453 2421 1603 2466 viven-

276 2537 285 2554 1
299 2532 378 2565 Vide
393 2531 576 2565 Tertullian.
595 2531 653 2564 lib.
669 2530 709 2566 de
727 2528 969 2565 Resurrectione
987 2528 1102 2570 carnis,
1115 2537 1190 2571 cap.
1209 2526 1242 2561 5.
1259 2530 1291 2560 et
1309 2522 1460 2560 Hilarium
1473 2523 1505 2558 in
1522 2523 1603 2556 Psal.

225 2596 343 2624 cxvm.
360 2603 401 2614 ·—
415 2594 429 2613 ²
447 2590 527 2623 Gen.
548 2599 588 2629 ιι,
607 2598 639 2629 7.

1692 2156 1697 2328 ¹

1698 2705 1703 2823 ³
