1729 3143
220 212 304 249 316
647 223 678 249 s.
718 220 946 249 Auens‘mm
978 221 1157 250 Eriscom

214 288 304 346 ipsa
317 287 545 347 judicaret.
572 288 624 329 E.
651 286 930 331 Manifestum
955 295 1032 330 est.
1060 290 1111 330 A.
1137 288 1250 331 Cum
1274 300 1376 344 ergo
1399 301 1491 330 eam
1514 301 1596 330 na·-

215 368 356 401 turam
379 372 477 416 quae
499 364 670 400 tantum
693 366 782 413 est,
810 373 889 401 nec
905 357 1036 411 vivit,
1056 371 1136 400 nec
1152 355 1373 414 intelligit,
1393 357 1519 400 sicuti
1532 365 1598 400 est

213 443 368 486 corpus
389 426 600 481 exanime,
624 427 842 486 praecedat
863 443 911 472 ea
933 436 1084 471 natura
1103 442 1202 486 quae
1221 442 1311 470 non
1327 435 1500 470 tantum
1515 436 1593 480 est,

210 498 287 540 sed
314 497 442 539 etiam
464 497 572 541 vivit
593 512 672 541 neo
695 497 896 555 intelligit
914 533 925 552 ‚
950 498 1076 541 sicuti
1097 506 1161 540 est
1177 497 1319 540 anima
1340 496 1601 552 bestiarum3

212 577 254 608 et
276 581 421 609 rursus
434 566 547 609 hanc
569 567 786 625 praecedat
809 583 856 611 ea
872 602 883 622 ‚
909 583 1009 627 quae
1026 566 1154 610 simul
1175 575 1219 609 et
1240 574 1318 619 est,
1345 574 1387 608 et
1407 565 1532 618 vivit,
1557 573 1601 608 et

210 634 428 693 intelligit,
448 635 558 680 sicut
578 637 622 680 in
645 637 818 681 homine
839 652 961 681 mens
977 619 1213 685 Rationalis
1231 654 1239 680 :
1258 649 1365 679 num
1382 633 1602 678 arbitraris

211 704 258 747 in
280 706 406 750 nobis
422 741 432 761 ,
458 705 504 750 id
526 715 614 762 est,
648 707 693 750 in
716 708 781 751 his
810 708 971 767 quibus
998 717 1152 751 natura
1181 715 1327 751 nostra
1355 703 1601 763 completur

210 782 259 816 ut
271 774 469 820 homines
482 776 634 831 simus,
655 776 816 836 aliquid
834 777 1018 821 inveniri
1032 792 1154 836 posse
1163 776 1453 835 praestantius,
1469 788 1602 833 quam

209 843 294 886 hoc
316 844 437 902 quod
458 846 504 889 in
526 847 666 891 tribus
689 847 816 889 tertio
839 846 936 890 loco
958 847 1181 899 posuimus
1203 848 1221 889 Ξ)
1248 848 1357 890 Nam
1382 853 1425 888 et
1445 858 1602 901 corpus

209 928 286 954 nos
311 912 469 953 habere
490 907 771 951 manifestum
792 917 870 961 est,
889 916 933 951 et
953 908 1085 951 vitam
1104 908 1338 966 quamdam
1354 924 1439 967 qua
1456 910 1601 967 ipsum

209 995 366 1039 corpus
389 979 604 1022 animatur
629 987 759 1036 atque
781 986 1006 1034 vegetatur
1024 1012 1034 1032 ,
1056 993 1155 1036 quae
1179 977 1268 1022 duo
1289 979 1419 1022 etiam
1440 978 1486 1021 in
1508 978 1602 1021 bes-

209 1050 277 1093 tiis
307 1048 577 1106 agnoscimus
592 1082 602 1100 ,
629 1057 672 1091 et
695 1048 873 1090 tertium
895 1047 1106 1106 quiddam
1129 1048 1253 1107 quasi
1271 1049 1426 1092 animae
1441 1057 1598 1092 nostrae

208 1128 340 1177 caput
369 1126 445 1162 aut
477 1117 683 1172 oculum,
710 1127 785 1161 aut
815 1117 848 1161 si
877 1117 983 1177 quid
1017 1118 1328 1176 congruentius
1357 1117 1412 1161 de
1434 1119 1600 1162 ratione

208 1198 339 1248 atque
372 1187 658 1246 intelligentia
694 1188 780 1231 dici
812 1197 976 1247 potest,
1008 1202 1138 1247 quam
1170 1203 1259 1232 non
1292 1189 1426 1232 habet
1446 1176 1646 1232 natuf?

209 1260 460 1303 bestiarum.
487 1262 631 1312 Quare
655 1259 770 1314 vide,
797 1258 999 1313 obsecro,
1037 1269 1185 1302 utrum
1216 1259 1380 1318 aliquid
1407 1260 1602 1303 invenire

209 1330 340 1388 possis
358 1364 368 1383 ‚
397 1329 517 1389 quod
548 1330 602 1372 sit
623 1329 667 1372 in
696 1337 853 1372 natura
881 1329 1068 1372 hominis
1091 1329 1259 1372 ratione
1281 1328 1523 1372 sublimius.
1544 1330 1595 1371 E.

207 1399 325 1445 Nihil
349 1399 527 1442 omnino
549 1397 703 1440 melius
727 1397 870 1442 video.

264 1470 384 1511 XIV.
421 1471 471 1511 A.
510 1466 623 1520 Quid
654 1468 688 1511 si
719 1466 885 1527 aliquid
918 1468 1113 1511 invenire
1139 1467 1438 1527 potuerimus,
1479 1467 1598 1527 quod

208 1553 296 1582 non
318 1537 458 1582 solum
478 1552 568 1581 esse
589 1552 678 1582 non
698 1537 872 1582 dubites
889 1573 899 1591 ‚
925 1538 1000 1581 sed
1020 1539 1149 1583 etiam
1163 1540 1254 1597 ipsa
1268 1547 1413 1583 nostra
1432 1538 1599 1581 ratione

207 1609 507 1667 praestantius,
535 1606 838 1652 dubitabis-ne
867 1608 979 1652 illud
1002 1608 1220 1668 quidquid
1249 1618 1334 1664 est,
1369 1612 1509 1653 Deum
1533 1607 1602 1652 di-

208 1681 336 1723 cere?
357 1682 408 1722 E.
435 1681 532 1724 Non
554 1678 764 1723 continuo
795 1681 829 1722 si
857 1680 965 1738 quid
1002 1679 1156 1723 melius
1191 1694 1324 1738 quam
1346 1679 1391 1722 id
1413 1679 1534 1737 quod
1554 1679 1599 1724 in

206 1764 303 1792 mea
330 1757 485 1793 natura
519 1748 734 1806 optimum
765 1757 828 1791 est
863 1749 1059 1792 invenire
1095 1757 1303 1807 potuero,
1342 1751 1479 1791 Deum
1510 1763 1599 1792 esse

208 1817 400 1861 dixerim.
427 1820 525 1862 Non
547 1817 664 1860 enim
686 1817 792 1860 mihi
814 1817 957 1876 placet
975 1821 1113 1861 Deum
1137 1817 1372 1876 appellare,
1393 1832 1482 1876 quo
1500 1832 1598 1861 mea

207 1888 316 1931 ratio
349 1896 411 1931 est
445 1886 650 1941 inferior,
685 1887 762 1930 sed
800 1903 889 1946 quo
925 1886 1072 1931 nullus
1107 1897 1171 1931 est
1200 1887 1409 1946 superior.
1445 1890 1495 1932 A.
1532 1890 1597 1931 Ita

208 1957 336 2016 plane
365 1977 373 2001 :
405 1973 506 2001 nam
537 1958 627 2016 ipse
660 1958 762 2001 huic
793 1966 881 2001 tuae
912 1958 1068 2002 rationi
1092 1956 1241 2012 dedit,
1267 1966 1355 2000 tam
1385 1956 1441 2000 de
1461 1972 1506 2000 se
1528 1957 1597 2016 pie

207 2043 396 2088 vereque
418 2028 592 2072 sentire.
621 2028 704 2072 Sed
735 2044 883 2088 quaeso
907 2037 949 2072 te
966 2063 976 2083 ‚
1003 2030 1035 2072 si
1057 2043 1147 2072 non
1168 2028 1384 2071 inveneris
1406 2042 1495 2071 esse
1517 2027 1598 2071 ali-

209 2099 317 2158 quid
339 2114 467 2157 supra
490 2107 681 2143 nostram
707 2099 915 2142 rationem
932 2133 943 2153 ‚
969 2099 1050 2142 nisi
1072 2097 1193 2158 quod
1222 2107 1436 2142 aeternum
1467 2107 1598 2157 atque

210 2168 565 2213 incommutabile
587 2178 649 2212 est
663 2203 674 2221 ‚
700 2168 998 2212 dubitabis-ne
1012 2169 1128 2212 hunc
1144 2171 1283 2212 Deum
1303 2168 1597 2212 dicere?Nam

212 2248 254 2282 et
281 2253 460 2298 corpora
482 2237 709 2283 mutabilia
735 2253 824 2282 esse
846 2238 1068 2296 cognoscis
1088 2272 1098 2291 ,
1125 2246 1168 2281 et
1188 2237 1325 2296 ipsam
1346 2238 1476 2280 vitam
1511 2251 1598 2296 qua

213 2324 368 2367 corpus
406 2311 644 2363 animatur,
680 2324 757 2368 per
797 2308 978 2352 affectus
1013 2308 1154 2352 varios
1189 2306 1481 2351 mutabilitate
1508 2322 1597 2351 non

215 2392 357 2421 carere
381 2378 657 2423 manifestum
681 2387 769 2435 θεῖς
794 2389 837 2422 θῖ
857 2379 949 2437 ipsa
970 2378 1080 2422 ratio
1096 2393 1197 2421 cum
1214 2377 1347 2421 modo
1369 2377 1424 2421 ad
1445 2392 1597 2421 verum

216 2449 438 2505 pervenire
459 2449 636 2505 nititur,
662 2448 794 2493 modo
816 2464 906 2493 non
926 2449 1099 2503 nititur,
1125 2457 1168 2492 et
1189 2447 1424 2508 aliquando
1442 2461 1597 2505 perve-

217 2516 312 2570 nit,
354 2515 586 2574 aliquando
622 2533 712 2563 non
748 2518 973 2576 pervenit,
1009 2517 1230 2561 mutabilis
1266 2531 1355 2561 esse
1393 2514 1593 2574 profecto
