1729 3143
473 235 525 260 DE
557 233 773 269 sYuBoLQ
807 232 946 259 senno
976 233 1024 258 11.
1381 220 1435 258 63

60 298 221 342 Filium
241 296 344 341 audi
377 316 387 342 :
426 316 446 340 «
474 298 659 357 Spiritus
679 331 690 350 ,
722 296 891 355 inquit,
918 295 995 355 qui
1016 295 1212 355 procedit
1239 310 1264 338 a
1292 298 1435 350 Patre,

64 386 85 410 n
109 369 200 427 ipse
221 367 470 412 introducet
489 383 565 412 vos
585 368 632 410 in
655 381 830 410 omnem
853 369 1080 411 veritatem
1095 368 1127 410 ¹.
1155 383 1176 408 »
1207 364 1440 419 Quomodo

63 446 126 482 est
145 437 191 481 in
211 437 356 482 Filio?
377 440 474 496 Ipse
494 436 629 480 Filius
652 443 748 494 post
768 437 1128 480 resurrectionem
1144 435 1318 480 mittens
1341 435 1439 479 Dis-

61 508 228 567 cipulos
248 523 346 552 suos
362 507 597 566 praedicare
618 505 929 564 Evangelium‚
950 506 1190 551 insufflavit
1208 506 1256 550 in
1283 504 1440 550 faciem

59 578 251 636 ipsorum
268 611 280 632 ,
313 586 357 621 et
391 577 450 620 ait
475 575 559 620 illis
582 595 591 619 2
627 593 649 617 (ι
672 575 866 634 Accipite
896 575 1105 634 Spiritum
1134 585 1334 620 sanctum
1350 577 1383 618 ².
1419 593 1438 616 >2

61 647 290 701 Quomodo
307 655 371 691 est
389 647 571 706 Spiritus
589 645 754 690 Patris?
777 649 874 705 Ipse
893 646 1103 690 Dominus
1120 646 1167 689 in
1182 644 1437 704 Evangelio:

63 736 84 758 «
108 719 205 762 Non
226 717 341 760 enim
376 710 452 761 vos
480 717 578 760 estis
599 717 677 776 qui
701 715 931 776 loquimini
955 751 966 771 ‚
1002 716 1078 760 sed
1102 716 1284 775 Spiritus
1308 715 1444 759 Patris

61 804 82 827 >›
107 786 234 830 vestri
251 787 327 846 qui
345 785 541 846 loquitur
556 787 603 830 in
622 786 783 830 vobisss.
804 805 823 827 »
850 785 1086 838 Quomodo
1106 794 1172 829 est
1193 794 1236 829 et
1259 785 1443 843 Spiritus

58 856 186 901 Filii?
206 857 440 916 Apostolus
460 856 564 901 dicit
584 876 593 901 :
624 876 644 899 «
671 858 714 902 Si
735 857 830 916 quis
850 857 1058 916 Spiritum
1080 856 1241 901 Christi
1258 871 1348 900 non
1365 856 1444 899 ha-

61 944 81 968 »
106 925 182 970 bet
197 960 208 981 ‚
234 926 306 970 hic
328 942 418 970 non
439 936 502 970 est
526 928 636 986 ejus⁴
659 961 668 970 .
700 944 720 967 »
752 925 983 979 Quomodo
1005 925 1118 970 idem
1146 927 1238 984 ipse
1260 925 1443 984 Spiritus

58 996 193 1038 Patris
213 1004 257 1039 et
277 995 375 1038 Filii
391 995 629 1054 procedens
647 1012 670 1040 a
687 999 815 1040 Patre
837 1005 879 1039 et
901 996 1012 1040 Filio
1030 1005 1258 1039 attestatur
1279 993 1442 1039 Filium

57 1064 290 1123 suscepisse
311 1067 510 1108 carnem?
530 1067 720 1108 Joannes
737 1064 999 1122 evangelista
1020 1065 1124 1108 dicit
1146 1083 1155 1109 :
1180 1083 1198 1105 «
1223 1064 1410 1123 Spiritus
1429 1097 1441 1118 ,

60 1151 82 1174 »
106 1134 277 1192 inquit,
301 1133 499 1176 nondum
530 1143 622 1177 erat
655 1133 810 1188 datus,
834 1135 938 1193 quia
969 1137 1093 1177 Jesus
1119 1134 1318 1178 nondum
1354 1143 1447 1178 erat

59 1220 80 1243 »
105 1201 368 1246 clarificatus
394 1203 423 1243 ⁵.
454 1222 472 1244 »
503 1202 687 1255 Quando
721 1212 866 1246 autem
894 1203 1153 1247 clarificatus
1187 1214 1248 1247 est
1277 1204 1442 1258 Filius,

55 1271 146 1330 ipse
177 1271 282 1315 dicit
318 1289 327 1315 :
366 1289 386 1312 «
413 1272 564 1329 Aperti
593 1282 721 1326 sunt,
756 1273 846 1326 ait,
882 1273 1009 1327 coeli,
1036 1282 1079 1316 et
1113 1272 1338 1317 descendit
1370 1289 1445 1317 su-

58 1359 79 1382 »
103 1356 180 1400 per
208 1341 477 1400 baptizatum
511 1344 661 1384 Jesum
687 1342 870 1399 Spiritus
908 1352 1081 1387 sanctus
1114 1344 1160 1387 in
1190 1344 1332 1402 specie
1370 1359 1446 1388 co-

60 1428 80 1452 »
103 1410 267 1455 lumbae
285 1446 296 1466 ‚
332 1427 505 1470 voxque
527 1412 643 1455 facta
672 1421 735 1455 est
758 1411 906 1455 dicens
929 1430 938 1455 :
971 1413 1051 1456 Hic
1080 1423 1143 1456 est
1164 1415 1300 1458 Filius
1322 1429 1444 1458 meus

59 1498 80 1521 »
104 1480 289 1525 dilectus
309 1515 320 1535 ,
345 1481 390 1524 in
413 1496 502 1540 quo
523 1480 637 1524 bene
659 1479 949 1538 complacuiss.
980 1501 997 1521 »

107 1554 230 1595 XIX.
253 1555 356 1595 Haec
373 1561 439 1606 tu,
460 1552 679 1606 haeretice,
701 1551 858 1595 Ariane
880 1566 982 1594 cum
999 1551 1122 1595 audis
1138 1551 1207 1595 vel
1223 1551 1346 1611 legis,
1372 1554 1445 1597 Fi-

56 1621 454 1666 liumclarificatum
468 1658 478 1676 ,
498 1623 704 1680 Spiritum
719 1630 918 1665 sanctum
933 1622 979 1665 in
996 1623 1136 1680 specie
1153 1622 1371 1666 columbae
1387 1624 1442 1668 de

58 1690 178 1735 coelis
189 1707 277 1736 esse
291 1692 586 1736 transmissum
602 1710 612 1736 2
630 1692 711 1735 hac
727 1692 984 1736 auctoritate
995 1692 1178 1736 carnalis
1197 1701 1272 1736 tua
1286 1694 1445 1750 cogita-

0 1765 2 1768 ’
59 1761 118 1806 tio
133 1769 176 1805 et
198 1762 425 1820 phantasia
446 1762 618 1819 spiritus
635 1761 735 1806 mali
753 1763 828 1821 qui
848 1771 1053 1820 operatur
1067 1762 1114 1806 in
1131 1762 1228 1806 filiis
1240 1761 1445 1807 diffiden-

0 1817 1 1828 η
57 1831 145 1885 tiae,
171 1834 341 1875 Patrem
363 1831 532 1875 inducit
553 1833 778 1891 majorem,
796 1832 898 1891 quia
919 1833 1034 1876 visus
1056 1849 1145 1877 non
1167 1842 1258 1891 est3
1281 1834 1444 1878 Filium

57 1902 268 1945 minorem
284 1936 294 1956 ‚
319 1902 421 1961 quia
448 1902 564 1945 visus
593 1910 656 1946 est
682 1902 728 1945 in
755 1903 958 1960 homine3
1001 1903 1210 1962 Spiritum
1245 1913 1444 1948 sanctum

58 1969 169 2015 Filio
190 1971 330 2014 multo
351 1970 618 2026 inferiorem,
644 1972 744 2030 quia
761 1971 805 2015 in
824 1972 965 2030 specie
983 1973 1183 2031 apparuit
1207 1972 1441 2018 columbae.

57 2040 171 2083 Dicis
193 2040 308 2083 enim
333 2040 439 2094 tibi,
477 2049 520 2084 et
552 2056 752 2099 perverse
787 2042 1052 2085 ratiocinaris
1074 2061 1082 2086 :
1109 2045 1333 2095 Quantum
1354 2043 1447 2087 dis-

10 2159 14 2164 ,
58 2118 121 2154 tat
138 2110 313 2153 visibilis
335 2110 390 2153 ab
411 2110 639 2166 invisibili,
664 2121 836 2156 tantum
861 2111 990 2157 distat
1011 2112 1146 2156 Filius
1164 2129 1186 2157 a
1210 2117 1341 2157 Patre
1367 2135 1377 2170 3
1402 2122 1446 2158 et

58 2188 271 2239 quantum
294 2178 425 2222 distat
445 2181 604 2237 species
625 2181 813 2224 hominis
837 2182 891 2225 ab
913 2183 1053 2241 specie
1068 2182 1286 2227 columbae
1308 2219 1318 2238 ‚
1345 2193 1446 2228 tan-

61 2258 153 2294 tum
167 2249 298 2294 distat
319 2250 460 2294 honor
482 2249 579 2293 Filii
604 2249 659 2293 ab
677 2250 842 2294 honore
862 2252 1046 2310 Spiritus
1068 2254 1221 2298 sancti.
1248 2257 1352 2298 Haec
1374 2270 1449 2299 co-

59 2320 198 2378 gitans
217 2319 281 2364 illi
303 2320 522 2379 proximus
544 2334 587 2363 es
604 2320 844 2380 praecipitio
866 2322 1036 2366 erroris.
1059 2325 1212 2383 Neque
1233 2324 1349 2368 enim
1367 2324 1447 2368 de-

60 2389 242 2435 fuerunt
259 2390 336 2451 qui
352 2391 435 2436 hoc
457 2391 669 2435 sentirent
689 2390 745 2435 de
765 2391 907 2436 anima
929 2392 1121 2438 humana
1137 2428 1147 2448 ‚
1173 2394 1293 2454 quod
1314 2405 1363 2439 tu
1385 2395 1447 2440 vis

108 2494 120 2510 1
143 2489 236 2520 Joan.
265 2498 323 2527 xv,
339 2487 396 2530 26,
411 2492 445 2521 et
456 2499 525 2531 xw,
546 2487 598 2521 13.
613 2505 655 2511 —
669 2488 746 2521 ²1d.
763 2498 818 2530 xx,
837 2497 890 2521 22.
910 2506 951 2513 —
966 2487 980 2513 3
994 2489 1117 2524 Matth.
1138 2501 1173 2534 x,
1188 2500 1241 2525 20.
1255 2507 1297 2515 —
1312 2489 1328 2522 4
1346 2494 1438 2524 Rom.

63 2553 132 2586 vui,
149 2555 183 2586 9.
201 2541 271 2568 -5
287 2545 381 2577 Joan.
400 2554 459 2585 vn,
474 2543 529 2586 39.
546 2561 586 2569 —
602 2542 741 2578 6Mattb.
759 2555 809 2587 111,
827 2544 938 2588 16·17.
