1729 3143
595 234 650 262 nn
683 233 935 262 nAEnEsmus.
1375 223 1456 263 251

77 300 257 345 scientia
279 314 379 359 quae
396 299 487 343 sine
508 299 717 344 charitate
732 297 856 342 inflat
870 332 882 352 ,
901 312 992 343 non
1012 299 1067 343 sit
1086 298 1164 343 Dei
1183 297 1351 343 donum
1371 299 1463 358 ipsa

8 383 9 386 ’
76 370 290 424 charitas,
327 385 426 430 quae
458 378 509 413 ut
540 368 717 412 scientia
748 381 838 410 non
869 367 1013 422 inflet,
1049 367 1276 412 aedificat².
1299 385 1321 409 »
1356 371 1462 413 Des-

74 449 233 484 truunt
255 440 387 483 etiam
410 439 651 492 orationes,
676 451 783 496 quas
805 434 908 479 facit
931 437 1144 492 Ecclesia,
1176 438 1264 482 sive
1291 453 1372 496 pro
1391 439 1463 483 in-

4 497 9 559 ⁸,
73 509 279 554 fidelibus
306 518 349 553 et
380 508 588 553 doctrinae
616 507 694 551 Dei
726 506 1052 561 resistentibus,
1083 516 1134 551 ut
1156 517 1464 554 convertantur

73 578 129 624 ad
151 582 293 624 Deum
307 613 319 634 ,
345 579 434 624 sive
456 593 535 637 pro
552 575 756 620 fidelibus
771 610 782 630 ‚
807 584 858 619 ut
881 585 1090 633 augeatur
1110 576 1155 620 in
1177 578 1236 621 eis
1259 577 1387 633 fides,
1420 588 1465 624 et

72 659 351 710 perseverent
372 651 418 693 in
439 665 505 694 ea.
529 652 633 693 Haec
650 649 814 708 quippe
836 663 926 692 non
949 648 1004 693 ab
1025 649 1118 708 ipso
1137 650 1331 708 accipere
1345 685 1357 705 ,
1388 651 1465 696 sed

9 719 11 727 ⁴
71 736 95 764 a
117 736 162 764 se
183 721 285 779 ipsis
302 720 499 764 homines
516 718 679 763 habere
696 718 993 773 contendunt,
1015 719 1196 777 gratiam
1210 720 1288 763 Dei
1303 736 1389 780 qua
1406 721 1463 764 li-

8 785 11 791 ’
69 791 277 835 beramur
307 791 363 835 ab
392 791 616 849 impietate
648 789 840 834 dicentes
868 790 1107 834 secundum
1135 791 1286 834 merita
1316 800 1464 836 nostra

69 860 176 905 dari.
197 861 323 914 Quod
337 861 515 920 quidem
534 860 733 919 Pelagius
749 861 795 904 in
810 860 1043 920 episcopali
1054 860 1218 920 judicio
1232 861 1463 906 Palaestino

5 981 7 987 Ι
66 931 262 976 damnari
283 941 481 975 metuens
495 965 506 985 ,
531 931 740 974 damnare
760 931 1011 990 compulsus
1032 940 1095 975 est
1116 951 1127 988 3
1150 931 1227 975 sed
1246 932 1291 976 in
1314 942 1463 991 poste-

67 1000 252 1044 rioribus
286 1001 372 1043 suis
403 1000 572 1059 scriptis
606 1001 690 1044 hoc
721 1001 943 1045 invenitur
973 999 1145 1045 docere.
1177 1003 1229 1044 In
1258 1000 1301 1045 id
1331 1002 1463 1046 etiam

67 1071 409 1128 progrediuntur·
426 1104 437 1124 ,
469 1079 520 1113 ut
547 1070 697 1114 dicant
721 1071 854 1114 vitam
872 1072 1089 1130 justorum
1119 1071 1166 1114 in
1187 1071 1272 1115 hoc
1301 1072 1462 1117 saeculo

7 1142 11 1154 ”
65 1139 240 1183 nullum
277 1139 457 1183 omnino
489 1139 651 1183 habere
679 1148 936 1197 peccatum,
973 1146 1016 1180 et
1046 1152 1098 1180 ex
1125 1139 1192 1181 his
1225 1141 1462 1185 Ecclesiam

66 1210 225 1254 Christi
243 1209 288 1252 in
309 1209 391 1253 hac
413 1208 679 1253 mortalitate
700 1207 881 1267 perfici,
904 1215 954 1249 ut
976 1207 1030 1250 sit
1052 1208 1232 1251 omnino
1253 1210 1345 1252 sine
1365 1226 1461 1254 ma-

14 1291 16 1293 ·
66 1278 166 1324 cula
191 1287 235 1322 et
266 1283 419 1336 ruga²‚
451 1280 573 1337 quasi
603 1295 693 1323 non
727 1279 780 1321 sit
810 1277 971 1321 Christi
997 1276 1214 1332 Ecclesia,
1246 1294 1346 1338 quae
1368 1289 1462 1326 toto

13 1339 17 1385 s
65 1359 286 1394 terrarum
308 1347 415 1393 orbe
436 1346 596 1391 clamat
626 1347 681 1391 ad
709 1350 881 1391 Deum:
910 1348 1129 1391 «Dimitte
1162 1349 1288 1392 nobis
1315 1349 1464 1396 debita

70 1439 89 1461 »
117 1420 332 1463 nostra3.»
358 1417 567 1462 Parvulos
590 1417 720 1462 etiam
738 1426 901 1475 negant
916 1452 928 1472 ,
952 1417 1195 1462 secundum
1210 1419 1352 1463 Adam
1369 1436 1463 1466 car-

65 1488 223 1533 naliter
250 1496 399 1542 natos,
434 1488 689 1545 contagium
717 1487 869 1531 mortis
900 1487 1092 1547 antiquae
1124 1487 1265 1547 prima
1298 1491 1460 1535 nativi-

65 1567 152 1603 tate
173 1559 446 1602 contrahere.
475 1558 544 1602 Sic
573 1559 689 1601 enim
711 1573 784 1602 eos
818 1558 910 1602 sine
931 1557 1025 1602 ullo
1046 1559 1213 1618 peccati
1240 1559 1459 1618 originalis

12 1655 14 1659 ·
65 1628 243 1674 vinculo
274 1637 471 1673 asserunt
490 1628 609 1672 nasci
637 1637 688 1672 ut
709 1643 885 1687 prorsus
906 1643 997 1672 non
1019 1629 1073 1672 sit
1099 1628 1224 1689 quod
1243 1630 1303 1673 eis
1325 1646 1458 1689 opor—

68 1708 156 1744 teat
178 1698 370 1743 secunda
392 1698 617 1742 nativitate
645 1698 806 1742 dimitti
833 1717 842 1743 :
873 1699 948 1742 sed
970 1714 1042 1742 eos
1063 1709 1293 1759 propterea
1313 1701 1459 1760 bapti-

66 1769 178 1823 zari,
203 1778 254 1813 ut
280 1768 612 1826 regeneratione
641 1767 837 1827 adoptati
870 1767 1158 1813 admittantur
1188 1768 1244 1814 ad
1274 1785 1457 1829 regnum

65 1839 176 1893 Dei,
211 1837 266 1882 de
297 1838 416 1882 bono
449 1838 496 1880 in
524 1836 679 1882 melius
707 1837 930 1890 translati,
960 1854 1050 1883 non
1072 1839 1154 1884 ista
1175 1841 1458 1886 renovatione

66 1908 122 1952 ab
145 1907 291 1967 aliquo
310 1907 426 1951 malo
449 1906 727 1966 obligationis
760 1909 916 1953 veteris
946 1909 1149 1954 absoluti.
1184 1913 1295 1956 Nam
1323 1913 1455 1957 etiam

65 1978 100 2022 si
120 1993 210 2021 non
230 1977 507 2035 baptizentur
524 2011 536 2032 ,
560 1977 823 2033 promittunt
844 1978 903 2022 eis
924 1987 1044 2023 extra
1066 1994 1251 2038 regnum
1272 1980 1452 2040 quidem

65 2048 173 2101 Dei,
207 2045 283 2090 sed
327 2055 475 2090 tamen
507 2054 716 2092 aeternam
757 2057 800 2092 et
834 2049 1008 2092 beatam
1042 2050 1279 2109 quamdam
1316 2051 1452 2095 vitam

66 2131 205 2161 suam.
232 2119 382 2174 Ipsum
412 2131 592 2175 quoque
626 2116 765 2160 Adam
798 2118 979 2173 dicunt,
1008 2119 1139 2163 etiam
1170 2121 1205 2164 si
1235 2135 1325 2165 non
1347 2136 1451 2180 pec-

22 2215 26 2244 2
66 2195 216 2239 casset,
249 2185 380 2229 fuisse
415 2200 597 2245 corpore
629 2186 918 2243 moriturum,
956 2204 1100 2249 neque
1132 2190 1193 2234 ita
1225 2200 1450 2236 mortuum

22 2250 26 2304 f
65 2257 219 2300 merito
241 2255 383 2315 culpae
400 2289 411 2311 ,
436 2256 512 2300 sed
534 2254 785 2300 conditione
818 2265 1001 2302 naturae.
1024 2259 1304 2319 Objiciuntur
1326 2261 1385 2306 eis
1406 2272 1451 2307 et

22 2333 28 2357 ·'
67 2327 149 2371 alia
177 2326 412 2381 nonnulla,
451 2326 528 2371 sed
552 2327 633 2371 ista
662 2336 763 2372 sunt
792 2329 1001 2385 maxime,
1026 2345 1077 2374 ex
1105 2332 1266 2391 quibus
1285 2332 1449 2377 intelli-

22 2427 29 2447 ‚1
68 2407 232 2456 guntur
260 2397 388 2441 etiam
424 2396 499 2441 illa
532 2396 601 2442 vel
624 2406 781 2442 cuncta
798 2432 810 2453 ,
835 2398 904 2442 vel
925 2414 1036 2459 pene
1059 2410 1218 2446 cuncta
1238 2403 1444 2462 pendere.

126 2470 240 2513 Ecce
257 2482 391 2528 quam
409 2466 571 2513 multas
592 2470 1026 2515 commemoravimus
1047 2472 1252 2529 haereses,
1274 2489 1355 2520 nec
1380 2483 1447 2519 ta—

115 2557 126 2575 ¹
150 2561 164 2585 1
185 2553 257 2584 Cor.
279 2562 347 2594 viu,
364 2563 393 2586 1.
409 2570 450 2577 —
465 2559 479 2576 ²
495 2553 610 2595 Ephes.
632 2565 665 2596 v,
682 2562 738 2596 27.
754 2571 795 2578 —
810 2552 825 2578 3
841 2554 960 2588 Matth.
983 2566 1034 2598 vr,
1055 2565 1104 2590 12.
