1729 3143
292 198 372 236 488
722 207 753 233 3.
793 208 1021 235 Ancus-nm
1055 211 1234 238 muscum

287 275 385 318 terit
408 288 484 332 per
505 274 749 316 flammeam
774 271 979 317 frameam
997 308 1007 328 ‚
1034 274 1079 319 id
1102 285 1163 320 est
1177 311 1188 331 ‚
1211 293 1288 337 per
1308 281 1561 338 temporales
1582 283 1663 326 tri-
1718 276 1729 318 1

284 343 528 387 bulationes
545 377 556 397 ,
581 358 656 386 sua
672 352 848 402 peccata
867 345 1169 403 cognoscendo
1187 356 1229 391 et
1247 348 1461 406 gemendo
1476 385 1487 405 ‚
1512 361 1554 395 et
1574 367 1663 398 non
1717 351 1729 389 Ἠ

276 417 366 473 jam
388 422 634 457 extraneam
657 423 856 458 naturam
873 450 884 469 ‚
909 431 1007 476 quae
1027 415 1147 460 nulla
1170 427 1259 473 est,
1285 417 1360 463 sed
1381 435 1425 463 se
1442 421 1582 479 ipsum
1599 429 1683 468 ac*

281 482 472 528 cusando
487 518 498 538 ‚
525 493 574 528 ut
595 484 686 543 ipse
708 486 878 529 veniam
899 496 1117 531 mereatur
1139 508 1150 543 3
1182 497 1224 532 et
1251 504 1327 547 per
1348 489 1664 548 plenitudinem
1722 510 1728 523 ⁸

281 554 471 598 scientiae
487 590 497 610 ‚
532 571 630 614 quae
665 565 728 600 est
749 556 960 611 charitas,
988 556 1210 615 diligendo
1236 561 1375 603 Deum
1397 595 1408 614 ‚
1440 561 1515 619 qui
1536 578 1665 622 supra
1722 581 1729 589 ’

281 625 427 671 omnia
448 635 511 670 est
532 626 900 672 incommutabilis
916 663 926 683 ‚
952 637 995 672 et
1016 628 1236 687 diligendo
1259 645 1309 673 ex
1331 640 1423 675 toto
1442 632 1572 676 corde
1587 668 1598 688 ,
1623 643 1666 678 et
1720 632 1729 665 ¹:

280 712 329 741 ex
356 706 446 741 tota
471 697 614 742 anima
628 733 639 752 ‚
665 707 708 742 et
729 713 781 742 ex
804 707 894 742 tota
916 708 1063 743 mente
1083 719 1091 744 ι
1113 709 1156 743 et
1177 699 1400 759 diligendo
1420 704 1665 761 proximum

279 777 447 812 tantam
473 782 517 811 se
538 768 706 827 ipsum,
732 769 955 827 perveniet
975 770 1030 814 ad
1052 771 1251 815 arborem
1270 772 1369 816 vitae
1383 807 1393 827 ,
1419 781 1463 817 et
1482 774 1600 819 vivet
1619 775 1665 818 in
1726 786 1729 788 “

278 847 507 882 aetesnum.

1720 648 1729 673 L

1721 702 1729 743 i

1722 791 1729 813 t

1724 851 1729 869 v

338 911 477 953 XLII.
506 909 622 961 Quid
645 909 808 952 habent
830 922 931 965 ergo
961 908 1057 962 isti,
1091 908 1210 968 quod
1241 909 1286 952 in
1313 910 1380 954 his
1403 910 1555 956 litteris
1576 915 1666 957 Ve-
1724 936 1729 952 ι.

280 980 379 1024 teris
415 979 678 1023 Testamenti
716 978 1075 1036 reprehendant?
1114 981 1391 1038 Interrogent
1425 980 1667 1027 secundum
1725 982 1729 1023 1

279 1065 445 1095 morem
481 1064 638 1103 suum,
682 1057 724 1092 et
757 1048 1092 1105 respondeamus
1125 1049 1235 1093 sicut
1263 1051 1474 1095 Dominus
1504 1052 1666 1098 donare

278 1121 498 1180 dignatur.
537 1123 680 1173 Quare
713 1118 816 1164 fecit
849 1122 964 1163 Deus
987 1120 1206 1164 hominem
1230 1156 1240 1174 ‚
1271 1121 1507 1181 inquiunt,
1533 1139 1665 1183 quem
1728 1161 1729 1165 ,

278 1201 559 1251 peccaturum
583 1192 773 1235 sciebat?
799 1192 909 1244 Quia
931 1201 973 1235 et
995 1191 1049 1235 de
1071 1201 1278 1250 peccante
1300 1192 1437 1236 multa
1460 1194 1576 1239 bona
1600 1195 1666 1239 sa-

277 1278 374 1307 cere
397 1270 592 1321 poterat,
622 1261 826 1305 ordinans
850 1276 950 1305 eum
968 1262 1209 1305 secundum
1234 1262 1515 1306 moderamen
1537 1265 1665 1323 justi-

278 1335 349 1378 tiae
373 1347 461 1377 suae
478 1367 489 1387 ‚
515 1342 558 1376 et
579 1332 680 1390 quia
703 1330 812 1374 nihil
834 1331 986 1375 oberat
1006 1335 1096 1375 Deo
1115 1334 1344 1389 peccatum
1367 1334 1457 1392 ejus
1479 1353 1486 1377 :
1513 1343 1556 1378 et
1576 1334 1665 1379 sive

277 1419 366 1448 non
399 1413 597 1462 peccaret
615 1437 625 1456 ,
652 1416 766 1445 mors
788 1400 910 1445 nulla
932 1410 1041 1445 esset
1063 1421 1070 1445 :
1097 1402 1184 1444 sive
1206 1401 1308 1461 quia
1329 1403 1524 1461 peccavit
1541 1438 1552 1458 ‚
1591 1403 1662 1448 ah'i

276 1472 480 1519 mortales
503 1472 558 1517 de
586 1481 764 1531 peccato
795 1472 885 1530 ejus
918 1472 1210 1530 corriguntur.
1236 1471 1354 1517 Nihil
1376 1473 1491 1516 enim
1512 1473 1570 1518 sic
1591 1489 1662 1518 re-

275 1554 401 1590 vocat
432 1544 630 1590 homines
668 1559 692 1587 a
730 1552 908 1602 peccato
931 1578 941 1597 ,
988 1542 1360 1603 quemadmodum
1398 1544 1663 1590 imminentis

275 1616 426 1661 mortis
447 1615 665 1673 cogitatio.
695 1615 762 1659 Sic
781 1629 879 1658 eum
901 1613 1063 1658 faceret
1081 1649 1092 1667 ‚
1118 1614 1326 1674 inquiunt
1343 1649 1354 1668 ‚
1379 1624 1430 1658 ut
1450 1631 1539 1660 non
1560 1630 1663 1674 pec-

277 1696 408 1731 caret.
433 1690 528 1730 Imo
550 1686 640 1746 ipse
657 1686 741 1730 hoc
758 1685 921 1729 faceret
940 1706 951 1741 3
981 1685 1040 1729 sic
1058 1686 1174 1729 enim
1192 1684 1331 1730 factus
1349 1694 1441 1740 est,
1465 1695 1516 1730 ut
1533 1686 1566 1730 si
1583 1701 1663 1731 no-

277 1759 451 1811 luisset,
477 1772 567 1802 non
590 1765 804 1815 peccaret.
829 1759 926 1801 Non
951 1755 1253 1800 admitteretur
1269 1790 1280 1810 ‚
1309 1756 1517 1815 inquiunt
1534 1791 1545 1812 ,
1567 1757 1662 1801 dia-

277 1829 403 1872 bolus
439 1826 493 1871 ad
525 1829 615 1887 ejus
647 1826 890 1870 mulierem.
918 1829 1012 1871 Imo
1034 1827 1123 1885 ipsa
1140 1826 1196 1869 ad
1217 1841 1260 1869 se
1280 1825 1506 1870 diabolum
1523 1861 1535 1882 ,
1571 1843 1662 1872 non

277 1900 525 1943 admitteret
544 1919 555 1955 ·‚
578 1898 636 1942 sic
658 1897 774 1941 eni‘m
805 1896 921 1941 facta
943 1905 1006 1941 est
1023 1931 1034 1951 ‚
1071 1906 1122 1940 ut
1148 1897 1180 1939 si
1210 1895 1418 1940 noluisset
1435 1931 1446 1951 ‚
1469 1912 1560 1941 non
1581 1897 1660 1942 ad-

278 1970 481 2013 mitteret.
512 1971 611 2013 Non
638 1967 761 2011 fieret
777 2001 788 2018 ,
814 1967 1049 2027 inquiunt,
1081 1965 1252 2010 mulier.
1285 1969 1379 2011 Hoc
1403 1976 1466 2012 est
1487 1967 1630 2012 dicere
1646 2002 1658 2024 ,

275 2055 365 2083 non
400 2040 522 2083 fieret
554 2039 721 2082 bonum
745 2057 752 2082 :
778 2038 880 2098 quia
903 2047 945 2082 et
974 2038 1065 2097 ipsa
1098 2038 1251 2097 utique
1284 2036 1462 2098 aliquod
1492 2039 1660 2083 bonum

276 2121 365 2165 est,
391 2120 434 2154 et
464 2119 635 2155 tantum
658 2110 850 2163 bonum,
890 2117 940 2152 ut
972 2107 1204 2168 Apostolus
1236 2124 1331 2152 eam
1365 2109 1543 2166 gloriam
1578 2109 1660 2153 viri

275 2197 363 2226 esse
385 2180 527 2237 dicat3
555 2190 597 2224 et
619 2180 765 2224 omnia
788 2194 839 2223 ex
861 2182 950 2224 Deo
965 2182 996 2224 1.
1024 2182 1188 2223 Iterum
1211 2178 1363 2223 dicunt
1390 2198 1398 2223 :
1429 2179 1532 2232 Quis
1558 2179 1659 2223 fecit

276 2251 528 2296 diabolum?
553 2253 604 2295 Se
623 2251 742 2310 ipse3
768 2265 857 2294 non
885 2250 997 2293 enim
1021 2259 1174 2293 natura
1192 2285 1202 2305 ,
1228 2249 1303 2293 sed
1319 2250 1541 2308 peccando
1563 2248 1657 2293 dia-

278 2321 400 2366 bolus
428 2322 568 2365 factus
589 2329 666 2365 est.
690 2319 770 2364 Vel
794 2321 935 2379 ipsum
955 2355 965 2375 ,
992 2320 1143 2374 aiunt,
1167 2335 1257 2363 non
1281 2318 1439 2364 faceret
1462 2323 1598 2374 Deus,
1623 2320 1656 2363 si

277 2408 375 2436 eum
398 2401 678 2451 peccaturum
702 2407 791 2436 esse
818 2391 1005 2446 sciebat,
1043 2394 1161 2445 Imo,
1187 2405 1320 2450 quare
1348 2406 1437 2434 non
1464 2390 1652 2445 faceret,

277 2478 374 2506 cum
398 2478 474 2521 per
498 2477 619 2507 suam
633 2462 843 2522 justitiam
866 2471 909 2506 et
931 2460 1249 2521 providentiam
1276 2460 1436 2507 multos
1457 2459 1511 2505 de
1529 2458 1654 2505 mali—

328 2553 335 2567 ¹
364 2557 374 2576 1
394 2548 464 2578 Cor.
487 2558 520 2578 11.
538 2547 567 2578 3.
