1729 3143
553 180 761 210 ADVERSUS
792 182 966 210 JUDAEOS.
1366 176 1448 213 273

77 248 206 294 vultis
220 282 231 304 ‚
251 247 305 292 ad
326 248 437 293 hanc
450 248 719 308 pertinebitis
734 283 745 303 ,
764 264 897 306 quam
918 248 1109 306 vocavit3
1127 248 1200 293 illa
1221 250 1420 296 carebitis
1435 287 1446 307 ‚

76 334 208 380 quam
229 317 405 363 dimisit.
429 321 522 363 Lux
539 320 700 379 quippe
717 318 889 362 Domini
907 354 918 373 ,
936 319 982 363 in
1001 335 1088 379 qua
1105 319 1332 365 ambulant
1344 336 1452 380 gen-

76 398 156 445 tes,
171 388 245 434 illa
263 399 326 435 est
341 390 396 434 de
408 405 494 450 qua
507 388 624 433 idem
639 388 855 447 Propheta
872 387 979 433 dicit
996 408 1005 434 2
1026 408 1045 431 «
1062 390 1170 434 Dedi
1186 399 1228 435 te
1249 391 1295 435 in
1310 391 1454 436 lucem

78 477 100 501 »
126 461 346 520 gentium,
380 469 431 504 ut
454 460 508 503 sis
529 458 642 503 salus
664 472 760 502 mea
792 473 931 517 usque
962 459 1009 503 in
1038 461 1145 504 fines
1177 464 1346 506 terrae¹.
1371 463 1455 508 Cui

74 530 159 576 hoc
180 532 346 575 dictum
362 539 446 585 est,
476 530 555 574 nisi
576 529 783 575 Christo?
806 532 867 573 De
889 544 978 589 quo
1000 530 1229 590 impletum
1251 542 1316 578 est
1329 569 1340 590 ,
1375 533 1456 578 nisi

74 600 129 645 de
151 601 352 646 Christo?
368 603 466 647 Non
492 609 555 645 est
577 600 657 645 ista
681 599 757 644 lux
779 600 826 644 in
848 599 969 644 vobis
988 635 999 655 ‚
1025 600 1079 644 de
1109 602 1268 661 quibus
1297 603 1457 649 identi-

74 671 174 716 dem
197 673 366 718 dictum
386 681 449 718 est
469 692 479 718 :
509 671 671 717 «Dedit
690 671 773 717 illis
798 675 912 717 Deus
934 672 1132 732 spiritum
1152 677 1457 735 compunctio-

75 760 97 784 »
123 744 188 788 nis
207 765 218 801 3
242 744 412 799 oculos,
437 753 488 788 ut
508 759 598 789 non
614 741 792 789 videant
811 779 822 799 ,
843 753 887 788 et
909 759 1054 800 aures,
1078 753 1128 789 ut
1145 760 1234 790 non
1251 745 1456 803 audiant,

74 829 96 853 »
121 829 258 875 usque
274 815 320 858 in
332 813 594 859 hodiernum
615 813 732 858 diem
745 817 779 858 2.
794 831 814 855 »
835 816 933 860 Non
950 824 1032 870 est,
1047 815 1244 875 inquam,
1269 818 1315 861 in
1336 818 1459 863 vobis

72 884 167 929 haec
197 884 305 930 lux:
335 885 433 929 ideo
468 885 601 930 nimia
631 885 821 930 caecitate
855 884 1046 944 lapidem
1078 888 1319 947 reprobatis
1337 924 1347 944 ,
1383 890 1460 949 qui

72 954 214 1000 faetus
239 965 304 1000 est
329 955 376 999 in
404 964 536 1014 caput
567 955 727 1013 anguli.
757 958 873 1014 Ergo
915 975 935 998 «
953 956 1157 1003 Accedite
1181 958 1236 1004 ad
1260 975 1361 1004 eum
1380 995 1392 1015 ‚
1419 969 1463 1004 et

76 1043 97 1067 »
120 1024 470 1070 illuminamini?
493 1043 513 1067 n
550 1026 666 1079 Quid
694 1035 785 1081 est,
816 1044 832 1065 «
853 1027 1080 1083 Accedite,
1097 1046 1118 1070 »
1141 1030 1245 1085 nisi,
1266 1030 1462 1075 credite?

73 1098 172 1149 Quo
194 1096 309 1140 enim
331 1096 435 1140 eatis
450 1130 461 1150 ,
486 1104 536 1139 ut
560 1095 615 1139 ad
637 1111 737 1139 eum
762 1095 999 1152 accedatis;
1021 1113 1122 1141 cum
1143 1099 1217 1143 ille
1240 1100 1294 1144 sit
1320 1100 1429 1159 lapis
1446 1134 1458 1155 ‚

0 1172 7 1214 ‚i
74 1165 128 1210 de
142 1181 231 1226 quo
245 1165 396 1210 Daniel
409 1166 618 1225 propheta
637 1165 765 1220 dicit,
786 1165 907 1225 quod
924 1169 1157 1212 crescendo
1171 1177 1262 1213 tam
1278 1185 1460 1228 magnus

4 1228 8 1235 *¹
75 1251 199 1280 mons
217 1235 356 1281 factus
373 1236 426 1280 sit
441 1271 452 1291 ‚
477 1244 526 1280 ut
540 1235 740 1296 impleret
757 1236 1002 1280 universam
1016 1236 1171 1281 faciem
1189 1242 1372 1284 terrae4?
1392 1241 1460 1285 Sic

76 1307 192 1351 enim
224 1315 266 1351 et
295 1314 442 1366 gentes
474 1322 574 1366 quae
607 1305 759 1350 dicunt
788 1324 797 1349 ε
838 1307 1032 1350 «Venite
1054 1342 1065 1362 ‚
1098 1309 1378 1354 ascendamus
1415 1311 1462 1353 in

79 1394 100 1418 »
121 1385 315 1421 montem
337 1375 558 1430 Domini⁵‚
580 1395 598 1417 »
623 1389 836 1435 nusquam
859 1383 1071 1421 terrarum
1089 1392 1267 1436 pergere
1294 1389 1337 1424 et
1360 1395 1460 1439 per-

0 1453 9 1493 ἶ
77 1447 224 1492 venire
254 1445 541 1491 contendunt.
583 1445 667 1489 Ubi
695 1454 821 1499 sunt,
848 1444 910 1488 ibi
945 1445 1185 1491 ascendunt
1220 1467 1229 1491 :
1269 1450 1371 1508 quia
1412 1450 1459 1494 in

78 1518 197 1563 omni
222 1517 318 1562 loco
353 1516 611 1561 sacrificium
643 1516 826 1560 offertur
859 1515 1100 1560 secundum
1123 1516 1322 1563 ordinem
1344 1520 1458 1566 Mel-

13 1593 15 1603 '
78 1587 323 1632 chisedech.
349 1590 405 1631 Et
435 1586 547 1631 sicut
579 1584 686 1630 alius
721 1586 937 1645 Propheta
966 1586 1071 1631 dicit
1095 1607 1104 1631 ;
1143 1606 1164 1630 «
1190 1590 1460 1636 Exterminat

14 1657 16 1671 ¹
83 1675 103 1699 »
127 1661 242 1702 Deus
265 1672 414 1702 omnes
436 1656 539 1700 deos
561 1656 755 1714 gentium
776 1665 926 1711 terrae,
947 1665 991 1700 et
1006 1655 1188 1702 adorant
1206 1674 1305 1704 eum
1322 1676 1458 1705 unus-

79 1745 100 1770 »
126 1729 309 1788 quisque
326 1727 493 1772 deloco
516 1742 594 1771 suo
608 1729 639 1770 ⁶.
662 1744 682 1767 »
708 1728 821 1772 Cum
843 1741 946 1786 ergo
967 1726 1090 1772 vobis
1117 1729 1276 1774 dicitur
1298 1750 1306 1775 :
1336 1750 1355 1774 «
1373 1736 1458 1777 Ac-

15 1793 19 1800 '
79 1815 102 1840 »
127 1797 266 1842 cedite
288 1797 343 1842 ad
360 1812 460 1841 eum
482 1817 490 1841 2
516 1816 533 1838 »
554 1812 644 1841 non
659 1797 783 1841 vobis
805 1796 964 1841 dicitur
985 1816 994 1841 ι
1014 1800 1150 1843 Naves
1172 1809 1247 1845 aut
1261 1802 1459 1860 jumenta

77 1877 342 1928 praeparate,
364 1876 407 1911 et
426 1868 575 1911 vestris
591 1867 775 1911 victimis
797 1877 987 1922 onerate,
1014 1877 1056 1912 et
1073 1868 1127 1912 de
1144 1878 1233 1915 tam
1248 1870 1459 1932 loginquo

78 1940 245 1999 pergite
281 1939 337 1983 ad
365 1938 512 1983 locum
529 1973 541 1993 ,
566 1938 643 1981 uhi
671 1941 785 1982 Deus
815 1938 1018 1982 sacrificia
1044 1949 1195 1984 vestrae
1217 1941 1459 1988 devotionis

14 2003 21 2019 '³
77 2018 275 2069 acceptet
297 2028 306 2054 ;
335 2008 427 2064 sed,
462 2007 655 2054 accedite
688 2009 743 2054 ad
769 2024 894 2064 eum,
932 2010 1008 2069 qui
1037 2011 1082 2053 in
1109 2013 1258 2056 vestris
1279 2014 1458 2058 auribus

21 2068 23 2083 ¹
80 2081 341 2141 praedicatur
374 2100 384 2125 ε
419 2081 610 2125 accedite
636 2080 692 2124 ad
721 2097 847 2135 eum⁷
878 2083 953 2141 qui
987 2091 1085 2126 ante
1119 2083 1264 2128 oculos
1297 2095 1458 2131 vestros

23 2179 25 2192 .
82 2153 362 2211 glorificatur.
398 2150 677 2196 Ambulando
703 2167 794 2196 non
821 2151 1070 2197 laborabitis
1092 2173 1099 2197 z
1121 2154 1183 2197 ibi
1205 2156 1319 2199 enim
1337 2172 1457 2202 acce-

18 2227 21 2234 '
81 2222 180 2267 ditis
197 2258 207 2277 ,
230 2222 307 2266 ubi
324 2220 511 2265 creditis.

139 2294 236 2336 XV.
273 2295 396 2346 Haec,
429 2291 677 2353 charissimi,
703 2291 789 2334 sive
812 2300 1029 2349 gratanter
1045 2327 1055 2346 ‚
1080 2294 1166 2337 sive
1184 2295 1459 2354 indignanter

83 2361 263 2407 audiant
280 2365 301 2406 J
310 2362 422 2406 udaei
438 2398 448 2419 ‚
467 2377 545 2406 nos
568 2371 713 2405 tamen
735 2361 811 2404 ubi
834 2377 1075 2420 possumus,
1094 2380 1192 2408 cum
1221 2381 1371 2410 eorum
1390 2368 1458 2412 di-

129 2471 137 2487 ¹
162 2466 234 2497 Isai-
265 2475 357 2506 ηις,
376 2464 408 2495 G.
429 2482 469 2487 —
487 2472 498 2487 ²
518 2466 607 2497 Rom.
629 2475 683 2502 ιι,
706 2467 748 2504 8,
772 2469 803 2496 et
827 2465 930 2503 Dela,
955 2477 1009 2497 seu
1032 2467 1137 2498 Florus
1151 2492 1159 2508 ,
1184 2468 1262 2501 ibid.
1284 2488 1323 2494 ·-
1345 2470 1358 2494 3
1377 2473 1455 2505 Pgsd,

83 2533 197 2564 xxxin,
211 2523 246 2555 6.
268 2539 308 2544 —
324 2520 339 2551 4
359 2523 435 2553 Dan.
451 2532 488 2561 ιι,
509 2521 560 2553 35.
579 2538 614 2544 -
637 2520 738 2553 ⁵1sai.
760 2533 795 2562 ιι,
819 2522 847 2553 3.
867 2539 906 2545 --
921 2520 936 2544 6
955 2523 1091 2565 Sopixoii.
1116 2535 1149 2564 ιι,
1173 2536 1220 2556 11.

223 2586 409 2616 cxxxiv.
1229 2581 1277 2618 13
