1729 3143
233 174 316 211 276
662 182 695 209 s.
732 183 959 210 AUGUSTIM
993 183 1171 210 Emscom

228 257 369 293 temur·
385 284 396 303 ‚
420 263 521 293 nam
544 257 585 291 et
607 247 688 291 hoc
709 261 864 305 negare
883 246 1137 306 sacrilegum
1159 256 1222 292 est
1235 282 1246 302 ,
1271 257 1321 292 ut
1341 249 1466 294 bonis
1488 265 1600 310 prae-

226 320 325 374 mia,
345 321 404 364 ita
425 317 632 377 supplicia
653 317 775 361 malis
796 318 948 362 tribuit
969 337 979 363 ι
1003 335 1103 379 quae
1124 318 1276 378 utique
1293 320 1501 379 supplicia
1523 337 1599 381 pa-

227 390 432 434 tientibus
454 388 565 432 mala
592 397 707 433 sunt.
741 389 1032 442 Quamobrem
1057 389 1092 434 si
1123 404 1252 434 nemo
1273 389 1431 450 injuste
1452 407 1600 450 poenas

223 460 329 514 luit,
355 458 473 519 quod
504 474 676 504 neeesse
702 469 764 504 est
798 459 1048 515 credamus,
1076 459 1434 520 quandoquidem
1457 460 1602 506 divina

222 530 493 590 providentia
521 532 603 576 hoc
635 531 884 576 universum
916 532 1007 591 regi
1041 531 1284 586 credimus,
1322 530 1437 576 illius
1474 531 1602 591 primi

221 601 387 658 generis
406 601 621 646 malorum
643 601 765 647 nullo
789 602 920 647 modo
936 638 947 658 ‚
971 603 1101 662 hujus
1125 611 1271 646 autem
1292 601 1472 647 secundi
1499 617 1603 646 auc-

219 669 288 716 tor
316 681 379 717 est
406 675 533 717 Deus.
573 676 624 717 E.
661 676 738 717 Est
766 688 866 731 ergo
889 672 998 718 alius
1020 683 1170 719 auctor
1193 673 1310 718 illius
1328 672 1456 729 mali,
1481 674 1603 733 cujus

217 746 359 789 Deum
380 759 470 789 non
491 760 580 789 esse
602 754 874 804 compertum
897 747 991 789 est?
1013 748 1065 790 A.
1095 748 1173 789 Est
1199 754 1316 790 certe
1342 763 1351 789 :
1376 759 1466 789 non
1488 744 1603 787 enim

218 814 340 860 nullo
363 826 538 861 auctore
567 817 660 860 fieri
687 825 846 876 posset.
884 815 927 861 Si
956 825 1101 861 autem
1123 816 1281 877 quaeris
1304 815 1503 876 quisnam
1525 815 1603 858 iste

217 886 272 931 sit
287 922 298 942 ‚
318 886 403 931 dici
425 902 514 932 non
535 895 706 946 potest3
727 902 817 931 non
834 887 951 930 enim
973 902 1086 930 unus
1106 886 1260 945 aliquis
1278 895 1343 929 est
1357 920 1368 939 ‚
1394 885 1604 943 sed-quis-

217 973 304 1017 que
326 957 465 1003 malus
487 958 553 1002 sui
571 956 789 1001 malefacti
806 966 958 1001 auctor
981 965 1058 1000 est.
1081 955 1207 1000 Unde
1225 955 1259 999 si
1275 955 1472 1010 dubitas,
1492 953 1605 998 illud

217 1028 393 1074 attende
415 1045 504 1089 quo
520 1044 649 1088 supra
672 1029 840 1073 dictum
861 1038 951 1073 est:
975 1026 1206 1073 Malefacta
1218 1026 1385 1088 justitia
1406 1026 1484 1071 Dei
1513 1026 1605 1071 vin·

213 1099 362 1144 dicari.
405 1102 504 1146 Non
534 1100 651 1143 enim
683 1100 800 1158 juste
828 1098 1188 1155 vindicarentur,
1224 1098 1306 1143 nisi
1338 1099 1494 1142 fierent
1521 1112 1603 1142 vo-

215 1171 401 1216 luntate.

274 1246 334 1287 ΙΙ.
364 1244 417 1286 Ε.
444 1240 598 1287 Nescio
619 1249 768 1286 utrum
791 1242 1023 1302 quisquam
1039 1251 1212 1302 peccet,
1237 1241 1315 1302 qui
1331 1256 1421 1286 non
1440 1239 1604 1284 didice-

215 1315 271 1358 rit
296 1333 306 1359 :
331 1312 454 1374 quod
475 1313 509 1357 si
532 1328 686 1357 verum
716 1321 808 1367 est,
840 1312 1040 1372 quisnam
1070 1314 1123 1356 sit
1154 1311 1228 1355 ille
1263 1326 1287 1355 a
1314 1326 1403 1370 quo
1424 1325 1603 1370 peccare

213 1384 493 1429 didicerimus
510 1418 521 1437 ,
544 1383 732 1443 inquiro.
757 1386 810 1427 A.
838 1381 1015 1442 Aliquid
1042 1381 1148 1426 boni
1170 1381 1382 1425 existimas
1404 1396 1493 1425 esse
1513 1381 1602 1425 dis-

213 1455 451 1515 ciplinam?
473 1456 525 1498 E.
551 1454 657 1507 Quis
677 1453 836 1497 audeat
850 1452 994 1497 dicere
1012 1451 1178 1496 malum
1201 1466 1290 1496 esse
1312 1451 1599 1511 disciplinam.

213 1529 265 1571 A.
292 1525 409 1580 Quid
425 1524 459 1569 si
481 1539 561 1569 nec
578 1524 744 1569 bonum
762 1539 842 1569 nec
861 1523 1027 1568 malum
1049 1525 1141 1568 est?
1159 1524 1211 1568 Ε.
1235 1523 1343 1568 Mihi
1359 1523 1525 1568 bonum
1542 1522 1603 1566 vi·

212 1598 356 1642 detur.
382 1599 434 1642 A.
460 1598 578 1640 Bene
600 1611 729 1640 sane:
754 1596 786 1639 si
808 1595 988 1656 quidem
1016 1594 1193 1640 scientia
1220 1609 1298 1654 per
1324 1593 1443 1639 illam
1473 1593 1603 1638 datur

213 1677 289 1713 aut
311 1668 546 1722 excitatur,
572 1682 652 1711 nec
673 1666 905 1726 quisquam
934 1666 1015 1710 nisi
1038 1681 1115 1725 per
1137 1664 1411 1725 disciplinam
1436 1662 1603 1724 aliquid

213 1741 341 1786 discit
366 1759 375 1785 :
400 1755 456 1784 an
482 1749 532 1784 tu
560 1739 684 1783 aliter
703 1739 865 1797 putas?
886 1739 938 1782 Ε.
967 1739 1061 1796 Ego
1083 1752 1160 1796 per
1181 1735 1458 1796 disciplinam
1485 1750 1602 1780 non-

214 1813 295 1857 nisi
322 1812 439 1857 hona
470 1810 575 1856 disci
606 1809 806 1853 arbitror.
834 1811 886 1852 A.
912 1807 1025 1852 'Vide
1051 1822 1154 1866 ergo
1176 1822 1232 1850 ne
1260 1821 1351 1850 non
1382 1806 1603 1850 discantur

215 1883 329 1929 mala
350 1903 359 1928 ε
390 1897 490 1927 nam
519 1880 744 1941 disciplina
762 1915 773 1935 ‚
804 1879 887 1924 nisi
908 1894 933 1923 a
956 1878 1163 1923 discendo
1193 1892 1284 1922 non
1302 1876 1417 1921 dicta
1440 1886 1519 1921 est.
1546 1879 1598 1921 E.

216 1956 343 2001 ‘Unde
363 1969 468 2014 ergo
484 1952 539 1998 ab
559 1953 735 1998 homine
751 1952 887 2006 fiunt,
913 1950 946 1994 si
963 1965 1053 1995 non
1072 1948 1332 1993 discuntur?
1351 1952 1403 1992 A.
1430 1949 1495 1992 Eo
1512 1946 1603 1992 for-

214 2037 325 2074 tasse
364 2026 487 2089 quod
521 2040 564 2071 se
601 2041 625 2070 a
661 2023 886 2084 disciplina
902 2057 913 2079 ‚
947 2022 991 2066 id
1028 2031 1091 2066 est
1107 2057 1119 2077 ‚
1155 2037 1178 2065 a
1209 2019 1416 2065 discendo
1450 2019 1604 2064 avertit

215 2110 347 2161 atque
370 2098 585 2144 abalienat
607 2116 615 2142 :
639 2095 714 2142 sed
732 2096 819 2141 sive
835 2096 919 2140 hoc
932 2130 947 2150 ,
973 2094 1060 2138 sive
1079 2092 1198 2137 aliud
1216 2092 1382 2152 aliquid
1395 2092 1470 2147 sit,
1494 2090 1603 2135 illud

214 2181 332 2216 certe
354 2169 634 2215 manifestum
656 2176 719 2212 est
736 2166 947 2228 quoniam
964 2163 1194 2224 disciplina
1214 2164 1379 2208 bonum
1395 2171 1457 2207 est
1474 2197 1485 2218 ‚
1519 2170 1563 2206 et
1579 2176 1603 2205 a

214 2242 423 2289 discendo
460 2241 575 2287 dicta
611 2249 674 2285 est
706 2239 936 2299 disciplina
954 2273 965 2293 ,
1006 2236 1120 2281 mala
1157 2235 1263 2280 disci
1295 2234 1475 2279 omnino
1513 2249 1604 2278 non

212 2331 350 2373 posse.
385 2315 428 2360 Si
451 2313 567 2359 enim
591 2312 843 2366 discuntur,
875 2307 1103 2368 disciplina
1138 2307 1445 2356 continentur.
1472 2314 1603 2364 atque

213 2385 270 2429 ita
286 2385 512 2445 disciplina
527 2400 614 2429 non
634 2385 714 2428 erit
731 2384 917 2427 bonum:
941 2390 1004 2425 est
1021 2388 1182 2431 autem,
1205 2386 1254 2420 ut
1270 2378 1361 2436 ipse
1378 2375 1597 2422 concedis:

214 2472 303 2500 non
331 2459 459 2514 igitur
489 2457 716 2501 discuntur
748 2455 860 2499 mala
878 2489 889 2509 ‚
917 2461 960 2497 et
992 2450 1150 2495 frustra
1180 2447 1304 2492 illum
1328 2465 1350 2492 a
1373 2464 1461 2509 quo
1489 2446 1601 2491 male

215 2527 357 2573 facere
380 2527 581 2573 discimus
598 2563 608 2575 ,
633 2527 790 2588 quaeris
811 2545 821 2571 ε
846 2535 925 2571 aut
947 2523 983 2568 si
1005 2521 1231 2568 discuntur
1253 2519 1392 2575 mala,
1422 2518 1600 2564 vitanda
