<?xml version="1.0" encoding="UTF-8"?>
<!DOCTYPE html PUBLIC "-//W3C//DTD XHTML 1.0 Transitional//EN"
    "http://www.w3.org/TR/xhtml1/DTD/xhtml1-transitional.dtd">
<html xmlns="http://www.w3.org/1999/xhtml" xml:lang="en" lang="en">
 <head>
  <title>
</title>
<meta http-equiv="Content-Type" content="text/html;charset=utf-8" />
  <meta name='ocr-system' content='tesseract 3.04.00' />
  <meta name='ocr-capabilities' content='ocr_page ocr_carea ocr_par ocr_line ocrx_word'/>
</head>
<body>
  <div class='ocr_page' id='page_1' title='image "./operaomniaaccura27auguuoft/operaomniaaccura27auguuoft_0191.png"; bbox 0 0 1729 3143; ppageno 0'>
   <div class='ocr_carea' id='block_1_1' title="bbox 0 701 28 2828">
    <p class='ocr_par' dir='ltr' id='par_1_1' title="bbox 0 701 28 2828">
     <span class='ocr_line' id='line_1_1' title="bbox 0 701 28 2828; baseline 0 0"><span class='ocrx_word' id='word_1_1' title='bbox 0 701 28 2828; x_wconf 95' lang='lat' dir='ltr'> </span> 
     </span>
    </p>
   </div>
   <div class='ocr_carea' id='block_1_2' title="bbox 521 186 1490 226">
    <p class='ocr_par' dir='ltr' id='par_1_2' title="bbox 521 186 1490 226">
     <span class='ocr_line' id='line_1_2' title="bbox 521 186 1490 226; baseline 0.005 -6"><span class='ocrx_word' id='word_1_2' title='bbox 521 193 575 220; x_wconf 78' lang='lat' dir='ltr'>DE</span> <span class='ocrx_word' id='word_1_3' title='bbox 605 193 804 222; x_wconf 73' lang='lat' dir='ltr'>TEMPORE</span> <span class='ocrx_word' id='word_1_4' title='bbox 835 189 1082 222; x_wconf 66' lang='lat' dir='ltr'>maniaco.</span> <span class='ocrx_word' id='word_1_5' title='bbox 1405 186 1490 226; x_wconf 83' lang='lat'>179</span> 
     </span>
    </p>
   </div>
   <div class='ocr_carea' id='block_1_3' title="bbox 104 257 1496 953">
    <p class='ocr_par' dir='ltr' id='par_1_3' title="bbox 104 257 1496 953">
     <span class='ocr_line' id='line_1_3' title="bbox 107 257 1491 317; baseline 0.004 -15"><span class='ocrx_word' id='word_1_6' title='bbox 107 266 194 311; x_wconf 86' lang='lat' dir='ltr'>tre,</span> <span class='ocrx_word' id='word_1_7' title='bbox 226 265 443 317; x_wconf 90' lang='lat' dir='ltr'>quantum</span> <span class='ocrx_word' id='word_1_8' title='bbox 469 257 525 301; x_wconf 93' lang='lat' dir='ltr'>de</span> <span class='ocrx_word' id='word_1_9' title='bbox 547 267 591 302; x_wconf 89' lang='lat' dir='ltr'>te</span> <span class='ocrx_word' id='word_1_10' title='bbox 617 267 744 302; x_wconf 86' lang='lat' dir='ltr'>antea</span> <span class='ocrx_word' id='word_1_11' title='bbox 771 259 1094 317; x_wconf 74' lang='lat' dir='ltr'><strong>praesumpseris</strong></span> <span class='ocrx_word' id='word_1_12' title='bbox 1119 274 1129 302; x_wconf 91' lang='lat'>:</span> <span class='ocrx_word' id='word_1_13' title='bbox 1153 271 1254 302; x_wconf 86' lang='lat' dir='ltr'>ecce</span> <span class='ocrx_word' id='word_1_14' title='bbox 1285 272 1403 304; x_wconf 91' lang='lat' dir='ltr'>nunc</span> <span class='ocrx_word' id='word_1_15' title='bbox 1424 270 1491 306; x_wconf 85' lang='lat' dir='ltr'>ter</span> 
     </span>
     <span class='ocr_line' id='line_1_4' title="bbox 106 326 1487 388; baseline 0.004 -18"><span class='ocrx_word' id='word_1_16' title='bbox 106 326 324 386; x_wconf 80' lang='lat' dir='ltr'>negando,</span> <span class='ocrx_word' id='word_1_17' title='bbox 351 327 464 386; x_wconf 86' lang='lat' dir='ltr'>gallo</span> <span class='ocrx_word' id='word_1_18' title='bbox 484 337 593 372; x_wconf 91' lang='lat' dir='ltr'>teste</span> <span class='ocrx_word' id='word_1_19' title='bbox 608 328 890 372; x_wconf 89' lang='lat' dir='ltr'>convinceris.</span> <span class='ocrx_word' id='word_1_20' title='bbox 920 328 1004 373; x_wconf 91' lang='lat' dir='ltr'>Sed</span> <span class='ocrx_word' id='word_1_21' title='bbox 1025 326 1271 388; x_wconf 83' lang='lat' dir='ltr'>egrediatur</span> <span class='ocrx_word' id='word_1_22' title='bbox 1288 338 1411 387; x_wconf 88' lang='lat' dir='ltr'>pater</span> <span class='ocrx_word' id='word_1_23' title='bbox 1432 331 1487 375; x_wconf 94' lang='lat' dir='ltr'>ad</span> 
     </span>
     <span class='ocr_line' id='line_1_5' title="bbox 105 397 1491 457; baseline 0.002 -16"><span class='ocrx_word' id='word_1_24' title='bbox 105 397 446 457; x_wconf 89' lang='lat' dir='ltr'>primogenitum</span> <span class='ocrx_word' id='word_1_25' title='bbox 459 398 596 442; x_wconf 89' lang='lat' dir='ltr'>filium</span> <span class='ocrx_word' id='word_1_26' title='bbox 612 397 835 442; x_wconf 83' lang='lat' dir='ltr'>nolentem</span> <span class='ocrx_word' id='word_1_27' title='bbox 856 399 1017 443; x_wconf 86' lang='lat' dir='ltr'>intrare</span> <span class='ocrx_word' id='word_1_28' title='bbox 1034 418 1044 444; x_wconf 74' lang='grc' dir='ltr'>ε</span> <span class='ocrx_word' id='word_1_29' title='bbox 1069 399 1184 443; x_wconf 89' lang='lat' dir='ltr'>dicat</span> <span class='ocrx_word' id='word_1_30' title='bbox 1200 399 1395 445; x_wconf 88' lang='lat' dir='ltr'>Christus</span> <span class='ocrx_word' id='word_1_31' title='bbox 1410 403 1491 444; x_wconf 91' lang='lat' dir='ltr'>Pe-</span> 
     </span>
     <span class='ocr_line' id='line_1_6' title="bbox 106 468 1491 530; baseline 0.003 -19"><span class='ocrx_word' id='word_1_32' title='bbox 106 475 174 512; x_wconf 90' lang='lat' dir='ltr'>tro</span> <span class='ocrx_word' id='word_1_33' title='bbox 196 486 206 513; x_wconf 85' lang='lat'><strong>:</strong></span> <span class='ocrx_word' id='word_1_34' title='bbox 235 486 253 508; x_wconf 81' lang='lat'>«</span> <span class='ocrx_word' id='word_1_35' title='bbox 272 471 391 512; x_wconf 87' lang='lat' dir='ltr'>Intra</span> <span class='ocrx_word' id='word_1_36' title='bbox 411 468 458 511; x_wconf 90' lang='lat' dir='ltr'>in</span> <span class='ocrx_word' id='word_1_37' title='bbox 478 468 689 526; x_wconf 87' lang='lat' dir='ltr'>gaudium</span> <span class='ocrx_word' id='word_1_38' title='bbox 711 468 884 512; x_wconf 86' lang='lat' dir='ltr'>Domini</span> <span class='ocrx_word' id='word_1_39' title='bbox 905 469 969 512; x_wconf 91' lang='lat' dir='ltr'>tui</span> <span class='ocrx_word' id='word_1_40' title='bbox 984 471 1016 512; x_wconf 88' lang='lat'>¹.</span> <span class='ocrx_word' id='word_1_41' title='bbox 1041 489 1057 511; x_wconf 63' lang='lat' dir='ltr'><strong><em>n</em></strong></span> <span class='ocrx_word' id='word_1_42' title='bbox 1083 469 1301 529; x_wconf 86' lang='lat' dir='ltr'>Respiciat</span> <span class='ocrx_word' id='word_1_43' title='bbox 1321 486 1491 530; x_wconf 85' lang='lat' dir='ltr'>negan-</span> 
     </span>
     <span class='ocr_line' id='line_1_7' title="bbox 107 537 1490 599; baseline 0.004 -18"><span class='ocrx_word' id='word_1_44' title='bbox 107 546 192 582; x_wconf 88' lang='lat' dir='ltr'>tem</span> <span class='ocrx_word' id='word_1_45' title='bbox 210 572 222 593; x_wconf 87' lang='lat'>,</span> <span class='ocrx_word' id='word_1_46' title='bbox 246 547 290 582; x_wconf 92' lang='lat' dir='ltr'>et</span> <span class='ocrx_word' id='word_1_47' title='bbox 319 537 448 582; x_wconf 86' lang='lat' dir='ltr'>faciat</span> <span class='ocrx_word' id='word_1_48' title='bbox 479 537 771 583; x_wconf 87' lang='lat' dir='ltr'>confessorem</span> <span class='ocrx_word' id='word_1_49' title='bbox 797 557 806 584; x_wconf 76' lang='grc' dir='ltr'>ε</span> <span class='ocrx_word' id='word_1_50' title='bbox 832 549 1102 599; x_wconf 84' lang='lat' dir='ltr'>compungat</span> <span class='ocrx_word' id='word_1_51' title='bbox 1122 542 1328 596; x_wconf 83' lang='lat' dir='ltr'>flentem,</span> <span class='ocrx_word' id='word_1_52' title='bbox 1359 541 1490 586; x_wconf 86' lang='lat' dir='ltr'>faciat</span> 
     </span>
     <span class='ocr_line' id='line_1_8' title="bbox 105 609 1495 672; baseline 0.004 -22"><span class='ocrx_word' id='word_1_53' title='bbox 105 617 356 651; x_wconf 85' lang='lat' dir='ltr'>amatorem.</span> <span class='ocrx_word' id='word_1_54' title='bbox 379 609 646 653; x_wconf 84' lang='lat' dir='ltr'>Exhortetur</span> <span class='ocrx_word' id='word_1_55' title='bbox 662 625 764 654; x_wconf 89' lang='lat' dir='ltr'>eum</span> <span class='ocrx_word' id='word_1_56' title='bbox 786 619 965 670; x_wconf 85' lang='lat' dir='ltr'>paterna</span> <span class='ocrx_word' id='word_1_57' title='bbox 982 625 1089 655; x_wconf 88' lang='lat' dir='ltr'>voce</span> <span class='ocrx_word' id='word_1_58' title='bbox 1112 629 1121 655; x_wconf 74' lang='grc' dir='ltr'>ε</span> <span class='ocrx_word' id='word_1_59' title='bbox 1143 611 1242 666; x_wconf 88' lang='lat' dir='ltr'>Fili,</span> <span class='ocrx_word' id='word_1_60' title='bbox 1267 613 1426 672; x_wconf 89' lang='lat' dir='ltr'>inquit,</span> <span class='ocrx_word' id='word_1_61' title='bbox 1443 621 1495 656; x_wconf 91' lang='lat' dir='ltr'>tu</span> 
     </span>
     <span class='ocr_line' id='line_1_9' title="bbox 105 680 1494 739; baseline 0.006 -20"><span class='ocrx_word' id='word_1_62' title='bbox 105 691 224 721; x_wconf 90' lang='lat' dir='ltr'>meus</span> <span class='ocrx_word' id='word_1_63' title='bbox 247 692 291 721; x_wconf 92' lang='lat' dir='ltr'>es</span> <span class='ocrx_word' id='word_1_64' title='bbox 312 696 322 721; x_wconf 89' lang='lat'>:</span> <span class='ocrx_word' id='word_1_65' title='bbox 357 696 374 719; x_wconf 91' lang='lat'>«</span> <span class='ocrx_word' id='word_1_66' title='bbox 398 680 463 722; x_wconf 90' lang='lat' dir='ltr'>Tu</span> <span class='ocrx_word' id='word_1_67' title='bbox 480 693 524 722; x_wconf 90' lang='lat' dir='ltr'>es</span> <span class='ocrx_word' id='word_1_68' title='bbox 541 682 693 724; x_wconf 87' lang='lat' dir='ltr'>Petrus</span> <span class='ocrx_word' id='word_1_69' title='bbox 715 699 724 725; x_wconf 91' lang='lat'>:</span> <span class='ocrx_word' id='word_1_70' title='bbox 748 700 766 722; x_wconf 86' lang='lat'>»</span> <span class='ocrx_word' id='word_1_71' title='bbox 791 681 871 724; x_wconf 89' lang='lat' dir='ltr'>etsi</span> <span class='ocrx_word' id='word_1_72' title='bbox 887 696 957 725; x_wconf 91' lang='lat' dir='ltr'>me</span> <span class='ocrx_word' id='word_1_73' title='bbox 973 680 1156 739; x_wconf 78' lang='lat' dir='ltr'>negasti,</span> <span class='ocrx_word' id='word_1_74' title='bbox 1173 695 1294 725; x_wconf 92' lang='lat' dir='ltr'>meus</span> <span class='ocrx_word' id='word_1_75' title='bbox 1311 697 1370 725; x_wconf 91' lang='lat' dir='ltr'>es.</span> <span class='ocrx_word' id='word_1_76' title='bbox 1393 685 1494 726; x_wconf 87' lang='lat' dir='ltr'>«Tu</span> 
     </span>
     <span class='ocr_line' id='line_1_10' title="bbox 107 750 1492 808; baseline 0.006 -20"><span class='ocrx_word' id='word_1_77' title='bbox 107 763 128 788; x_wconf 91' lang='lat'>»</span> <span class='ocrx_word' id='word_1_78' title='bbox 153 761 198 791; x_wconf 90' lang='lat' dir='ltr'>es</span> <span class='ocrx_word' id='word_1_79' title='bbox 225 750 400 802; x_wconf 85' lang='lat' dir='ltr'>Petrus,</span> <span class='ocrx_word' id='word_1_80' title='bbox 425 757 468 792; x_wconf 93' lang='lat' dir='ltr'>et</span> <span class='ocrx_word' id='word_1_81' title='bbox 489 763 618 808; x_wconf 87' lang='lat' dir='ltr'>super</span> <span class='ocrx_word' id='word_1_82' title='bbox 652 751 766 795; x_wconf 84' lang='lat' dir='ltr'>hanc</span> <span class='ocrx_word' id='word_1_83' title='bbox 793 754 966 796; x_wconf 82' lang='lat' dir='ltr'>Petram</span> <span class='ocrx_word' id='word_1_84' title='bbox 997 751 1225 796; x_wconf 70' lang='lat' dir='ltr'>aedificabo</span> <span class='ocrx_word' id='word_1_85' title='bbox 1254 751 1492 797; x_wconf 86' lang='lat' dir='ltr'>Ecclesiam</span> 
     </span>
     <span class='ocr_line' id='line_1_11' title="bbox 104 819 1495 875; baseline 0.004 -17"><span class='ocrx_word' id='word_1_86' title='bbox 104 833 126 857; x_wconf 87' lang='lat'>»</span> <span class='ocrx_word' id='word_1_87' title='bbox 151 830 292 861; x_wconf 91' lang='lat' dir='ltr'>meam</span> <span class='ocrx_word' id='word_1_88' title='bbox 305 819 337 860; x_wconf 85' lang='lat'>².</span> <span class='ocrx_word' id='word_1_89' title='bbox 375 820 442 861; x_wconf 91' lang='lat' dir='ltr'>Tu</span> <span class='ocrx_word' id='word_1_90' title='bbox 468 833 591 864; x_wconf 91' lang='lat' dir='ltr'>meus</span> <span class='ocrx_word' id='word_1_91' title='bbox 627 835 697 875; x_wconf 82' lang='lat' dir='ltr'>eS‚</span> <span class='ocrx_word' id='word_1_92' title='bbox 735 830 780 866; x_wconf 89' lang='lat' dir='ltr'>et</span> <span class='ocrx_word' id='word_1_93' title='bbox 816 822 960 866; x_wconf 89' lang='lat' dir='ltr'>omnia</span> <span class='ocrx_word' id='word_1_94' title='bbox 984 837 1081 866; x_wconf 89' lang='lat' dir='ltr'>mea</span> <span class='ocrx_word' id='word_1_95' title='bbox 1112 831 1190 866; x_wconf 88' lang='lat' dir='ltr'>tua</span> <span class='ocrx_word' id='word_1_96' title='bbox 1224 831 1362 866; x_wconf 86' lang='lat' dir='ltr'>sunt:</span> <span class='ocrx_word' id='word_1_97' title='bbox 1398 821 1495 865; x_wconf 89' lang='lat' dir='ltr'>Tibi</span> 
     </span>
     <span class='ocr_line' id='line_1_12' title="bbox 106 886 1496 953; baseline 0.005 -25"><span class='ocrx_word' id='word_1_98' title='bbox 106 906 124 927; x_wconf 90' lang='lat'>»</span> <span class='ocrx_word' id='word_1_99' title='bbox 148 886 266 931; x_wconf 86' lang='lat' dir='ltr'>dabo</span> <span class='ocrx_word' id='word_1_100' title='bbox 282 886 424 932; x_wconf 85' lang='lat' dir='ltr'>claves</span> <span class='ocrx_word' id='word_1_101' title='bbox 445 890 569 948; x_wconf 87' lang='lat' dir='ltr'>regni</span> <span class='ocrx_word' id='word_1_102' title='bbox 591 890 821 936; x_wconf 86' lang='lat' dir='ltr'>coelorum.</span> <span class='ocrx_word' id='word_1_103' title='bbox 839 911 861 935; x_wconf 71' lang='lat'>³»</span> <span class='ocrx_word' id='word_1_104' title='bbox 888 894 1020 953; x_wconf 88' lang='lat' dir='ltr'><strong>Apud</strong></span> <span class='ocrx_word' id='word_1_105' title='bbox 1039 901 1098 949; x_wconf 86' lang='lat' dir='ltr'>te,</span> <span class='ocrx_word' id='word_1_106' title='bbox 1121 897 1266 947; x_wconf 90' lang='lat' dir='ltr'>Petre‚</span> <span class='ocrx_word' id='word_1_107' title='bbox 1289 899 1393 937; x_wconf 86' lang='lat' dir='ltr'>suut</span> <span class='ocrx_word' id='word_1_108' title='bbox 1407 890 1496 935; x_wconf 88' lang='lat' dir='ltr'>cla-</span> 
     </span>
    </p>
   </div>
   <div class='ocr_carea' id='block_1_4' title="bbox 100 956 1497 1087">
    <p class='ocr_par' dir='ltr' id='par_1_4' title="bbox 100 956 1497 1087">
     <span class='ocr_line' id='line_1_13' title="bbox 100 956 1497 1022; baseline 0.004 -23"><span class='ocrx_word' id='word_1_109' title='bbox 100 969 173 1000; x_wconf 88' lang='lat' dir='ltr'>ves</span> <span class='ocrx_word' id='word_1_110' title='bbox 199 975 208 1000; x_wconf 78' lang='lat'><em>2</em></span> <span class='ocrx_word' id='word_1_111' title='bbox 239 956 418 1014; x_wconf 85' lang='lat' dir='ltr'>dignare</span> <span class='ocrx_word' id='word_1_112' title='bbox 434 960 525 1016; x_wconf 89' lang='lat' dir='ltr'>jam</span> <span class='ocrx_word' id='word_1_113' title='bbox 550 960 605 1005; x_wconf 87' lang='lat' dir='ltr'>ad</span> <span class='ocrx_word' id='word_1_114' title='bbox 629 963 882 1008; x_wconf 84' lang='lat' dir='ltr'>convivium</span> <span class='ocrx_word' id='word_1_115' title='bbox 914 965 1091 1009; x_wconf 88' lang='lat' dir='ltr'>intrare.</span> <span class='ocrx_word' id='word_1_116' title='bbox 1124 963 1370 1022; x_wconf 84' lang='lat' dir='ltr'>Oportebat</span> <span class='ocrx_word' id='word_1_117' title='bbox 1401 964 1497 1006; x_wconf 87' lang='lat' dir='ltr'>haec</span> 
     </span>
     <span class='ocr_line' id='line_1_14' title="bbox 101 1026 1493 1087; baseline 0.004 -18"><span class='ocrx_word' id='word_1_118' title='bbox 101 1026 195 1069; x_wconf 90' lang='lat' dir='ltr'>fieri</span> <span class='ocrx_word' id='word_1_119' title='bbox 212 1060 222 1078; x_wconf 91' lang='lat'><strong>‚</strong></span> <span class='ocrx_word' id='word_1_120' title='bbox 249 1028 459 1084; x_wconf 87' lang='lat' dir='ltr'>quoniam</span> <span class='ocrx_word' id='word_1_121' title='bbox 485 1028 619 1068; x_wconf 85' lang='lat' dir='ltr'>frater</span> <span class='ocrx_word' id='word_1_122' title='bbox 641 1035 744 1068; x_wconf 89' lang='lat' dir='ltr'>tuus</span> <span class='ocrx_word' id='word_1_123' title='bbox 766 1026 879 1068; x_wconf 84' lang='lat' dir='ltr'>latro</span> <span class='ocrx_word' id='word_1_124' title='bbox 906 1035 1108 1069; x_wconf 88' lang='lat' dir='ltr'>mortuus</span> <span class='ocrx_word' id='word_1_125' title='bbox 1128 1036 1223 1070; x_wconf 88' lang='lat' dir='ltr'>erat</span> <span class='ocrx_word' id='word_1_126' title='bbox 1248 1037 1295 1072; x_wconf 85' lang='lat' dir='ltr'>et</span> <span class='ocrx_word' id='word_1_127' title='bbox 1316 1033 1493 1087; x_wconf 77' lang='lat' dir='ltr'>revixit,</span> 
     </span>
    </p>
   </div>
   <div class='ocr_carea' id='block_1_5' title="bbox 91 1094 1493 2422">
    <p class='ocr_par' dir='ltr' id='par_1_5' title="bbox 98 1094 1493 1368">
     <span class='ocr_line' id='line_1_15' title="bbox 101 1094 1493 1159; baseline 0.005 -21"><span class='ocrx_word' id='word_1_128' title='bbox 101 1096 286 1154; x_wconf 85' lang='lat' dir='ltr'>perierat</span> <span class='ocrx_word' id='word_1_129' title='bbox 305 1103 349 1137; x_wconf 88' lang='lat' dir='ltr'>et</span> <span class='ocrx_word' id='word_1_130' title='bbox 366 1094 570 1136; x_wconf 87' lang='lat' dir='ltr'>inventus</span> <span class='ocrx_word' id='word_1_131' title='bbox 591 1102 669 1137; x_wconf 89' lang='lat' dir='ltr'>est.</span> <span class='ocrx_word' id='word_1_132' title='bbox 697 1094 740 1138; x_wconf 91' lang='lat' dir='ltr'>Si</span> <span class='ocrx_word' id='word_1_133' title='bbox 767 1097 921 1138; x_wconf 85' lang='lat' dir='ltr'>Petrus</span> <span class='ocrx_word' id='word_1_134' title='bbox 946 1105 1180 1156; x_wconf 87' lang='lat' dir='ltr'>antequam</span> <span class='ocrx_word' id='word_1_135' title='bbox 1197 1098 1396 1144; x_wconf 88' lang='lat' dir='ltr'>Christus</span> <span class='ocrx_word' id='word_1_136' title='bbox 1414 1115 1493 1159; x_wconf 86' lang='lat' dir='ltr'>pro</span> 
     </span>
     <span class='ocr_line' id='line_1_16' title="bbox 101 1164 1488 1230; baseline 0.004 -20"><span class='ocrx_word' id='word_1_137' title='bbox 101 1165 305 1211; x_wconf 91' lang='lat' dir='ltr'>omnibus</span> <span class='ocrx_word' id='word_1_138' title='bbox 336 1164 690 1222; x_wconf 83' lang='lat' dir='ltr'>crucifigeretur,</span> <span class='ocrx_word' id='word_1_139' title='bbox 721 1164 847 1223; x_wconf 83' lang='lat' dir='ltr'>regni</span> <span class='ocrx_word' id='word_1_140' title='bbox 874 1165 1090 1211; x_wconf 86' lang='lat' dir='ltr'>coelorum</span> <span class='ocrx_word' id='word_1_141' title='bbox 1121 1168 1264 1212; x_wconf 86' lang='lat' dir='ltr'>claves</span> <span class='ocrx_word' id='word_1_142' title='bbox 1286 1171 1455 1230; x_wconf 87' lang='lat' dir='ltr'>accepit</span> <span class='ocrx_word' id='word_1_143' title='bbox 1477 1189 1488 1216; x_wconf 71' lang='grc' dir='ltr'><em>τ</em></span> 
     </span>
     <span class='ocr_line' id='line_1_17' title="bbox 99 1234 1493 1297; baseline 0.003 -16"><span class='ocrx_word' id='word_1_144' title='bbox 99 1252 185 1297; x_wconf 89' lang='lat' dir='ltr'>qua</span> <span class='ocrx_word' id='word_1_145' title='bbox 211 1236 317 1281; x_wconf 84' lang='lat' dir='ltr'>illuc</span> <span class='ocrx_word' id='word_1_146' title='bbox 338 1235 534 1280; x_wconf 85' lang='lat' dir='ltr'>introivit</span> <span class='ocrx_word' id='word_1_147' title='bbox 555 1234 667 1279; x_wconf 83' lang='lat' dir='ltr'>latro</span> <span class='ocrx_word' id='word_1_148' title='bbox 689 1234 762 1279; x_wconf 88' lang='lat' dir='ltr'>ille</span> <span class='ocrx_word' id='word_1_149' title='bbox 783 1236 874 1295; x_wconf 88' lang='lat' dir='ltr'>jam</span> <span class='ocrx_word' id='word_1_150' title='bbox 903 1251 991 1281; x_wconf 90' lang='lat' dir='ltr'>non</span> <span class='ocrx_word' id='word_1_151' title='bbox 1013 1252 1112 1281; x_wconf 89' lang='lat' dir='ltr'>reus</span> <span class='ocrx_word' id='word_1_152' title='bbox 1128 1271 1139 1293; x_wconf 90' lang='lat'><strong>‚</strong></span> <span class='ocrx_word' id='word_1_153' title='bbox 1170 1238 1251 1282; x_wconf 86' lang='lat' dir='ltr'>nisi</span> <span class='ocrx_word' id='word_1_154' title='bbox 1278 1255 1356 1297; x_wconf 88' lang='lat' dir='ltr'>per</span> <span class='ocrx_word' id='word_1_155' title='bbox 1376 1240 1493 1285; x_wconf 87' lang='lat' dir='ltr'>latus</span> 
     </span>
     <span class='ocr_line' id='line_1_18' title="bbox 98 1305 648 1368; baseline -0.009 -15"><span class='ocrx_word' id='word_1_156' title='bbox 98 1307 220 1368; x_wconf 90' lang='lat' dir='ltr'>quod</span> <span class='ocrx_word' id='word_1_157' title='bbox 242 1307 412 1368; x_wconf 90' lang='lat' dir='ltr'>aperuit</span> <span class='ocrx_word' id='word_1_158' title='bbox 434 1305 648 1350; x_wconf 75' lang='lat' dir='ltr'>Judaeus‘?</span> 
     </span>
    </p>

    <p class='ocr_par' dir='ltr' id='par_1_6' title="bbox 91 1375 1493 2422">
     <span class='ocr_line' id='line_1_19' title="bbox 158 1375 1493 1437; baseline 0.001 -15"><span class='ocrx_word' id='word_1_159' title='bbox 158 1379 237 1421; x_wconf 84' lang='lat' dir='ltr'>IX.</span> <span class='ocrx_word' id='word_1_160' title='bbox 273 1381 329 1422; x_wconf 91' lang='lat' dir='ltr'>Et</span> <span class='ocrx_word' id='word_1_161' title='bbox 351 1392 469 1421; x_wconf 90' lang='lat' dir='ltr'>nunc</span> <span class='ocrx_word' id='word_1_162' title='bbox 488 1375 668 1420; x_wconf 86' lang='lat' dir='ltr'>veniant</span> <span class='ocrx_word' id='word_1_163' title='bbox 690 1389 840 1419; x_wconf 87' lang='lat' dir='ltr'>omnes</span> <span class='ocrx_word' id='word_1_164' title='bbox 860 1375 1129 1436; x_wconf 86' lang='lat' dir='ltr'>quicumque</span> <span class='ocrx_word' id='word_1_165' title='bbox 1149 1386 1298 1421; x_wconf 88' lang='lat' dir='ltr'>amant</span> <span class='ocrx_word' id='word_1_166' title='bbox 1317 1379 1493 1437; x_wconf 88' lang='lat' dir='ltr'>paradi-</span> 
     </span>
     <span class='ocr_line' id='line_1_20' title="bbox 100 1445 1491 1509; baseline 0.001 -15"><span class='ocrx_word' id='word_1_167' title='bbox 100 1464 194 1495; x_wconf 89' lang='lat' dir='ltr'>sum</span> <span class='ocrx_word' id='word_1_168' title='bbox 210 1484 220 1504; x_wconf 91' lang='lat'>,</span> <span class='ocrx_word' id='word_1_169' title='bbox 250 1449 397 1493; x_wconf 82' lang='lat' dir='ltr'>locum</span> <span class='ocrx_word' id='word_1_170' title='bbox 421 1446 579 1507; x_wconf 88' lang='lat' dir='ltr'>quietis</span> <span class='ocrx_word' id='word_1_171' title='bbox 597 1481 608 1501; x_wconf 79' lang='grc'>,</span> <span class='ocrx_word' id='word_1_172' title='bbox 630 1445 777 1490; x_wconf 89' lang='lat' dir='ltr'>locum</span> <span class='ocrx_word' id='word_1_173' title='bbox 801 1446 1065 1501; x_wconf 83' lang='lat' dir='ltr'>securitatis,</span> <span class='ocrx_word' id='word_1_174' title='bbox 1091 1446 1237 1491; x_wconf 89' lang='lat' dir='ltr'>locum</span> <span class='ocrx_word' id='word_1_175' title='bbox 1268 1460 1491 1509; x_wconf 67' lang='lat' dir='ltr'>perpetuae</span> 
     </span>
     <span class='ocr_line' id='line_1_21' title="bbox 98 1516 1491 1581; baseline 0 -17"><span class='ocrx_word' id='word_1_176' title='bbox 98 1519 330 1573; x_wconf 84' lang='lat' dir='ltr'>felicitatis,</span> <span class='ocrx_word' id='word_1_177' title='bbox 346 1518 492 1562; x_wconf 90' lang='lat' dir='ltr'>locum</span> <span class='ocrx_word' id='word_1_178' title='bbox 506 1516 552 1560; x_wconf 90' lang='lat' dir='ltr'>in</span> <span class='ocrx_word' id='word_1_179' title='bbox 568 1531 659 1575; x_wconf 91' lang='lat' dir='ltr'>quo</span> <span class='ocrx_word' id='word_1_180' title='bbox 673 1531 763 1560; x_wconf 90' lang='lat' dir='ltr'>non</span> <span class='ocrx_word' id='word_1_181' title='bbox 779 1516 1057 1576; x_wconf 88' lang='lat' dir='ltr'>pertimescas</span> <span class='ocrx_word' id='word_1_182' title='bbox 1070 1517 1323 1573; x_wconf 88' lang='lat' dir='ltr'>barbarum,</span> <span class='ocrx_word' id='word_1_183' title='bbox 1342 1520 1388 1563; x_wconf 90' lang='lat' dir='ltr'>in</span> <span class='ocrx_word' id='word_1_184' title='bbox 1399 1536 1491 1581; x_wconf 87' lang='lat' dir='ltr'>quo</span> 
     </span>
     <span class='ocr_line' id='line_1_22' title="bbox 97 1587 1485 1649; baseline -0.001 -14"><span class='ocrx_word' id='word_1_185' title='bbox 97 1591 271 1635; x_wconf 88' lang='lat' dir='ltr'>nullum</span> <span class='ocrx_word' id='word_1_186' title='bbox 291 1589 466 1649; x_wconf 88' lang='lat' dir='ltr'>patiaris</span> <span class='ocrx_word' id='word_1_187' title='bbox 490 1587 799 1642; x_wconf 86' lang='lat' dir='ltr'>adversarium,</span> <span class='ocrx_word' id='word_1_188' title='bbox 831 1587 1006 1631; x_wconf 83' lang='lat' dir='ltr'>nullum</span> <span class='ocrx_word' id='word_1_189' title='bbox 1035 1588 1196 1632; x_wconf 86' lang='lat' dir='ltr'>habeas</span> <span class='ocrx_word' id='word_1_190' title='bbox 1226 1588 1454 1635; x_wconf 86' lang='lat' dir='ltr'>inimicum</span> <span class='ocrx_word' id='word_1_191' title='bbox 1475 1607 1485 1633; x_wconf 91' lang='lat'>:</span> 
     </span>
     <span class='ocr_line' id='line_1_23' title="bbox 97 1658 1484 1719; baseline 0.001 -13"><span class='ocrx_word' id='word_1_192' title='bbox 97 1662 241 1707; x_wconf 87' lang='lat' dir='ltr'>venite</span> <span class='ocrx_word' id='word_1_193' title='bbox 258 1675 424 1713; x_wconf 88' lang='lat' dir='ltr'>omnes,</span> <span class='ocrx_word' id='word_1_194' title='bbox 444 1658 603 1702; x_wconf 90' lang='lat' dir='ltr'>intrate</span> <span class='ocrx_word' id='word_1_195' title='bbox 615 1672 787 1702; x_wconf 91' lang='lat' dir='ltr'>omnes:</span> <span class='ocrx_word' id='word_1_196' title='bbox 808 1666 871 1701; x_wconf 86' lang='lat' dir='ltr'>est</span> <span class='ocrx_word' id='word_1_197' title='bbox 889 1659 1002 1717; x_wconf 77' lang='lat' dir='ltr'>qua3</span> <span class='ocrx_word' id='word_1_198' title='bbox 1023 1658 1204 1714; x_wconf 78' lang='lat' dir='ltr'>intrare,</span> <span class='ocrx_word' id='word_1_199' title='bbox 1223 1669 1341 1719; x_wconf 86' lang='lat' dir='ltr'>patet</span> <span class='ocrx_word' id='word_1_200' title='bbox 1354 1661 1484 1707; x_wconf 86' lang='lat' dir='ltr'>latus.</span> 
     </span>
     <span class='ocr_line' id='line_1_24' title="bbox 96 1727 1489 1788; baseline 0.001 -11"><span class='ocrx_word' id='word_1_201' title='bbox 96 1731 298 1777; x_wconf 90' lang='lat' dir='ltr'>Ostendit</span> <span class='ocrx_word' id='word_1_202' title='bbox 309 1730 426 1775; x_wconf 87' lang='lat' dir='ltr'>enim</span> <span class='ocrx_word' id='word_1_203' title='bbox 440 1728 513 1772; x_wconf 90' lang='lat' dir='ltr'>ille</span> <span class='ocrx_word' id='word_1_204' title='bbox 529 1728 640 1773; x_wconf 86' lang='lat' dir='ltr'>latro</span> <span class='ocrx_word' id='word_1_205' title='bbox 656 1743 747 1788; x_wconf 88' lang='lat' dir='ltr'>quo</span> <span class='ocrx_word' id='word_1_206' title='bbox 767 1727 960 1773; x_wconf 80' lang='lat' dir='ltr'>debeant</span> <span class='ocrx_word' id='word_1_207' title='bbox 981 1744 1132 1774; x_wconf 89' lang='lat' dir='ltr'>omnes</span> <span class='ocrx_word' id='word_1_208' title='bbox 1146 1730 1326 1787; x_wconf 80' lang='lat' dir='ltr'>intrare,</span> <span class='ocrx_word' id='word_1_209' title='bbox 1346 1734 1489 1778; x_wconf 86' lang='lat' dir='ltr'>nemi-</span> 
     </span>
     <span class='ocr_line' id='line_1_25' title="bbox 95 1798 1490 1858; baseline 0.002 -12"><span class='ocrx_word' id='word_1_210' title='bbox 95 1818 197 1846; x_wconf 90' lang='lat' dir='ltr'>nem</span> <span class='ocrx_word' id='word_1_211' title='bbox 212 1817 291 1846; x_wconf 92' lang='lat' dir='ltr'>suo</span> <span class='ocrx_word' id='word_1_212' title='bbox 311 1798 508 1858; x_wconf 84' lang='lat' dir='ltr'>exemplo</span> <span class='ocrx_word' id='word_1_213' title='bbox 530 1798 681 1843; x_wconf 86' lang='lat' dir='ltr'>docuit</span> <span class='ocrx_word' id='word_1_214' title='bbox 696 1799 941 1858; x_wconf 80' lang='lat' dir='ltr'>desperare.</span> <span class='ocrx_word' id='word_1_215' title='bbox 971 1817 989 1839; x_wconf 72' lang='grc' dir='ltr'><em>α</em></span> <span class='ocrx_word' id='word_1_216' title='bbox 1004 1799 1272 1845; x_wconf 85' lang='lat' dir='ltr'>Contendite</span> <span class='ocrx_word' id='word_1_217' title='bbox 1286 1836 1297 1857; x_wconf 88' lang='lat'><strong>,</strong></span> <span class='ocrx_word' id='word_1_218' title='bbox 1324 1803 1383 1847; x_wconf 89' lang='lat' dir='ltr'>ait</span> <span class='ocrx_word' id='word_1_219' title='bbox 1401 1807 1490 1849; x_wconf 88' lang='lat' dir='ltr'>Do-</span> 
     </span>
     <span class='ocr_line' id='line_1_26' title="bbox 100 1870 1488 1932; baseline 0.004 -19"><span class='ocrx_word' id='word_1_220' title='bbox 100 1892 119 1913; x_wconf 82' lang='lat'>»</span> <span class='ocrx_word' id='word_1_221' title='bbox 141 1872 304 1926; x_wconf 88' lang='lat' dir='ltr'>minus,</span> <span class='ocrx_word' id='word_1_222' title='bbox 327 1871 490 1915; x_wconf 84' lang='lat' dir='ltr'>intrare</span> <span class='ocrx_word' id='word_1_223' title='bbox 503 1883 579 1927; x_wconf 83' lang='lat' dir='ltr'>per</span> <span class='ocrx_word' id='word_1_224' title='bbox 602 1876 831 1927; x_wconf 81' lang='lat' dir='ltr'>angustam</span> <span class='ocrx_word' id='word_1_225' title='bbox 856 1870 1067 1928; x_wconf 76' lang='lat' dir='ltr'>portam4.</span> <span class='ocrx_word' id='word_1_226' title='bbox 1090 1890 1109 1912; x_wconf 85' lang='lat'>»</span> <span class='ocrx_word' id='word_1_227' title='bbox 1131 1870 1245 1924; x_wconf 84' lang='lat' dir='ltr'>Quid</span> <span class='ocrx_word' id='word_1_228' title='bbox 1263 1875 1488 1932; x_wconf 84' lang='lat' dir='ltr'>angustius</span> 
     </span>
     <span class='ocr_line' id='line_1_27' title="bbox 94 1937 1485 1999; baseline 0.004 -15"><span class='ocrx_word' id='word_1_229' title='bbox 94 1941 170 1985; x_wconf 89' lang='lat' dir='ltr'>illo</span> <span class='ocrx_word' id='word_1_230' title='bbox 184 1941 412 1995; x_wconf 87' lang='lat' dir='ltr'>foramine,</span> <span class='ocrx_word' id='word_1_231' title='bbox 432 1938 554 1999; x_wconf 92' lang='lat' dir='ltr'>quod</span> <span class='ocrx_word' id='word_1_232' title='bbox 566 1953 680 1983; x_wconf 90' lang='lat' dir='ltr'>unus</span> <span class='ocrx_word' id='word_1_233' title='bbox 694 1953 718 1981; x_wconf 90' lang='lat' dir='ltr'>e</span> <span class='ocrx_word' id='word_1_234' title='bbox 732 1937 944 1983; x_wconf 88' lang='lat' dir='ltr'>militibus</span> <span class='ocrx_word' id='word_1_235' title='bbox 961 1940 1247 1998; x_wconf 88' lang='lat' dir='ltr'>percutiendo</span> <span class='ocrx_word' id='word_1_236' title='bbox 1261 1941 1375 1988; x_wconf 90' lang='lat' dir='ltr'>latus</span> <span class='ocrx_word' id='word_1_237' title='bbox 1389 1958 1485 1989; x_wconf 87' lang='lat' dir='ltr'>cru·</span> 
     </span>
     <span class='ocr_line' id='line_1_28' title="bbox 95 2008 1485 2072; baseline 0.003 -18"><span class='ocrx_word' id='word_1_238' title='bbox 95 2011 208 2055; x_wconf 82' lang='lat' dir='ltr'>cifixi</span> <span class='ocrx_word' id='word_1_239' title='bbox 228 2010 426 2069; x_wconf 78' lang='lat' dir='ltr'>aperuit?</span> <span class='ocrx_word' id='word_1_240' title='bbox 452 2017 496 2052; x_wconf 91' lang='lat' dir='ltr'>et</span> <span class='ocrx_word' id='word_1_241' title='bbox 517 2017 664 2052; x_wconf 88' lang='lat' dir='ltr'>tamen</span> <span class='ocrx_word' id='word_1_242' title='bbox 685 2023 763 2067; x_wconf 85' lang='lat' dir='ltr'>per</span> <span class='ocrx_word' id='word_1_243' title='bbox 784 2008 861 2052; x_wconf 90' lang='lat' dir='ltr'>has</span> <span class='ocrx_word' id='word_1_244' title='bbox 887 2009 1109 2068; x_wconf 87' lang='lat' dir='ltr'>angustias</span> <span class='ocrx_word' id='word_1_245' title='bbox 1130 2025 1242 2069; x_wconf 87' lang='lat' dir='ltr'>pene</span> <span class='ocrx_word' id='word_1_246' title='bbox 1260 2013 1350 2072; x_wconf 75' lang='lat' dir='ltr'>J&#39;am</span> <span class='ocrx_word' id='word_1_247' title='bbox 1368 2023 1485 2058; x_wconf 87' lang='lat' dir='ltr'>totus</span> 
     </span>
     <span class='ocr_line' id='line_1_29' title="bbox 96 2079 1484 2143; baseline 0.003 -18"><span class='ocrx_word' id='word_1_248' title='bbox 96 2080 287 2125; x_wconf 88' lang='lat' dir='ltr'>mundus</span> <span class='ocrx_word' id='word_1_249' title='bbox 298 2079 492 2123; x_wconf 85' lang='lat' dir='ltr'>intravit.</span> <span class='ocrx_word' id='word_1_250' title='bbox 510 2079 668 2122; x_wconf 88' lang='lat' dir='ltr'>Venite</span> <span class='ocrx_word' id='word_1_251' title='bbox 680 2087 724 2123; x_wconf 88' lang='lat' dir='ltr'>ct</span> <span class='ocrx_word' id='word_1_252' title='bbox 735 2094 811 2123; x_wconf 83' lang='lat' dir='ltr'>vos</span> <span class='ocrx_word' id='word_1_253' title='bbox 823 2082 848 2123; x_wconf 87' lang='lat' dir='ltr'><strong>J</strong></span> <span class='ocrx_word' id='word_1_254' title='bbox 852 2079 985 2136; x_wconf 87' lang='lat' dir='ltr'>udaei,</span> <span class='ocrx_word' id='word_1_255' title='bbox 1001 2090 1129 2125; x_wconf 83' lang='lat' dir='ltr'>vocat</span> <span class='ocrx_word' id='word_1_256' title='bbox 1142 2096 1216 2126; x_wconf 89' lang='lat' dir='ltr'>vos</span> <span class='ocrx_word' id='word_1_257' title='bbox 1233 2098 1364 2143; x_wconf 89' lang='lat' dir='ltr'>quem</span> <span class='ocrx_word' id='word_1_258' title='bbox 1382 2100 1484 2129; x_wconf 87' lang='lat' dir='ltr'>cru-</span> 
     </span>
     <span class='ocr_line' id='line_1_30' title="bbox 91 2147 1485 2215; baseline 0.003 -19"><span class='ocrx_word' id='word_1_259' title='bbox 91 2152 296 2206; x_wconf 79' lang='lat' dir='ltr'>cifixistis,</span> <span class='ocrx_word' id='word_1_260' title='bbox 311 2150 447 2194; x_wconf 88' lang='lat' dir='ltr'>Filius</span> <span class='ocrx_word' id='word_1_261' title='bbox 462 2148 556 2192; x_wconf 91' lang='lat' dir='ltr'>Dei.</span> <span class='ocrx_word' id='word_1_262' title='bbox 577 2167 594 2188; x_wconf 87' lang='lat'>«</span> <span class='ocrx_word' id='word_1_263' title='bbox 605 2147 869 2194; x_wconf 88' lang='lat' dir='ltr'>Contendite</span> <span class='ocrx_word' id='word_1_264' title='bbox 879 2151 1041 2195; x_wconf 89' lang='lat' dir='ltr'>intrare</span> <span class='ocrx_word' id='word_1_265' title='bbox 1051 2167 1129 2211; x_wconf 84' lang='lat' dir='ltr'>per</span> <span class='ocrx_word' id='word_1_266' title='bbox 1141 2164 1369 2212; x_wconf 85' lang='lat' dir='ltr'>angustam</span> <span class='ocrx_word' id='word_1_267' title='bbox 1381 2171 1485 2215; x_wconf 86' lang='lat' dir='ltr'>por-</span> 
     </span>
     <span class='ocr_line' id='line_1_31' title="bbox 100 2218 1489 2286; baseline 0.006 -24"><span class='ocrx_word' id='word_1_268' title='bbox 100 2239 122 2263; x_wconf 83' lang='lat'>»</span> <span class='ocrx_word' id='word_1_269' title='bbox 143 2231 231 2266; x_wconf 87' lang='lat' dir='ltr'>tam</span> <span class='ocrx_word' id='word_1_270' title='bbox 248 2240 258 2266; x_wconf 82' lang='lat'>2</span> <span class='ocrx_word' id='word_1_271' title='bbox 281 2239 303 2262; x_wconf 82' lang='lat'>»</span> <span class='ocrx_word' id='word_1_272' title='bbox 321 2235 399 2280; x_wconf 86' lang='lat' dir='ltr'>per</span> <span class='ocrx_word' id='word_1_273' title='bbox 414 2221 526 2263; x_wconf 87' lang='lat' dir='ltr'>hanc</span> <span class='ocrx_word' id='word_1_274' title='bbox 539 2218 656 2262; x_wconf 86' lang='lat' dir='ltr'>enim</span> <span class='ocrx_word' id='word_1_275' title='bbox 671 2218 932 2263; x_wconf 83' lang='lat' dir='ltr'>introierunt</span> <span class='ocrx_word' id='word_1_276' title='bbox 946 2230 1088 2280; x_wconf 85' lang='lat' dir='ltr'>patres</span> <span class='ocrx_word' id='word_1_277' title='bbox 1103 2225 1248 2268; x_wconf 85' lang='lat' dir='ltr'>vestri.</span> <span class='ocrx_word' id='word_1_278' title='bbox 1267 2225 1335 2268; x_wconf 89' lang='lat' dir='ltr'>Illi</span> <span class='ocrx_word' id='word_1_279' title='bbox 1349 2228 1424 2286; x_wconf 87' lang='lat' dir='ltr'>qui</span> <span class='ocrx_word' id='word_1_280' title='bbox 1439 2235 1489 2270; x_wconf 87' lang='lat' dir='ltr'>ut</span> 
     </span>
     <span class='ocr_line' id='line_1_32' title="bbox 94 2288 1485 2353; baseline 0.003 -17"><span class='ocrx_word' id='word_1_281' title='bbox 94 2292 422 2351; x_wconf 80' lang='lat' dir='ltr'>crucifigeretur</span> <span class='ocrx_word' id='word_1_282' title='bbox 445 2288 762 2343; x_wconf 79' lang='lat' dir='ltr'>clamaverunt,</span> <span class='ocrx_word' id='word_1_283' title='bbox 787 2289 864 2349; x_wconf 89' lang='lat' dir='ltr'>qui</span> <span class='ocrx_word' id='word_1_284' title='bbox 887 2289 933 2333; x_wconf 88' lang='lat' dir='ltr'>in</span> <span class='ocrx_word' id='word_1_285' title='bbox 948 2289 1066 2349; x_wconf 85' lang='lat' dir='ltr'>ligno</span> <span class='ocrx_word' id='word_1_286' title='bbox 1086 2309 1342 2353; x_wconf 88' lang='lat' dir='ltr'>suspensum</span> <span class='ocrx_word' id='word_1_287' title='bbox 1363 2294 1485 2340; x_wconf 87' lang='lat' dir='ltr'>vide-</span> 
     </span>
     <span class='ocr_line' id='line_1_33' title="bbox 94 2360 1481 2422; baseline 0.004 -15"><span class='ocrx_word' id='word_1_288' title='bbox 94 2371 214 2418; x_wconf 84' lang='lat' dir='ltr'>runt,</span> <span class='ocrx_word' id='word_1_289' title='bbox 238 2362 316 2422; x_wconf 88' lang='lat' dir='ltr'>qui</span> <span class='ocrx_word' id='word_1_290' title='bbox 328 2362 570 2414; x_wconf 87' lang='lat' dir='ltr'>irriserunt,</span> <span class='ocrx_word' id='word_1_291' title='bbox 587 2360 663 2418; x_wconf 89' lang='lat' dir='ltr'>qui</span> <span class='ocrx_word' id='word_1_292' title='bbox 677 2369 810 2419; x_wconf 87' lang='lat' dir='ltr'>caput</span> <span class='ocrx_word' id='word_1_293' title='bbox 825 2360 1115 2418; x_wconf 87' lang='lat' dir='ltr'>agitaverunt,</span> <span class='ocrx_word' id='word_1_294' title='bbox 1132 2379 1209 2422; x_wconf 88' lang='lat' dir='ltr'>per</span> <span class='ocrx_word' id='word_1_295' title='bbox 1218 2364 1320 2410; x_wconf 83' lang='lat' dir='ltr'>istas</span> <span class='ocrx_word' id='word_1_296' title='bbox 1332 2376 1481 2412; x_wconf 87' lang='lat' dir='ltr'>tamen</span> 
     </span>
    </p>
   </div>
   <div class='ocr_carea' id='block_1_6' title="bbox 102 2458 1482 2603">
    <p class='ocr_par' dir='ltr' id='par_1_7' title="bbox 102 2458 1482 2603">
     <span class='ocr_line' id='line_1_34' title="bbox 145 2458 1482 2507; baseline 0 -9"><span class='ocrx_word' id='word_1_297' title='bbox 145 2471 155 2488; x_wconf 87' lang='lat'>¹</span> <span class='ocrx_word' id='word_1_298' title='bbox 175 2466 289 2498; x_wconf 75' lang='lat' dir='ltr'>matth.</span> <span class='ocrx_word' id='word_1_299' title='bbox 316 2475 380 2497; x_wconf 79' lang='lat' dir='ltr'>xxv</span> <span class='ocrx_word' id='word_1_300' title='bbox 400 2489 410 2506; x_wconf 83' lang='lat'>‚</span> <span class='ocrx_word' id='word_1_301' title='bbox 429 2472 485 2496; x_wconf 85' lang='lat'>21.</span> <span class='ocrx_word' id='word_1_302' title='bbox 520 2478 561 2485; x_wconf 93' lang='lat'>-</span> <span class='ocrx_word' id='word_1_303' title='bbox 595 2468 607 2484; x_wconf 88' lang='lat'>²</span> <span class='ocrx_word' id='word_1_304' title='bbox 630 2460 676 2492; x_wconf 83' lang='lat' dir='ltr'>ld.</span> <span class='ocrx_word' id='word_1_305' title='bbox 696 2470 748 2493; x_wconf 81' lang='lat' dir='ltr'>xiv</span> <span class='ocrx_word' id='word_1_306' title='bbox 766 2483 776 2502; x_wconf 86' lang='lat'><strong>,</strong></span> <span class='ocrx_word' id='word_1_307' title='bbox 815 2463 867 2494; x_wconf 71' lang='lat'>18,</span> <span class='ocrx_word' id='word_1_308' title='bbox 887 2477 928 2485; x_wconf 93' lang='lat'>—</span> <span class='ocrx_word' id='word_1_309' title='bbox 948 2458 963 2486; x_wconf 82' lang='grc'><strong><em>3</em></strong></span> <span class='ocrx_word' id='word_1_310' title='bbox 979 2461 1104 2505; x_wconf 83' lang='lat' dir='ltr'>Supple</span> <span class='ocrx_word' id='word_1_311' title='bbox 1118 2488 1128 2502; x_wconf 92' lang='lat'><em>,</em></span> <span class='ocrx_word' id='word_1_312' title='bbox 1152 2466 1288 2507; x_wconf 82' lang='lat' dir='ltr'>possitis.</span> <span class='ocrx_word' id='word_1_313' title='bbox 1309 2483 1351 2490; x_wconf 89' lang='lat'>—</span> <span class='ocrx_word' id='word_1_314' title='bbox 1368 2467 1385 2498; x_wconf 77' lang='grc'><strong><em>4</em></strong></span> <span class='ocrx_word' id='word_1_315' title='bbox 1405 2470 1482 2501; x_wconf 90' lang='lat' dir='ltr'>Luc.</span> 
     </span>
     <span class='ocr_line' id='line_1_35' title="bbox 102 2521 244 2564; baseline 0 -10"><span class='ocrx_word' id='word_1_316' title='bbox 102 2531 174 2562; x_wconf 84' lang='lat' dir='ltr'>xm,</span> <span class='ocrx_word' id='word_1_317' title='bbox 188 2521 244 2564; x_wconf 70' lang='lat'>24.</span> 
     </span>
     <span class='ocr_line' id='line_1_36' title="bbox 1221 2564 1283 2603; baseline 0.016 -1"><span class='ocrx_word' id='word_1_318' title='bbox 1221 2564 1283 2603; x_wconf 75' lang='lat'>12.</span> 
     </span>
    </p>
   </div>
  </div>
 </body>
</html>
