1729 3143
402 177 456 201 DE
488 177 638 203 Lim-:uo
670 174 884 214 Annulo,
919 177 1001 204 Lm.
1038 179 1085 204 11.
1352 168 1434 208 333

59 241 132 285 tiae
146 275 157 295 ,
183 240 493 300 propinquiora
513 240 759 286 fervescunt
775 275 786 295 ,
811 242 934 286 sicuti
954 251 1056 286 sunt
1075 242 1228 288 animae
1248 243 1437 288 rationa-

57 310 147 367 les,
173 326 221 354 ea
253 326 356 354 vero
391 327 490 370 quae
529 311 758 355 remotiora
794 321 916 366 sunt,
958 313 1084 357 sicuti
1117 328 1312 372 corpora,
1347 329 1438 358 non

0 362 3 420 l
58 380 230 438 attingit
243 380 384 424 calore
397 381 607 440 sapiendi,
624 381 699 424 sed
716 381 1117 439 perfunditlumine
1131 399 1435 428 numerorum:

57 451 178 509 quod
210 451 290 494 tibi
320 450 508 494 fortassis
530 451 764 495 obscurum
788 460 864 494 est.
894 455 990 497 Non
1012 454 1127 497 enim
1152 453 1240 498 ulla
1262 453 1439 499 visibilis

57 519 295 565 similitudo
325 520 529 565 invisibili
560 522 618 564 rei
641 529 784 579 potest
815 521 869 564 ad
898 536 1069 566 omnem
1094 525 1437 569 convenientiam

56 591 262 649 coaptari.
291 593 476 635 Tantum
499 589 612 634 illud
633 590 808 633 attende
824 624 835 644 ,
861 591 981 650 quod
999 601 1042 634 et
1064 594 1292 651 quaestioni
1307 610 1439 654 quam

54 663 319 722 suscepimus
336 662 435 705 satis
450 670 528 715 est,
542 671 585 704 et
596 661 901 705 humilioribus
914 662 1039 705 etiam
1057 664 1276 708 mentibus
1292 665 1440 724 quales

54 748 133 776 nos
163 747 332 787 sumus,
365 747 454 776 sese
478 731 727 776 manifestat
742 767 752 787 ,
778 732 880 792 quia
903 732 982 776 etsi
1003 733 1169 777 clarum
1193 736 1317 779 nobis
1351 750 1440 780 esse

54 817 142 847 non
166 811 323 861 potest,
346 810 494 845 utrum
516 801 562 845 in
582 802 806 860 sapientia,
831 802 897 846 vel
916 818 966 846 ex
989 804 1196 862 sapientia
1213 820 1436 858 numerus,

53 888 107 917 an
129 873 219 931 ipsa
243 871 452 930 sapientia
471 887 523 914 ex
545 887 744 926 numero,
763 888 818 916 an
835 874 881 916 in
900 889 1083 917 numero
1105 874 1174 928 sit,
1191 889 1246 918 an
1268 883 1440 918 utrum-

51 959 138 1003 que
158 958 318 986 nomen
335 943 462 984 unius
476 943 537 986 rei
551 944 680 998 possit
696 944 863 986 ostendi
877 964 888 997 3
904 944 1014 984 illud
1026 954 1143 985 certe
1161 943 1439 987 manifestum

0 1011 1 1070 ζ
51 1022 114 1057 est
137 1020 373 1070 utrumque
390 1025 540 1053 verum
564 1026 675 1064 esse,
701 1020 744 1054 et
766 1011 1183 1055 incommutabiliter
1205 1029 1374 1057 verum.

0 1080 1 1087 ’
109 1083 316 1124 XXXIII.
353 1084 625 1139 Quapropter
642 1079 764 1124 nullo
784 1080 913 1124 modo
932 1082 1151 1139 negaveris
1167 1098 1254 1126 esse
1271 1083 1439 1127 incom-

51 1149 305 1195 mutabilem
329 1150 552 1193 veritatem
570 1185 580 1203 ,
606 1151 700 1193 haec
723 1151 866 1194 omnia
890 1167 989 1210 quae
1021 1152 1438 1197 incommutabiliter

49 1237 150 1266 vera
172 1229 274 1263 sunt
295 1220 589 1263 continentem
603 1254 613 1273 ,
639 1236 770 1278 quam
795 1237 885 1264 non
904 1223 1035 1280 possis
1057 1223 1200 1266 dicere
1226 1233 1345 1266 tuam
1370 1225 1439 1267 vel

50 1307 191 1335 meam
209 1326 219 1345 ,
245 1290 315 1333 vel
336 1291 588 1349 cujusquam
613 1290 823 1344 hominis,
859 1291 934 1335 sed
962 1294 1167 1336 omnibus
1190 1295 1438 1337 incommu-

51 1360 197 1406 tabilia
220 1376 319 1405 vera
342 1360 643 1414 cernentibus,
671 1369 878 1418 tanquam
910 1363 1027 1406 miris
1058 1363 1196 1406 modis
1223 1373 1436 1408 secretum

51 1442 95 1476 et
117 1432 343 1491 publicum
366 1430 538 1484 lumen,
563 1438 720 1488 praesto
739 1445 826 1474 esse
844 1445 892 1474 ac
915 1446 958 1473 se
975 1433 1169 1489 praebere
1188 1434 1436 1476 communi-

50 1512 116 1547 ter
138 1522 145 1546 :
167 1517 294 1546 omne
316 1511 461 1545 autem
485 1500 606 1560 quod
626 1500 916 1544 communiter
939 1500 1141 1544 omnibus
1172 1501 1435 1546 ratiocinan-

50 1573 167 1616 tibus
202 1581 331 1631 atque
365 1570 708 1628 intelligentibus
736 1579 894 1628 praesto
924 1579 1008 1622 est,
1045 1571 1098 1613 ad
1122 1570 1252 1614 ullius
1285 1587 1436 1615 eorum

52 1643 224 1702 proprie
248 1651 447 1685 naturam
467 1641 682 1699 pertinere
709 1640 804 1699 quis
823 1640 1012 1683 dixerit?
1033 1642 1266 1684 Meministi
1290 1642 1404 1684 enim
1423 1677 1434 1696 ,

53 1723 100 1756 ut
123 1713 297 1772 opinor,
325 1711 430 1770 quid
449 1710 502 1754 de
518 1710 712 1753 sensibus
731 1711 921 1768 corporis
940 1708 1070 1768 paulo
1087 1719 1186 1753 ante
1206 1720 1437 1755 tractatum

54 1784 108 1827 sit
125 1803 136 1840 3
158 1798 208 1825 ea
229 1781 391 1825 scilicet
407 1797 505 1839 quae
527 1779 755 1824 oculorum
778 1779 847 1822 vel
865 1780 1036 1822 aurium
1056 1795 1182 1824 sensu
1201 1780 1437 1825 communi-

54 1864 118 1897 ter
144 1853 385 1909 tangimus,
412 1851 535 1894 sicuti
558 1859 660 1893 sunt
683 1850 847 1894 colores
870 1860 911 1893 ct
934 1851 1058 1903 soni,
1084 1866 1194 1910 quos
1223 1866 1301 1909 ego
1324 1861 1367 1894 et
1392 1861 1438 1895 tu

54 1921 183 1967 simul
219 1921 415 1964 videmus
432 1955 442 1974 ,
484 1919 555 1963 vel
585 1920 712 1963 simul
748 1921 968 1974 audimus,
1006 1937 1095 1964 non
1126 1923 1342 1979 pertinere
1383 1921 1438 1964 ad

56 1991 283 2036 oculorum
310 1999 557 2033 nostrorum
579 1991 802 2033 auriumve
824 1999 1023 2034 naturam
1037 2025 1046 2043 ‚
1072 1991 1148 2034 sed
1169 1991 1224 2034 ad
1246 1992 1437 2034 sentien-

56 2063 162 2106 dum
185 2061 310 2105 nobis
334 2075 422 2103 esse
447 2059 709 2102 communia.
734 2061 800 2103 Sic
820 2075 921 2117 ergo
944 2060 1072 2102 ctiam
1097 2059 1168 2102 illa
1186 2076 1285 2119 quae
1303 2075 1382 2118 ego
1398 2069 1440 2102 et

57 2142 103 2176 tu
128 2131 416 2176 communiter
437 2131 609 2188 propria
632 2130 815 2188 quisquc
839 2139 983 2173 monte
1006 2130 1322 2188 conspicimus,
1358 2145 1437 2174 ne-

59 2217 279 2261 quaquam
315 2200 469 2243 dixeris
506 2199 562 2242 ad
596 2199 749 2242 mentis
781 2199 959 2257 alicujus
992 2210 1185 2244 nostrum
1224 2201 1438 2259 pertinere

59 2282 275 2316 naturam.
317 2275 510 2315 Duorum
546 2269 661 2312 enim
694 2269 808 2312 oculi
839 2269 957 2328 quod
985 2271 1112 2313 simul
1148 2271 1326 2323 vident,
1360 2286 1439 2313 nec

60 2344 189 2402 hujus
209 2356 288 2384 nec
308 2341 421 2383 illius
444 2339 591 2384 oculos
608 2354 696 2382 csse
712 2342 870 2398 poteris
890 2340 1031 2384 dicere
1047 2376 1056 2393 ,
1075 2340 1150 2384 sed
1168 2341 1331 2400 aliquid
1350 2351 1438 2384 ter-

63 2413 171 2456 tium
194 2412 238 2455 in
262 2410 381 2470 quod
409 2411 634 2470 utriusque
657 2410 905 2454 conferatur
928 2420 1137 2469 aspectus.
1165 2415 1214 2454 E.
1243 2412 1436 2470 Apertis-

63 2482 218 2527 simum
242 2491 372 2539 atquc
393 2481 658 2524 verissimum
679 2489 754 2523 cst.
