1729 3143
270 161 350 201 114
687 173 720 200 s.
756 173 985 199 Accusnm
1017 173 1196 199 EPISCOPI
1258 166 1263 167 ⁷

262 239 374 293 Quia
396 253 498 297 ergo
515 239 604 282 duo
625 245 842 295 praecepta
864 245 966 279 sunt
981 271 992 290 ,
1018 237 1052 279 si
1075 251 1212 279 unum
1235 236 1420 292 diceret,
1446 254 1536 283 non
1552 239 1645 283 suf-

252 310 434 354 ficeret?
459 307 629 352 Sufficit
650 314 693 348 et
715 320 854 348 unum
870 340 881 360 ,
910 306 944 349 si
965 305 1250 364 intelligatur.
1277 308 1387 351 Nam
1404 306 1642 368 aliquando

252 379 312 423 sic
344 377 541 436 loquitur
579 375 827 433 Scriptura,
866 375 979 419 sicut
1010 376 1172 420 Paulus
1209 375 1430 435 apostolus
1459 396 1468 421 :
1507 381 1640 424 «Non

254 466 276 490 »
311 445 600 492 adulterabis:
619 448 717 491 Non
737 445 1022 491 homicidium
1038 446 1192 491 facies:
1212 449 1310 492 Non
1330 448 1635 507 concupisces:

248 535 269 559 »
303 526 347 561 et
376 516 411 559 si
439 513 561 575 quod
591 524 653 560 est
681 514 804 560 aliud
824 516 1105 571 mandatum,
1126 517 1173 561 in
1194 517 1278 561 hoc
1300 531 1499 561 sermone
1520 532 1636 562 reca-

240 605 261 628 »
298 586 536 646 pitulatur,
562 587 719 646 Diliges
739 587 988 648 proximum
1008 596 1138 632 tuum
1164 596 1375 647 tanquam
1398 597 1443 632 te
1469 588 1630 647 ipsum.

239 675 261 698 »
295 657 481 703 Dilectio
503 659 688 718 proximi
706 658 872 703 malum
892 674 984 703 non
1000 667 1220 718 operatur.
1240 658 1472 703 Plenitudo
1486 668 1635 703 autem

240 744 263 769 »
296 727 405 787 legis
437 738 502 773 est
527 728 755 774 charitas1.
773 747 793 770 ›)
820 729 939 783 Quid
965 737 1028 773 est
1049 729 1268 772 charitas?
1289 728 1488 773 Dilectio.
1516 728 1636 774 Nihil

238 798 414 843 videtur
441 799 595 844 dixisse
617 800 673 851 de
693 799 931 845 dilectione
951 800 1053 854 Dei,
1087 797 1163 843 sed
1185 797 1323 842 solam
1352 798 1541 858 proximi
1561 798 1633 843 di-

234 867 469 914 lectionem
492 869 600 914 dixit
621 870 825 914 sufficere
852 869 908 914 ad
928 867 1197 928 implendam
1224 867 1380 926 legem.
1399 867 1634 928 Quidquid

233 948 299 983 est
332 939 453 985 aliud
487 941 766 997 mandatum,
805 942 851 985 in
881 942 965 986 hoc
996 952 1194 984 sermone
1222 939 1561 998 recapitulatur,
1581 939 1633 982 'in

229 1009 315 1054 hoc
336 1026 535 1056 sermone
553 1012 777 1070 impletur.
800 1014 853 1055 In
871 1027 960 1071 quo
977 1012 995 1053 ⁶?
1017 1030 1037 1052 «
1056 1009 1216 1068 Diliges
1237 1009 1487 1068 proximum
1504 1018 1632 1054 tuum

228 1095 250 1119 »
284 1088 499 1134 tanquam
519 1086 564 1118 te
588 1078 804 1133 ipsum2.»
832 1081 946 1117 Ecce
968 1090 1110 1117 unum
1136 1089 1216 1119 est.
1243 1080 1373 1120 Certe
1396 1079 1487 1121 duo
1515 1088 1631 1136 prae-

229 1155 356 1204 cepta
377 1153 495 1198 sunt,
511 1144 559 1187 in
579 1143 742 1203 quibus
757 1151 848 1188 tota
863 1146 953 1187 Lex
967 1143 1132 1203 pendet
1144 1153 1188 1188 et
1203 1146 1451 1204 Prophetae.
1473 1146 1632 1191 Videte

227 1214 452 1276 quomodo
472 1214 573 1274 plus
595 1214 845 1259 breviatum
860 1224 923 1259 est
939 1249 950 1269 ,
976 1222 1019 1257 et
1035 1214 1180 1258 adhuc
1199 1215 1313 1273 pigri
1330 1230 1495 1260 sumus.
1515 1219 1631 1261 Ecce

225 1303 326 1347 quae
349 1287 439 1331 duo
457 1295 603 1341 erant,
629 1301 769 1330 unum
789 1284 956 1330 factum
979 1295 1057 1329 est.
1085 1289 1264 1330 Prorsus
1287 1287 1535 1344 proximum
1557 1287 1629 1332 di-

222 1357 323 1416 lige,
349 1366 393 1401 et
415 1357 594 1402 sufficit.
620 1356 706 1400 Sed
728 1355 862 1415 dilige
876 1355 1101 1415 quomodo
1123 1365 1167 1399 te
1185 1357 1329 1415 ipsum
1347 1356 1507 1415 diligis,
1533 1373 1624 1403 non

226 1426 453 1488 quomodo
469 1436 513 1471 te
529 1427 675 1486 ipsum
687 1424 831 1470 odisti.
853 1425 994 1484 Dilige
1011 1427 1255 1485 proximum
1271 1437 1395 1472 tuum
1416 1437 1625 1488 tanquam

230 1506 270 1541 te
292 1498 437 1556 ipsum
464 1516 473 1541 ε
502 1495 578 1540 sed
598 1495 717 1555 prius
739 1504 803 1539 est
823 1504 874 1539 ut
896 1495 1051 1554 diligas
1068 1505 1111 1540 te
1127 1497 1287 1556 ipsum.

282 1569 359 1611 VI.
395 1570 599 1620 Quaerere
621 1566 757 1609 habes
779 1565 1004 1625 quomodo
1033 1565 1184 1624 diligas
1213 1577 1254 1611 te
1282 1568 1426 1626 ipsum
1449 1587 1458 1612 :
1479 1577 1523 1612 et
1544 1584 1624 1612 au-

225 1637 317 1681 dire
342 1637 478 1681 habes
499 1652 508 1677 ε
534 1635 726 1694 «Diliges
748 1636 987 1680 Dominum
1007 1639 1146 1680 Deum
1164 1647 1291 1681 tuum
1309 1654 1361 1682 cx
1378 1647 1472 1683 toto
1489 1639 1622 1684 corde

229 1725 251 1750 »
286 1717 385 1763 tuo,
410 1716 517 1751 etex
530 1715 623 1751 tota
640 1707 784 1750 anima
796 1714 893 1761 tua,
914 1715 956 1750 et
971 1721 1023 1750 ex
1039 1715 1131 1751 tota
1149 1716 1295 1750 mente
1314 1718 1388 1752 tua
1408 1727 1416 1751 :
1438 1727 1457 1749 »
1478 1712 1622 1754 Homo

231 1781 347 1823 enim
369 1777 597 1839 quomodo
620 1793 643 1821 a
660 1792 704 1821 se
724 1777 818 1821 fieri
839 1792 929 1821 non
946 1778 1116 1836 potuit,
1143 1778 1202 1821 sic
1221 1794 1300 1822 nec
1318 1779 1470 1823 beatus
1488 1780 1582 1824 fieri
1599 1797 1623 1825 a

227 1865 272 1894 se
290 1857 448 1909 potest.
474 1848 570 1894 Alia
593 1864 658 1893 res
688 1864 788 1892 eum
810 1847 914 1893 fecit
937 1848 1178 1903 hominem,
1204 1849 1325 1908 quod
1347 1865 1436 1894 non
1453 1851 1620 1910 estipse

229 1921 393 1965 homo:
420 1919 501 1964 alia
531 1934 599 1963 res
628 1933 728 1963 eum
757 1917 927 1962 factura
958 1927 1021 1962 est
1051 1918 1227 1962 beatum
1245 1954 1255 1973 ,
1296 1919 1417 1979 quod
1438 1935 1528 1964 non
1558 1930 1621 1966 est

228 1991 320 2051 ipse
341 1992 488 2035 homo.
516 1990 714 2049 Denique
746 2003 892 2033 errans
913 1988 1032 2033 videt
1060 1989 1173 2047 ipse,
1212 1989 1314 2048 quia
1344 2004 1422 2049 per
1455 2006 1499 2034 se
1530 2006 1621 2036 non

228 2071 372 2121 potest
388 2061 540 2105 beatus
558 2074 648 2104 esse
664 2094 675 2114 ,
701 2067 744 2102 et
760 2067 876 2102 amat
894 2058 1013 2102 aliud
1030 2058 1150 2102 unde
1167 2060 1220 2103 sit
1244 2060 1411 2104 beatus.
1432 2060 1559 2105 Unde
1576 2076 1621 2106 se

229 2133 324 2177 fieri
340 2142 468 2193 putat
484 2132 679 2186 beatum,
697 2131 781 2174 hoc
805 2138 936 2173 amat.
956 2129 1089 2184 Quid,
1109 2139 1330 2189 putamus,
1353 2141 1482 2186 amat,
1502 2132 1620 2176 unde

230 2212 358 2263 putat
377 2218 422 2248 se
437 2203 531 2248 fieri
548 2202 760 2247 beatum?
783 2201 1033 2255 Pecuniam,
1058 2216 1231 2256 aurum,
1253 2210 1497 2258 argentum,
1519 2217 1619 2261 pos-

231 2275 468 2319 sessiones:
493 2273 684 2318 breviter
711 2270 834 2326 dico,
871 2271 1118 2329 pecuniam.
1159 2274 1318 2316 Totum
1351 2272 1468 2316 enim
1485 2273 1617 2332 quid-

232 2345 340 2404 quid
360 2344 558 2390 homines
578 2340 801 2404 possident
821 2341 866 2385 in
892 2350 1027 2397 terra,
1065 2342 1210 2386 omnia
1241 2357 1431 2401 quorum
1452 2341 1618 2387 domini

233 2425 360 2471 sunt,
387 2417 570 2475 pecunia
590 2423 785 2461 vocatur.
809 2415 965 2459 Servus
983 2414 1036 2458 sit
1051 2449 1061 2469 ,
1088 2428 1183 2469 vas,
1211 2428 1332 2472 ager,
1357 2415 1511 2470 arbor,
1536 2429 1614 2474 pe—

281 2507 291 2524 ¹
313 2504 403 2533 Rom.
426 2512 496 2543 xm,
514 2512 613 2543 9·1¹·
628 2517 667 2523 -·
685 2507 697 2523 ²
712 2500 824 2532 Matth.
842 2510 919 2538 ΠΗ,
941 2500 992 2540 ὃς).
