1729 3143
428 179 482 205 DE
513 177 748 206 mscu‘mNA
774 178 1040 207 cumsTlANA.
1343 170 1424 210 113

50 317 164 372 Ergo
185 314 218 358 si
239 312 379 372 diligis
397 314 687 374 iniquitatem,
711 312 813 357 audi
826 315 1068 371 veritatem,
1092 317 1318 362 veritatem
1337 334 1429 363 non

49 392 92 427 te
112 382 360 442 palpantem
378 418 389 437 ‚
414 382 489 427 sed
510 392 655 442 aperte
676 382 756 426 tibi
781 383 1021 429 dicentem:
1043 385 1148 430 odis
1172 396 1228 430 te.
1254 390 1428 440 Quanto

51 454 188 513 magis
207 455 312 497 dicis
326 488 336 508 ,
359 453 461 513 quia
483 468 598 497 amas
617 463 659 497 te
673 488 683 506 ‚
707 453 799 497 odis
820 462 876 497 te.
909 474 928 494 «
947 456 1028 507 Qui
1047 457 1164 500 enim
1184 456 1326 516 diligit
1346 460 1432 502 ini-

53 541 73 564 »
86 524 312 583 quitatem,
329 524 421 568 odit
435 523 621 567 animam
636 538 803 567 suam.»
823 524 936 576 Quid
954 523 1094 569 dicam
1109 526 1164 570 de
1178 543 1323 583 carne,
1335 545 1436 589 quae

52 609 149 652 pars
163 593 290 638 vilior
301 602 365 637 est
382 593 601 637 hominis?
624 594 666 637 Si
684 593 874 638 animam
891 594 1000 649 odit,
1022 610 1197 639 carnem
1214 600 1438 657 quomodo

52 663 223 721 diligit?
244 663 442 722 Denique
463 663 540 722 qui
562 671 710 707 amant
730 663 1028 723 iniquitatem,
1061 674 1104 708 et
1131 665 1321 712 oderunt
1343 670 1440 713 ani-

52 747 169 777 mam
189 748 312 777 suam
325 767 337 788 ‚
362 747 539 777 omnem
562 732 882 792 turpitudinem
901 744 1105 780 exercent
1125 735 1180 780 de
1202 753 1332 782 carne
1345 754 1438 783 sua.

52 805 150 846 Jam
179 817 280 860 ergo
305 803 383 862 qui
412 802 554 862 diligis
575 803 875 863 iniquitatem,
913 805 1138 864 quomodo
1165 808 1247 851 tibi
1268 808 1445 854 volebas

53 872 267 917 committi
284 873 546 932 proximum,
565 882 616 917 ut
630 873 828 931 diligeres
847 890 948 918 eum
967 885 1177 936 tanquam
1196 880 1268 921 te?
1284 881 1444 934 Homo⁷

54 941 163 1001 quid
183 941 327 1001 perdis
348 944 419 987 te?
444 943 487 987 Si
504 943 620 986 enim
637 952 686 987 tu
708 944 798 1002 ipse
816 944 876 988 sic
899 953 942 988 te
966 945 1109 1004 diligis
1131 955 1182 991 ut
1206 946 1361 1006 perdas
1378 958 1447 1005 te3

57 1013 116 1056 sic
142 1012 340 1071 profecto
369 1012 619 1072 perditurus
645 1029 689 1057 es
720 1022 763 1057 et
798 1029 899 1058 eum
932 1031 1065 1075 quem
1089 1016 1233 1076 diligis
1253 1018 1366 1063 sicut
1389 1028 1446 1063 tc.

56 1081 168 1126 Nolo
190 1096 292 1136 ergo
310 1095 577 1137 quemquam
601 1082 752 1133 diligas
776 1103 783 1119 2
811 1084 880 1120 vel
902 1084 1017 1121 solus
1042 1086 1149 1137 peri.
1175 1090 1264 1125 Aut
1287 1088 1455 1144 corrige

57 1148 336 1194 dilectionem
352 1182 363 1202 ‚
390 1156 465 1190 aut
491 1161 643 1205 respue
665 1147 931 1190 societatem.

121 1222 169 1262 V.
197 1218 399 1262 Dicturus
423 1216 528 1259 mihi
546 1231 589 1259 es
611 1235 619 1259 ε
646 1214 786 1273 Diligo
807 1217 1055 1274 proximum
1074 1227 1285 1279 tanquam
1306 1239 1375 1269 me
1393 1226 1457 1285 ip-

56 1304 167 1334 sum.
194 1286 339 1332 Audio
362 1286 506 1344 plane,
539 1285 683 1329 audio.
726 1286 936 1330 Inebriari
970 1289 1032 1332 vis
1067 1305 1167 1334 cum
1197 1292 1298 1348 illo,
1324 1311 1458 1354 quem

59 1359 198 1417 diligis
229 1367 438 1416 tanquam
467 1365 510 1399 te
544 1356 699 1415 ipsum.
743 1359 860 1400 Bene
892 1359 1019 1402 nobis
1052 1359 1261 1407 faciamus
1293 1365 1453 1422 hodie,

59 1438 275 1490 quantum
298 1443 526 1488 possumus
548 1427 764 1470 bibamus.
795 1427 904 1471 Vide
928 1430 1030 1487 quia
1050 1432 1109 1474 sic
1139 1442 1180 1476 te
1212 1434 1354 1494 diligis
1376 1473 1386 1491 ‚
1412 1448 1456 1482 et

61 1499 186 1544 illum
204 1499 258 1542 ad
283 1507 323 1542 te
347 1497 477 1541 trahis
494 1531 504 1550 ‚
530 1506 573 1539 et
596 1498 650 1539 ad
673 1496 794 1555 quod
817 1513 933 1541 amas
957 1514 1096 1544 vocas.
1116 1504 1297 1548 Necesse
1320 1516 1383 1550 est
1407 1518 1455 1553 ut

24 1581 29 1586 ¹
63 1585 194 1630 quem
232 1567 374 1625 diligis
408 1577 617 1626 tanquam
647 1579 688 1608 te
719 1567 888 1624 ipsum,
920 1568 1025 1612 illuc
1060 1569 1184 1614 illum
1220 1576 1363 1619 trahas
1399 1578 1454 1622 ad

64 1638 184 1699 quod
221 1647 263 1681 et
297 1646 344 1680 tu
376 1645 418 1679 te
445 1651 575 1679 amas.
616 1638 842 1678 Humanus
879 1637 1034 1693 homo,
1070 1640 1158 1685 imo
1197 1641 1419 1691 belluinus
1438 1683 1448 1702 ‚

64 1707 250 1752 amando
272 1705 373 1750 talia
405 1705 551 1764 qualia
572 1703 745 1748 belluae.
785 1705 956 1750 Belluas
983 1709 1099 1752 enim
1123 1713 1235 1755 Deus
1258 1725 1452 1772 prostra-

65 1788 128 1822 tas
163 1778 209 1821 in
242 1776 398 1821 faciem
431 1775 554 1830 fecit,
595 1785 763 1834 pastum
802 1787 1046 1835 quaerentes
1075 1778 1129 1823 de
1168 1790 1308 1828 terra:
1336 1795 1378 1829 te
1408 1789 1453 1832 in

65 1848 175 1892 duos
196 1847 326 1906 pedes
353 1846 486 1889 erexit
510 1845 564 1888 de
597 1854 725 1889 terra.
755 1848 892 1889 Tuam
919 1846 1074 1892 faciem
1104 1865 1274 1896 sursum
1307 1865 1452 1901 atten-

63 1919 166 1962 dere
185 1918 340 1962 voluit.
370 1920 467 1962 Non
489 1915 707 1960 discordet
727 1932 800 1960 cor
821 1926 941 1961 tuum
962 1933 985 1961 a
1006 1918 1119 1964 facie
1136 1931 1226 1966 tua.
1250 1926 1347 1970 Non
1369 1928 1450 1972 ha-

65 1989 167 2032 beas
189 1988 344 2031 faciem
379 2002 572 2041 sursum,
611 1997 654 2031 et
678 2003 752 2031 cor
783 1987 1015 2033 deorsum:
1043 1991 1131 2035 imo
1167 2008 1319 2039 verum
1350 1999 1452 2043 audi

66 2068 109 2103 et
132 2074 281 2102 verum
305 2058 373 2102 fac
388 2092 399 2112 ‚
436 2061 615 2102 Sursum
636 2073 709 2102 cor
735 2077 743 2102 :
770 2074 826 2101 ne
855 2061 1073 2105 mentiaris
1095 2062 1141 2106 in
1163 2062 1294 2109 domo
1323 2067 1453 2113 disci-

65 2128 211 2188 plinae.
239 2128 427 2180 Quando
448 2128 565 2170 enim
578 2126 717 2178 audis,
737 2129 950 2188 responde
966 2165 976 2182 ,
1002 2132 1077 2175 sed
1089 2133 1143 2177 sit
1161 2149 1313 2180 verum
1331 2139 1450 2198 quod

66 2198 316 2258 respondes.
346 2197 414 2241 Sic
432 2205 473 2240 te
495 2196 652 2254 dilige,
677 2206 720 2240 et
741 2197 893 2256 diliges
910 2202 1158 2257 proximum
1181 2213 1386 2266 tanquam
1409 2218 1453 2254 te

67 2270 224 2329 ipsum.
251 2267 368 2321 Quid
389 2276 452 2311 est
473 2267 590 2311 enim
611 2282 779 2310 sursum
803 2268 964 2312 habere
985 2286 1059 2315 cor
1076 2307 1086 2327 ,
1112 2274 1193 2318 nisi
1216 2277 1333 2334 quod
1357 2277 1451 2325 dic-

69 2350 163 2385 tum
182 2349 243 2384 est
266 2339 412 2398 prius:
451 2338 645 2395 «Diliges
675 2338 906 2381 Dominum
941 2343 1079 2386 Deum
1115 2353 1240 2389 tuum
1274 2362 1324 2391 ex
1358 2358 1451 2396 toto

72 2429 92 2452 »
127 2409 257 2454 corde
275 2418 373 2462 tuo,
399 2417 442 2451 et
463 2423 513 2451 ex
527 2417 617 2451 tota
635 2407 776 2452 anima
798 2417 887 2462 tua,
909 2418 1015 2453 etex
1036 2421 1124 2457 tota
1140 2424 1284 2460 mente
1303 2423 1446 2465 tanP„

119 2502 126 2518 ¹
151 2495 227 2526 psal.
251 2497 286 2525 ll.
312 2505 341 2533 x,
359 2495 392 2524 (j.
410 2510 449 2515 -—
472 2501 482 2515 ²
505 2493 624 2526 Matth.
646 2504 720 2525 xxii.
741 2494 793 2533 ὃς.

231 2558 418 2586 cxxxrv.
1240 2558 1265 2595 g
