1729 3143
467 239 520 266 DE
552 238 703 266 nanno
734 235 947 276 Anm'rmo,
982 238 1064 265 Lm.
1101 239 1131 267 1.
1407 230 1492 269 279

114 305 168 350 E.
194 302 421 350 Adulteria
438 313 482 349 et
503 302 736 348 homicidia
757 309 800 345 et
821 300 1040 361 sacrilegia
1056 336 1068 357 ‚
1099 310 1151 347 ut
1180 303 1378 348 omittam
1405 319 1493 349 cae-

114 383 229 431 tera,
255 375 415 436 quibus
437 370 742 418 enumerandis
772 370 841 415 vel
873 380 1044 431 tempus
1073 372 1142 418 vel
1174 373 1382 419 memoria
1403 390 1494 420 non

113 448 306 506 suppetit
321 482 333 502 ‚
366 446 463 507 quis
496 453 560 490 est
589 444 662 489 cui
687 457 778 488 non
794 442 1036 488 -malefaeta
1057 443 1322 489 videantur?
1340 448 1392 491 Α.
1417 447 1495 491 Dic

113 532 217 576 ergo
238 518 359 577 prius
374 552 386 572 ,
411 532 488 561 cur
510 513 773 570 adulterium
794 512 907 556 male
936 514 1030 557 fieri
1057 524 1208 573 putes3
1244 531 1300 560 an
1327 517 1429 577 quia
1448 518 1495 563 id

111 586 253 631 facere
275 587 344 631 lex
361 588 512 631 vetat?
532 588 584 631 E.
605 586 702 630 Non
722 598 823 628 sane
839 582 937 628 ideo
958 583 1123 628 malum
1145 595 1209 629 est
1224 621 1235 641 ,
1259 588 1362 646 quia
1380 595 1497 632 veta-

110 668 183 703 tur
203 658 326 717 lege3
357 657 433 702 sed
453 658 551 702 ideo
572 665 744 702 vetatur
765 654 861 715 lege
882 656 985 716 quia
1006 655 1170 700 malum
1194 666 1269 701 est.
1299 661 1351 702 A.
1378 658 1495 711 Quid

112 729 145 773 si
159 727 374 788 quispiam
394 742 472 772 nos
488 727 697 786 exagitet,
714 740 972 785 exaggerans
994 725 1302 771 delectationes
1322 727 1496 772 adulte-

109 798 190 853 rii,
215 806 258 842 et
286 812 486 857 quaerens
518 814 542 842 a
569 797 694 841 nobis
726 812 805 841 cur
837 797 919 840 hoc
949 796 1116 840 malum
1146 805 1190 840 et
1216 797 1495 843 damnatione

109 868 290 926 dignum
306 869 554 928 judicemus
573 890 584 925 3
605 883 712 912 num
731 867 787 912 ad
804 868 1105 912 auctoritatem
1119 867 1226 926 legis
1243 867 1497 927 confugien-

109 940 215 983 dum
237 953 383 982 censes
406 937 657 981 hominibus
675 972 686 992 ,
708 938 798 997 jam
815 952 905 982 non
922 947 1094 982 tantum
1111 939 1287 983 credere
1303 974 1314 995 ,
1336 939 1411 984 sed
1425 940 1496 983 in-

108 1008 303 1068 telligere
324 1008 632 1068 cupientibus?
653 1010 762 1053 Nam
780 1017 822 1052 et
839 1022 919 1067 ego
932 1018 1079 1053 tecum
1096 1009 1227 1054 credo
1243 1045 1255 1066 ,
1278 1018 1322 1054 et
1341 1010 1496 1055 incon—

107 1094 228 1124 cusse
247 1079 402 1134 credo,
425 1079 720 1138 omnibusque
739 1080 911 1139 populis
930 1089 1062 1140 atque
1084 1081 1289 1139 gentibus
1310 1082 1497 1127 creden—

105 1150 212 1194 dum
253 1164 343 1193 esse
383 1148 525 1194 clamo
539 1183 550 1204 ‚
595 1148 760 1192 malum
801 1164 890 1193 esse
926 1150 1192 1194 adulterium
1221 1170 1231 1196 ε
1268 1152 1344 1196 sed
1377 1167 1497 1198 nunc

105 1219 312 1264 molimur
331 1219 380 1263 id
400 1218 523 1279 quod
544 1219 590 1262 in
610 1218 743 1263 fidem
761 1219 1003 1278 recepimus
1021 1253 1032 1274 ,
1058 1220 1188 1264 etiam
1210 1221 1498 1280 intelligendo

105 1289 210 1334 scire
243 1303 292 1332 ac
319 1298 471 1333 tenere
498 1289 809 1332 firmissimum.
841 1287 1078 1334 Considera
1110 1289 1258 1350 itaque
1279 1301 1496 1352 quantum

104 1368 225 1417 potes
241 1394 253 1410 ‚
277 1367 321 1402 et
342 1358 543 1402 renuntia
565 1358 674 1402 mihi
689 1393 701 1414 ,
726 1373 917 1418 quanam
933 1360 1100 1403 ratione
1118 1360 1384 1406 adulterium
1402 1378 1496 1408 ma-

30 1415 37 1427 *
104 1428 199 1473 lum
220 1443 310 1473 esse
331 1428 597 1487 cognoveris.
624 1430 676 1472 E.
710 1431 805 1473 Hoc
829 1428 918 1473 scio
938 1428 1104 1473 malum
1129 1445 1240 1486 esse,
1265 1432 1388 1492 quod
1411 1434 1497 1480 hoc

103 1499 194 1560 ipse
214 1500 262 1543 in
283 1514 419 1544 uxore
441 1514 537 1542 mea
556 1498 648 1557 pati
670 1498 852 1542 nollem.
878 1499 1080 1560 Quisquis
1105 1509 1254 1545 autem
1281 1502 1405 1548 alteri
1426 1503 1495 1549 fa-

103 1571 163 1615 cit
182 1571 303 1631 quod
333 1570 415 1614 sibi
446 1569 541 1613 fieri
571 1584 661 1614 non
687 1568 813 1625 vult,
845 1570 959 1614 male
980 1571 1134 1632 utique
1155 1571 1274 1616 facit.
1300 1576 1354 1617 A.
1380 1575 1497 1626 Quid

103 1641 136 1686 si
158 1641 401 1701 cujuspiam
431 1639 570 1684 libido
600 1655 650 1684 ea
677 1640 756 1695 sit,
788 1647 838 1683 ut
860 1655 1040 1684 uxorem
1062 1657 1185 1686 suam
1213 1643 1407 1703 praebeat
1428 1644 1494 1689 al-

102 1712 211 1767 teri,
235 1711 513 1771 libenterque
535 1710 590 1754 ab
609 1725 661 1755 eo
682 1712 905 1771 corrumpi
927 1712 1120 1771 patiatur
1133 1748 1146 1770 ,
1170 1714 1217 1758 in
1239 1715 1361 1774 cujus
1382 1731 1494 1761 uxo-

102 1798 196 1828 rem
217 1783 404 1828 vicissim
418 1796 566 1841 parem
579 1782 701 1841 cupit
720 1783 881 1826 habere
902 1783 1122 1829 licentiam
1140 1820 1152 1840 ,
1177 1785 1368 1830 nihil-ne
1388 1788 1492 1833 mali

102 1853 245 1898 facere
274 1852 355 1897 tibi
384 1852 591 1897 videtur?
621 1854 673 1896 E.
711 1855 806 1897 Imo
834 1853 1088 1913 plurimum.
1120 1857 1174 1900 A.
1206 1858 1264 1901 At
1294 1857 1374 1901 iste
1401 1873 1492 1903 non

101 1923 177 1969 illa
192 1923 343 1983 regula
357 1932 511 1984 peccat
531 1941 542 1968 ε
566 1938 657 1969 non
674 1925 788 1968 enim
807 1924 852 1968 id
869 1925 975 1970 facit
988 1925 1109 1986 quod
1125 1927 1215 1986 pati
1231 1926 1356 1972 nolit.
1374 1931 1492 1982 Qua-

101 1996 301 2041 mobrem
335 1993 456 2038 aliud
487 1994 570 2039 tibi
600 1994 888 2055 quaerendum
924 2005 1010 2052 est,
1050 1996 1169 2042 unde
1205 1998 1369 2043 malum
1398 2012 1488 2045 esse

102 2065 367 2112 adulterium
391 2064 637 2109 convincas.

159 2138 259 2180 VII.
294 2138 346 2180 E.
377 2137 443 2180 Eo
463 2135 571 2178 mihi
600 2134 770 2179 videtur
790 2136 976 2193 malum,
1002 2138 1123 2198 quod
1146 2139 1277 2200 hujus
1299 2140 1489 2186 criminis

100 2207 300 2251 homines
321 2206 409 2250 vidi
440 2221 553 2265 saepe
576 2204 789 2249 damnari.
816 2209 869 2251 A.
894 2207 1011 2260 Quid
1033 2218 1213 2269 propter
1239 2221 1357 2255 recte
1377 2211 1494 2257 facta

102 2291 250 2322 nonne
269 2277 468 2322 homines
488 2277 750 2338 plerumque
772 2278 964 2322 damnati
983 2283 1119 2324 sunt?
1139 2284 1333 2326 Recense
1354 2284 1491 2329 histo—

102 2349 210 2394 riam
225 2383 237 2400 ,
261 2364 316 2392 ne
336 2357 378 2393 te
397 2349 452 2393 ad
473 2348 578 2393 alios
595 2348 729 2393 libros
743 2349 929 2405 mittam,
956 2365 1048 2395 eam
1069 2352 1205 2411 ipsam
1222 2370 1322 2414 quae
1340 2354 1486 2401 divina

103 2421 359 2466 auctoritate
380 2419 590 2480 praecellit
607 2442 618 2479 3
637 2422 727 2481 jam
748 2422 940 2466 invenies
963 2439 1093 2483 quam
1117 2424 1228 2469 male
1259 2425 1313 2470 de
1343 2429 1485 2487 Apos-

103 2491 200 2536 tolis
221 2500 264 2536 et
286 2493 341 2535 de
363 2491 566 2537 omnibus
587 2492 853 2550 Martyribus
875 2494 1124 2550 sentiamus,
1145 2497 1178 2539 si
1200 2496 1341 2555 placet
1357 2499 1482 2543 nobis

104 2560 426 2607 damnationem
459 2571 626 2607 certum
659 2563 869 2608 indicium
899 2579 989 2610 esse
1022 2565 1262 2623 malefacti,
1296 2583 1396 2612 cum
1417 2568 1482 2613 illi
