1729 3143
204 218 259 256 10
632 223 666 251 s.
700 202 926 250 meus-rim
955 218 1138 248 zmscorr

202 290 422 337 calamitas
459 296 704 348 augeretur.
742 284 827 329 Ubi
858 292 1004 328 autem
1034 283 1114 327 ista
1148 295 1373 341 perpessus
1412 283 1458 326 in
1490 284 1581 327 Deo

201 375 280 406 suo
299 359 459 404 mansit
470 355 717 409 immobilis,
731 355 823 414 ejus
838 355 991 398 affixus
1008 361 1072 397 est
1092 350 1326 406 voluntati,
1343 366 1474 410 quem
1491 365 1583 396 non

201 439 346 491 posset
362 430 556 475 amittere
572 426 653 470 nisi
674 426 847 484 propria
861 424 1110 481 voluntate,
1135 431 1179 466 et
1200 437 1279 480 pro
1291 421 1342 464 iis
1363 436 1462 480 quae
1479 436 1582 479 per-

201 499 314 544 didit
335 513 434 543 eum
453 497 528 556 qui
541 494 722 540 abstulit
742 495 900 549 tenuit,
926 494 971 537 in
989 508 1077 552 quo
1098 491 1314 536 inveniret
1333 489 1454 550 quod
1474 505 1585 534 nun-

200 584 332 628 quam
357 567 530 625 periret.
561 567 712 625 Neque
746 564 863 607 enim
897 562 969 606 ille
1007 560 1242 606 abstulerat
1281 560 1358 620 qui
1396 559 1584 603 nocendi

199 636 355 681 habuit
368 635 653 688 voluntatem,
665 632 820 677 sedille
834 633 910 692 qui
924 632 1104 676 dederat
1119 639 1394 690 potestatem.
1406 632 1588 687 Aggres-

200 721 274 750 sus
286 705 558 749 estinimicus
580 713 624 748 et
646 718 819 761 corpuS,
846 717 925 746 nec
943 717 993 746 ea
1014 717 1114 761 quae
1130 700 1299 745 homini
1321 699 1585 743 extrinsecus

196 775 385 828 inerant,
407 773 482 817 sed
499 775 640 832 ipsum
657 774 748 832 jam
770 772 991 816 hominem
1013 771 1058 814 in
1071 786 1158 830 qua
1177 770 1321 828 potuit
1339 777 1462 827 parte
1483 783 1586 827 per—

200 844 346 888 cussit.
369 847 402 887 Α
425 843 565 901 capite
588 857 726 901 usque
751 841 808 885 ad
832 840 963 900 pedes
984 839 1196 884 ardebant
1216 839 1428 893 dolores13
1448 846 1587 881 scate-

198 914 307 956 bant
327 927 491 956 vermes
506 947 516 965 ,
543 912 680 955 sanies
698 912 921 954 defluebat
943 929 951 954 :
977 910 1183 953 manebat
1204 909 1251 951 in
1270 907 1387 966 putri
1406 920 1588 965 corpore

200 984 368 1026 animus
385 983 550 1038 integer
567 1015 579 1035 ,
610 979 938 1039 horrendosque
956 980 1173 1023 cruciatus
1191 978 1330 1021 carnis
1353 976 1589 1020 contabes-

200 1051 336 1095 centis
365 1049 569 1093 inviolata
592 1049 750 1107 pietate
773 1058 816 1091 et
830 1050 1080 1106 incorrupta
1099 1047 1307 1106 patientia
1324 1044 1584 1104 perferebat.

200 1122 362 1165 Aderat
391 1135 521 1174 uxor,
567 1135 647 1163 nec
679 1119 848 1162 ferebat
890 1133 1018 1176 opem
1051 1118 1244 1172 aliquam
1281 1117 1389 1169 viro,
1430 1115 1507 1159 sed
1543 1115 1588 1159 in

201 1192 339 1232 Deum
360 1189 672 1243 blasphemiam
692 1186 965 1241 suggerebat.
989 1186 1085 1227 Non
1101 1183 1215 1225 enim
1238 1196 1333 1224 eam
1360 1181 1588 1237 diabolus,

200 1271 301 1301 cum
324 1255 454 1298 etiam
475 1254 586 1297 filios
607 1254 877 1306 abstulisset,
916 1262 1125 1311 tanquam
1148 1252 1334 1295 nocendi
1364 1252 1590 1309 imperitus

201 1326 461 1384 reliquerat,
482 1339 580 1381 quae
618 1332 832 1383 quantum
860 1332 969 1366 esset
992 1322 1229 1365 necessaria
1251 1322 1478 1375 tentatori,
1497 1323 1589 1381 jam

201 1397 247 1439 in
270 1398 361 1438 Eva
383 1394 592 1438 didicerat
605 1397 637 1437 ².
671 1394 753 1437 Sed
781 1392 912 1436 modo
934 1392 1120 1436 alterum
1142 1392 1281 1436 Adam
1298 1425 1309 1444 ,
1345 1406 1477 1450 quem
1512 1407 1588 1450 per

200 1464 427 1508 mulierem
448 1472 636 1521 caperet,
657 1478 746 1506 non
763 1462 1001 1505 invenerat.
1028 1461 1207 1506 Cautior
1221 1460 1304 1504 fuit
1332 1461 1411 1504 iste
1445 1461 1490 1504 in
1513 1462 1589 1505 do-

202 1534 385 1588 loribus,
409 1549 541 1592 quam
564 1532 636 1576 ille
652 1533 698 1576 in
712 1532 963 1576 nemoribus
983 1551 991 1576 ι
1016 1531 1089 1574 ille
1102 1531 1241 1574 victus
1263 1540 1327 1575 est
1347 1532 1393 1574 in
1404 1531 1586 1586 deliciis,

201 1604 281 1648 iste
297 1604 401 1647 vicit
433 1604 479 1646 in
495 1603 636 1661 poenis
661 1622 670 1646 z
696 1602 912 1646 consensit
932 1601 1004 1644 ille
1026 1601 1371 1654 oblectamentis,
1388 1616 1478 1644 non
1498 1616 1591 1646 ces-

202 1674 257 1717 sit
277 1673 355 1716 iste
370 1672 608 1715 tormentis.
636 1671 829 1715 Aderant
851 1680 893 1714 et
911 1671 1054 1724 amici,
1082 1685 1171 1714 non
1195 1679 1245 1713 ut
1271 1671 1316 1713 in
1342 1670 1464 1713 malis
1481 1685 1590 1714 con-

202 1742 444 1788 solarentur
455 1776 465 1796 ,
490 1741 565 1784 sed
581 1750 629 1784 ut
645 1740 804 1784 malum
818 1741 1155 1799 suspicarentur.
1181 1742 1332 1799 Neque
1347 1740 1464 1782 enim
1488 1755 1587 1783 eum

203 1813 281 1872 qui
302 1820 422 1855 tanta
448 1811 710 1869 patiebatur,
736 1812 1013 1855 innocentem
1029 1825 1120 1853 esse
1140 1809 1394 1863 credebant,
1420 1825 1500 1853 nec
1521 1818 1589 1853 ta-

206 1882 334 1926 cebat
355 1896 504 1925 eorum
523 1880 672 1938 lingua
690 1879 807 1939 quod
834 1878 950 1922 illius
967 1880 1233 1923 conscientia
1254 1893 1344 1922 non
1369 1879 1588 1937 habebat,

206 1961 256 1996 ut
276 1952 388 1996 inter
408 1952 616 1995 immanes
649 1951 865 1994 cruciatus
885 1950 1098 2007 corporis,
1124 1949 1251 1992 etiam
1283 1948 1400 1992 falsis
1424 1949 1591 1993 animus

206 2022 447 2067 caederetur
468 2021 723 2080 opprobriis.
762 2024 819 2064 At
850 2020 923 2063 ille
954 2020 1167 2064 sustinens
1194 2020 1238 2062 in
1273 2034 1403 2062 carne
1422 2018 1592 2063 dolores

207 2108 331 2146 SUOS,
352 2094 396 2135 in
418 2091 549 2136 corde
570 2106 733 2135 errores
758 2090 939 2144 alienos,
965 2089 1159 2149 conjugis
1192 2090 1452 2148 corripiebat
1487 2089 1591 2133 insi-

208 2161 415 2220 pientiam
434 2195 445 2214 ,
479 2160 638 2204 amicos
670 2160 857 2204 docebat
887 2159 1166 2218 sapientiam,
1198 2160 1397 2203 servabat
1428 2159 1591 2217 ubique

208 2239 474 2289 patientlam.

266 2302 323 2343 X.
360 2302 488 2343 Hunc
502 2299 770 2353 intueantur,
784 2299 859 2358 qui
880 2298 960 2340 sibi
978 2298 1184 2355 ingerunt
1196 2305 1397 2350 mortem,
1413 2295 1590 2355 quando

209 2378 465 2428 quaeruntur
486 2369 539 2412 ad
561 2369 693 2412 vitam
713 2379 782 2426 ,et
803 2369 884 2412 sibi
903 2367 1140 2411 auferendo
1162 2377 1415 2426 praesentem
1431 2401 1442 2421 ,
1463 2367 1589 2410 abne-

210 2447 313 2496 gant
336 2447 379 2481 et
406 2437 612 2481 futuram.
645 2438 729 2490 Qui
751 2438 784 2482 si
808 2437 862 2481 ad
893 2438 1113 2481 Christum
1141 2435 1388 2493 negandum
1422 2435 1489 2480 vel
1511 2435 1589 2479 ali-

261 2521 363 2552 ¹J0b.
383 2532 417 2558 n,
439 2531 469 2561 7.
488 2538 527 2543 -
543 2529 553 2543 ²
575 2524 654 2553 Gen.
674 2532 721 2561 ιιι,
745 2533 770 2551 1.
