1729 3143
219 243 270 280 88
641 252 672 277 s.
709 248 939 277 Anonsnm
971 249 1151 278 Emscom

215 325 279 361 est
296 351 307 371 ‚
345 315 391 360 id
412 324 474 359 est
493 349 503 368 ‚
529 329 617 357 non
644 321 694 357 ut
711 311 964 371 judicentur
985 323 1211 372 resurgent
1231 349 1242 369 ‚
1274 315 1375 374 quia
1394 330 1473 374 per
1494 315 1596 359 infi-

214 386 436 430 delitatem
458 384 559 428 olim
583 382 777 426 damnati
795 391 918 437 sunt,
939 383 1179 427 secundum
1199 383 1317 428 illam
1337 385 1596 429 sententiam

212 456 507 500 dominicam:
547 470 564 491 «
592 453 677 505 Qui
714 468 802 497 non
840 453 1006 508 credit,
1042 455 1131 513 jam
1160 454 1383 514 judicatus
1419 464 1482 498 est
1511 457 1542 499 ¹.
1574 475 1593 496 »

212 525 443 584 Apostolus
479 532 624 567 autem
655 532 706 567 ut
739 523 911 568 tolleret
934 525 988 568 de
1009 524 1215 569 cordibus
1237 526 1482 569 infidelium
1503 541 1598 570 om-

211 610 310 638 nem
333 593 653 637 dubitationem
668 628 678 648 ,
714 595 964 638 seminantis
986 596 1211 654 proposuit
1233 595 1564 639 similitudinem
1584 630 1596 650 ,

210 673 252 706 et
286 664 344 707 ait
383 682 392 706 z
435 682 452 702 «
482 663 643 717 Stulte,
670 671 718 706 tu
750 662 871 722 quod
899 665 1084 708 seminas
1108 680 1197 708 non
1219 665 1464 709 vivificatur
1481 700 1492 719 ‚
1519 665 1601 709 nisi

215 754 231 773 »
260 734 469 777 moriatur
485 736 516 776 ².
548 754 564 773 »
593 732 706 784 Quid
734 741 880 776 autem
913 735 989 777 fiat
1021 735 1066 777 in
1098 734 1262 778 semine
1283 769 1294 788 ,
1319 744 1427 793 puto
1461 735 1602 777 nemi-

208 819 308 847 nem
331 812 525 846 vestrum
551 804 775 861 ignorare,
803 803 1176 862 quemadmodum
1211 820 1342 862 grana
1364 805 1566 848 triturata
1587 838 1598 859 ,

207 882 391 931 purgata
413 909 424 927 ‚
460 872 686 917 recondita
720 871 1000 932 proferantur
1020 908 1031 928 ,
1068 873 1352 933 projiciantur
1369 909 1381 929 ‚
1407 874 1601 918 obruan-

208 951 294 986 tur.
321 943 412 988 Nisi
437 943 551 986 enim
574 951 682 986 esset
703 943 850 987 messis
872 942 1073 987 fertilitas
1092 952 1195 987 nota
1217 977 1228 997 ‚
1253 943 1333 987 ista
1354 941 1605 987 crederetur

1696 829 1698 853 Ι

207 1013 389 1057 insania,
420 1016 628 1058 Attamen
650 1028 752 1057 cum
774 1013 1024 1057 obruuntur
1055 1022 1098 1057 et
1129 1013 1183 1057 ab
1206 1012 1342 1057 oculis
1364 1013 1606 1057 demittun·
1696 985 1702 1167 1

210 1091 282 1125 tur
309 1083 391 1123 sub
417 1087 531 1122 terra
549 1112 560 1131 ‚
586 1086 759 1121 mortua
777 1081 939 1136 Jacent.
970 1080 1066 1120 Jam
1089 1078 1124 1120 si
1147 1078 1371 1121 curiositas
1393 1080 1535 1136 exigat
1557 1095 1607 1123 ea

209 1149 357 1194 videre
393 1157 628 1207 antequam
665 1146 812 1206 pluvia
850 1147 1084 1191 descendat
1114 1166 1122 1191 :
1156 1147 1276 1191 videt
1310 1148 1607 1207 putrefactum

214 1228 345 1279 atque
383 1227 641 1277 corruptum
677 1217 797 1277 quod
829 1216 1058 1261 demiserat
1095 1217 1328 1275 integrum.
1366 1221 1424 1262 At
1450 1218 1485 1263 si
1511 1234 1606 1278 spes

213 1289 360 1333 messis
382 1288 519 1343 desit,
551 1287 677 1331 dolor
700 1303 775 1331 cor
797 1288 883 1331 urit
905 1307 915 1343 3
948 1286 1184 1346 perdidisse
1217 1303 1261 1331 se
1291 1289 1429 1332 credit
1449 1323 1460 1343 ‚
1485 1289 1604 1348 quod

217 1358 491 1402 reconditum
524 1357 694 1400 habuit,
735 1358 848 1398 Cum
875 1365 1022 1399 autem
1045 1356 1189 1414 pluvia
1212 1357 1465 1412 advenerit,
1491 1373 1606 1417 quo-

217 1429 349 1472 modo
371 1427 558 1471 delectat
581 1424 791 1482 respicere
814 1425 993 1468 herbam
1019 1426 1227 1469 virentem
1241 1460 1251 1480 ‚
1277 1426 1492 1470 calamum
1511 1443 1606 1472 sur-

219 1507 387 1555 gentem
407 1529 418 1549 ,
444 1494 498 1538 ad
520 1494 658 1538 nodos
675 1495 1001 1553 pervenientem
1017 1529 1028 1549 ‚
1051 1495 1246 1539 culmum
1264 1496 1602 1555 producentem,

216 1566 352 1625 spicas
376 1563 696 1622 proferentem?
715 1563 981 1608 Delectat-ne
998 1564 1144 1609 videre
1161 1566 1282 1625 quod
1299 1577 1521 1611 mortuum
1538 1569 1607 1627 ja-

219 1635 372 1689 cebat,
399 1635 458 1677 sic
482 1634 710 1677 revixisse?
735 1633 820 1678 Sed
841 1649 931 1678 non
953 1635 1034 1677 sibi
1063 1636 1251 1694 assignet
1272 1646 1384 1681 terra
1407 1636 1607 1682 fertilita-

216 1714 304 1749 tem
325 1739 335 1758 ‚
378 1704 585 1762 quoniam
618 1722 637 1744 «
664 1704 874 1747 Dominus
911 1704 985 1747 dat
1017 1705 1274 1749 suavitatem
1298 1707 1329 1749 4.
1361 1727 1377 1747 »
1413 1708 1455 1750 Si
1490 1708 1605 1751 enim

219 1773 365 1833 pluvia
402 1774 586 1830 desuper
627 1789 715 1816 non
752 1773 1016 1828 descendat,
1054 1774 1183 1817 etiam
1216 1783 1327 1817 terra
1367 1775 1482 1819 bona
1515 1792 1605 1820 non

217 1844 354 1903 spicas
370 1877 380 1897 ,
405 1843 482 1886 sed
504 1842 669 1900 profert
692 1844 834 1901 spinas
858 1859 957 1902 quae
987 1844 1074 1900 igni
1108 1843 1336 1888 tradantur
1352 1879 1363 1899 ‚
1394 1860 1484 1889 non
1505 1862 1605 1905 quae

218 1915 373 1958 horreo
409 1913 715 1957 recondantur.
760 1913 961 1956 Similiter
1000 1922 1042 1957 et
1076 1922 1189 1958 terra
1226 1924 1397 1969 nostra,
1426 1915 1509 1959 hoc
1542 1925 1606 1960 est

219 2000 318 2028 caro
341 1993 487 2027 nostra
503 2019 513 2038 ,
540 1984 627 2027 sive
649 1984 744 2037 hic,
772 1984 858 2028 sive
879 1984 938 2027 ibi
956 2019 966 2038 ,
994 2000 1082 2028 non.
1107 1985 1188 2028 sibi
1210 1987 1396 2044 assignet
1418 1987 1570 2030 merita
1591 2006 1600 2031 :

218 2054 293 2098 sed
311 2062 514 2110 agnoscat
535 2054 663 2096 etiam
683 2052 769 2096 illic
788 2063 1060 2112 accepturam
1084 2069 1127 2097 se
1152 2055 1331 2112 gratiam
1352 2071 1430 2114 pro
1450 2056 1599 2113 gratia.

276 2126 379 2167 XII.
405 2127 456 2167 In
477 2124 565 2167 vita
586 2132 762 2167 aeterna.
790 2126 957 2167 Bonum
992 2139 1120 2167 omne
1143 2123 1254 2168 illud
1275 2159 1286 2179 ‚
1322 2124 1443 2184 quod
1461 2140 1604 2169 resus-

216 2194 474 2248 citabimur,
500 2192 620 2254 quod
655 2209 678 2237 a
716 2194 899 2252 peccatis
935 2193 1250 2249 liberabimur,
1291 2196 1604 2253 sempiternum

219 2265 299 2307 erit
319 2299 329 2318 ‚
365 2273 407 2307 et
441 2264 539 2307 ideo
563 2264 730 2307 bonum
759 2264 1071 2323 sempiternum
1094 2264 1172 2308 erit
1192 2299 1203 2319 ‚
1239 2265 1339 2323 quia
1374 2264 1418 2306 in
1441 2274 1603 2308 aeterna

217 2334 305 2376 vita
328 2334 532 2378 manebit.
559 2333 687 2387 Quod
708 2335 763 2378 sit
785 2344 930 2378 autem
953 2334 1063 2378 illud
1086 2335 1251 2378 bonum
1273 2334 1393 2393 quod
1416 2335 1602 2393 promit-

218 2402 270 2444 tit
306 2405 419 2446 Deus
443 2404 597 2448 sanctis
625 2405 710 2447 suis
730 2438 742 2459 2
780 2404 876 2463 quis
906 2403 1091 2462 explicet
1113 2403 1252 2448 verbis
1275 2404 1391 2447 suis?
1415 2404 1603 2449 Facilius

218 2479 364 2515 tamen
384 2487 609 2530 possumus
642 2474 785 2518 dicere
813 2474 858 2516 in
884 2473 957 2516 illa
983 2476 1071 2518 vita
1092 2482 1251 2517 aeterna
1282 2473 1388 2532 quid
1417 2474 1478 2516 ibi
1511 2489 1601 2518 non

1703 938 1707 974 l

1706 1093 1708 1101 ι

1708 1180 1709 1187 η

1698 1170 1703 1259 l

271 2562 276 2576 ¹
296 2555 373 2585 Psal.
394 2557 463 2589 1,5.
485 2574 522 2578 —
546 2564 557 2578 7
581 2561 669 2588 joan.
692 2569 741 2593 ιῐι,
771 2558 818 2589 18.
835 2556 930 2588 -31
956 2560 1026 2588 Cor.
1048 2569 1111 2596 xv,
1133 2557 1184 2588 36,
1208 2575 1247 2579 —
1264 2557 1279 2586 ln
1299 2558 1377 2590 Psal.
1397 2568 1524 2595 Lxxxiv,
1548 2559 1597 2591 ¹3.
