1729 3143
262 166 345 204 126
686 173 719 201 s.
755 170 987 199 AUGUSTINI
1019 171 1201 198 EPISCOPl

257 242 469 286 sentinam
479 255 502 283 a
513 237 711 298 peccatis,
723 251 801 295 per
809 235 1105 292 eleemosynas
1115 235 1353 279 mundetur
1362 236 1624 280 conscientia
1631 270 1641 279 .

256 314 354 358 Non
369 309 631 369 impediatur
644 307 774 366 hujus
787 307 923 350 nostri
941 320 1090 350 cursus
1107 305 1283 364 navigii,
1307 320 1537 364 operemur
1549 319 1645 349 ma-

255 382 384 426 nibus
399 389 448 424 ut
460 392 704 438 possumus.
723 377 926 421 Manibus
944 377 1030 421 suis
1048 377 1262 420 sentinam
1275 375 1556 419 exhauriebat
1571 375 1647 435 qui
1694 381 1695 386 ’

256 450 458 494 dicebat:
486 466 507 490 ιι
520 447 726 492 Manibus
744 448 850 491 meis
871 462 1017 492 coram
1034 462 1086 492 eo
1102 455 1230 491 nocte
1244 481 1255 502 ,
1286 455 1331 490 et
1350 461 1441 490 non
1455 460 1551 489 sum
1566 444 1647 489 de-

259 536 277 561 »
299 528 450 578 ceptus
460 521 491 562 ².
508 536 529 559 »
553 519 653 563 Non
667 516 936 576 negligamus
950 527 1097 562 nostra
1114 525 1292 576 peccata
1310 535 1320 562 ι
1340 515 1510 560 minuta
1525 523 1644 569 sunt,

212 604 223 607 ·
252 588 327 633 sed
347 589 486 634 multa
507 597 624 633 sunt.
660 587 842 632 Fluctus
864 603 979 633 unus
1008 587 1179 632 validus
1201 587 1371 631 irruens
1394 585 1544 630 obruit
1565 599 1646 628 na-

251 673 374 715 vem,
397 660 679 719 minaturque
708 658 988 718 naufragium
1017 676 1026 702 :
1059 657 1221 701 humor
1252 666 1399 701 autem
1419 671 1498 715 per
1519 654 1649 698 rimas

251 728 441 773 influens
465 739 510 774 et
535 730 582 774 in
609 728 827 774 sentinam
861 728 1039 773 veniens
1054 761 1065 783 ,
1090 727 1172 771 nisi
1212 725 1400 770 subinde
1437 725 1646 779 siccetur,

250 799 335 844 hoc
355 799 475 845 idem
496 799 616 846 facit.
637 803 753 858 Ergo
771 799 1050 844 exhauriatur
1071 797 1241 843 sentina
1255 831 1266 853 ‚
1289 812 1381 841 non
1400 795 1650 854 negligatur
1694 821 1699 859 ιζ

250 871 546 918 misericordia
567 891 577 916 ε
608 872 758 925 «Quia
779 871 1057 929 eleemosyna
1079 886 1103 914 a
1123 878 1264 914 morte
1285 868 1443 912 liberat
1458 901 1469 922 ‚
1493 875 1538 909 et
1558 865 1651 924 ipsa
1695 880 1699 952 Ι

253 959 274 984 »
308 951 472 1002 purgat
498 944 724 1003 peccata2.
746 960 767 984 »
805 942 930 987 Adsit
962 952 1109 988 nostra
1137 939 1276 986 tutela
1303 937 1465 985 Christi
1488 935 1648 995 gratia,
1696 953 1699 986 ι

248 1011 447 1057 celeuma
457 1022 656 1057 nostrum
669 1012 799 1056 dulce
813 1022 1038 1056 cantemus
1051 1010 1239 1056 Alleluia
1255 1026 1267 1054 :
1281 1018 1332 1053 ut
1344 1008 1435 1052 laeti
1448 1022 1497 1051 ac
1512 1003 1654 1051 securi

247 1080 549 1138 ingrediamur
579 1076 890 1135 sempiternam
919 1091 968 1120 ac
1002 1075 1295 1120 felicissimam
1323 1076 1528 1134 patriam.
1554 1075 1654 1119 Non

246 1157 417 1194 metuat
439 1148 584 1192 anima
604 1161 724 1191 mare
745 1147 831 1190 hoc
849 1159 1076 1204 magnum,
1098 1145 1311 1190 saeculum
1329 1144 1509 1199 scilicet,
1530 1142 1653 1201 cujus

253 1221 417 1265 fluctus
436 1233 484 1262 ac
502 1217 699 1263 turbines
720 1217 928 1261 sentimus
950 1216 1144 1260 inimicas
1158 1215 1308 1259 saeculi
1324 1224 1577 1274 potestates.
1600 1219 1654 1261 In

249 1293 341 1335 Deo
373 1298 596 1349 sperantes
621 1287 749 1332 multi
773 1288 867 1347 jam
898 1287 1037 1331 saneti
1061 1287 1140 1331 hos
1168 1286 1330 1330 fluctus
1365 1296 1648 1345 spreverunt,

249 1359 378 1405 multi
400 1359 694 1411 calcaverunt,
714 1357 843 1401 multi
861 1372 991 1415 super
1011 1357 1104 1415 ejus
1128 1371 1261 1416 aquas
1283 1356 1560 1401 ambulantes
1583 1370 1650 1400 se-

213 1482 215 1486 ,
249 1431 342 1475 curi
364 1429 418 1474 ad
434 1430 620 1489 patriam
637 1435 946 1487 pervenerunt.
976 1425 1059 1471 Sed
1091 1427 1259 1485 exurgit
1291 1435 1447 1471 ventus
1478 1425 1649 1471 validus

250 1510 294 1545 et
315 1516 474 1559 magna
495 1508 744 1558 tempestas,
766 1513 842 1541 sua
861 1498 1074 1557 cujusque
1092 1496 1323 1556 cupiditas.
1348 1497 1530 1541 Titubat
1540 1496 1651 1541 fides

249 1572 296 1614 in
318 1569 450 1625 mari,
482 1569 639 1614 elamet
660 1569 705 1612 in
719 1577 762 1612 te
775 1571 928 1611 Petrus
947 1585 955 1610 :
982 1567 1182 1620 Domine,
1208 1567 1363 1626 pereo3
1387 1586 1396 1610 2
1417 1565 1542 1610 dabit
1561 1580 1653 1610 ma-

249 1655 359 1685 num
380 1639 623 1698 mergenti,
648 1653 729 1682 nec
750 1637 851 1682 sinit
869 1635 1009 1695 perire
1029 1635 1104 1679 ille
1126 1636 1203 1696 qui
1221 1645 1401 1696 propter
1422 1651 1501 1681 nos
1522 1650 1651 1695 super

249 1726 383 1771 aquas
400 1709 602 1770 dignatus
617 1718 681 1754 est
695 1708 935 1753 ambulare.
955 1707 1067 1752 Vide
1085 1708 1331 1766 apostolum
1345 1707 1548 1762 Paulum,
1565 1707 1651 1751 hoc

247 1782 471 1840 navigium
487 1797 578 1826 non
596 1780 738 1825 solum
760 1780 1134 1824 demonstrantem
1155 1814 1165 1834 ‚
1191 1778 1478 1823 verumetiam
1496 1793 1650 1823 ascen-

249 1853 452 1908 dentem,
490 1861 533 1897 et
555 1850 903 1912 quamplurimos
923 1849 1200 1894 invitantem.
1228 1849 1418 1903 Quando
1440 1847 1616 1893 dicebat
1636 1863 1646 1889 :

252 1941 274 1965 «
297 1923 520 1967 Habentes
540 1922 707 1967 victum
724 1929 766 1965 et
784 1929 1088 1979 tegumentum
1104 1920 1188 1974 ,his
1210 1919 1408 1964 contenti
1422 1918 1575 1962 simus⁴
1595 1937 1604 1962 :
1625 1935 1645 1959 »

247 1993 355 2052 quid
391 1992 510 2038 aliud
545 2008 680 2053 quam
716 1999 1039 2050 competentem
1074 1989 1289 2034 sitarciam
1325 1989 1642 2048 imponendam

249 2078 339 2108 esse
377 2063 678 2108 monstrabat?
710 2061 897 2115 Quando
930 2059 1133 2104 dicebat:
1177 2059 1325 2105 «Mihi
1353 2068 1502 2103 autem
1534 2057 1646 2102 absit
1710 2059 1714 2071 “

251 2151 272 2176 »
308 2134 507 2192 gloriari,
531 2134 612 2178 nisi
632 2134 677 2177 in
698 2148 828 2177 cruce
850 2132 1024 2177 Domini
1055 2131 1193 2176 nostri
1217 2133 1321 2175 Jesu
1342 2130 1502 2176 Christi
1521 2163 1532 2184 ,
1566 2143 1645 2188 per

253 2222 274 2246 »
308 2220 441 2265 quem
463 2205 572 2249 mihi
604 2204 795 2248 mundus
827 2203 1057 2248 crucifixus
1089 2211 1178 2258 est,
1205 2211 1250 2246 et
1270 2216 1352 2260 ego
1372 2199 1568 2244 mundo⁵
1591 2217 1601 2244 z
1622 2216 1645 2241 »

252 2289 409 2319 navem
443 2275 718 2320 ascendebat.
751 2273 938 2327 Quando
972 2273 1146 2317 dicebat
1174 2291 1183 2318 :
1216 2271 1393 2316 Induite
1427 2285 1503 2314 vos
1531 2269 1645 2313 sicut

257 2362 278 2386 η
313 2345 438 2391 electi
479 2347 586 2406 Dei,
619 2345 917 2405 benignitate,
953 2344 1200 2390 humilitate
1218 2377 1229 2399 ,
1274 2340 1608 2401 longanimitate
1629 2374 1640 2395 ,

304 2448 315 2465 ¹
341 2443 546 2485 Psal.Lxxv1,
568 2444 599 2476 3.
620 2460 661 2467 -
677 2451 689 2467 ²
709 2443 834 2484 Tobiae,
851 2454 883 2474 v.
908 2453 959 2475 11.
977 2458 1018 2466 -
1039 2440 1053 2465 3
1067 2439 1189 2474 Matth.
1212 2449 1282 2480 xxv,
1303 2439 1357 2472 30,
1373 2436 1441 2468 -4
1463 2448 1476 2470 ι
1496 2437 1578 2470 Tim.
1598 2445 1645 2476 vl,

257 2500 290 2532 8.
311 2514 353 2522 —
370 2496 386 2521 5
403 2498 473 2531 Gal.
492 2509 536 2538 vi,
563 2499 615 2540 14.
