1729 3143
234 199 290 237 32
660 207 693 233 s.
729 202 961 231 Auecsnm
993 203 1175 231 Emscon

232 280 490 326 coaeternus,
515 270 570 314 de
587 284 673 329 qua
697 267 977 326 generatione
1000 266 1355 325 dixitPropheta:
1386 286 1405 310 «
1426 270 1620 313 Genera-

234 362 254 385 »
281 342 447 387 tionem
469 342 559 400 ejus
577 338 672 398 quis
690 337 910 382 enarrabit
923 341 934 362 ¹
952 338 969 379 ?
994 346 1159 382 »natus
1173 336 1228 381 de
1251 340 1376 381 Patre
1397 339 1489 383 sine
1504 348 1617 383 tem-

228 428 350 473 pore,
372 423 500 456 natus
521 418 584 453 est
612 423 663 452 ex
686 408 851 466 virgine
867 408 913 452 in
940 407 1213 468 plenitudine
1240 409 1461 468 temporis.
1483 413 1615 454 Istam

228 483 504 528 nativitatem
524 487 844 524 antecesserant
865 487 1076 538 tempora.
1090 479 1430 538 Opportunitate
1442 488 1617 539 tempo-

228 555 284 598 ris
300 588 311 608 ,
334 549 511 612 quando
530 549 691 606 voluit,
717 550 894 610 quando
916 549 1101 605 sciebat,
1122 560 1229 595 tunc
1248 559 1376 595 natus
1399 559 1466 595 est
1484 570 1494 596 :
1524 565 1616 596 non

225 623 340 666 enim
358 622 510 666 nolens
528 631 655 667 natus
677 630 754 665 est.
777 623 914 666 Nemo
931 629 1130 665 nostrum
1148 621 1250 680 quia
1271 621 1368 666 vult
1391 621 1584 665 nascitur
1600 656 1611 676 ,

224 701 269 736 et
290 707 420 736 nemo
441 701 637 737 nostrum
659 690 835 751 quando
857 690 953 735 vult
984 691 1194 736 moritur:
1226 690 1299 734 ille
1327 690 1507 750 quando
1534 706 1614 735 vo-

219 761 306 807 luit
327 771 454 806 natus
475 772 560 817 est,
581 763 758 823 quando
778 762 918 807 voluit
939 771 1137 806 mortuus
1160 773 1219 806 est
1236 783 1247 819 3
1272 761 1496 821 quomodo
1533 777 1614 806 vo-

215 830 305 876 luit
322 840 448 876 natus
471 841 536 876 est
556 833 611 875 de
627 832 817 890 virgine,
843 831 1067 891 quomodo
1090 832 1230 875 voluit
1248 841 1449 874 mortuus
1472 840 1538 874 est
1564 831 1612 873 in

214 914 368 945 cruce.
394 900 616 961 Quidquid
632 901 772 946 voluit
788 901 892 945 feeit
914 920 922 946 :
947 904 1049 960 quia
1070 901 1130 945 sic
1143 909 1236 944 erat
1256 901 1407 955 homo,
1429 909 1479 944 ut
1499 900 1613 943 late-

211 979 288 1016 ret
300 973 415 1015 Deus
436 989 445 1015 :
471 980 695 1030 susceptor
710 975 841 1026 Deus,
869 980 1094 1030 susceptus
1108 971 1240 1016 homo
1252 1005 1263 1025 ‚
1281 986 1396 1014 unus
1414 970 1614 1015 Christus

212 1042 340 1084 Deus
357 1050 400 1085 et
416 1042 566 1086 homo.

283 1113 361 1155 IX.
397 1115 460 1154 De
477 1126 604 1155 cruce
620 1111 754 1168 ipsius
782 1109 889 1168 quid
904 1110 1084 1168 loquar?
1113 1109 1220 1166 quid
1255 1109 1425 1153 dicam?
1461 1112 1615 1153 Extre-

210 1194 345 1223 mum
379 1194 512 1234 genus
546 1181 695 1222 mortis
723 1179 874 1235 elegit,
906 1194 961 1220 ne
984 1177 1162 1236 aliquod
1186 1192 1322 1234 genus
1351 1179 1500 1222 mortis
1525 1179 1615 1236 ejus

209 1251 258 1292 M
272 1256 436 1303 artyres
475 1244 774 1289 formidarent.
817 1247 1066 1290 Doctrinam
1105 1247 1295 1290 ostendit
1335 1247 1380 1289 in
1417 1248 1610 1301 homine,

209 1314 470 1374 exemplum
487 1315 707 1373 patientiae
727 1315 1040 1358 demonstravit
1056 1316 1100 1357 in
1118 1330 1260 1358 cruce.
1280 1316 1346 1358 Ibi
1364 1331 1489 1374 opus,
1511 1320 1613 1375 quia

208 1385 452 1431 excucifixus
472 1404 480 1428 2
511 1384 759 1442 exemplum
782 1384 938 1442 operis,
964 1399 1092 1440 crux3
1112 1386 1342 1442 praemium
1364 1386 1520 1443 operis,
1542 1402 1610 1429 re-

208 1455 443 1499 surrectio.
469 1454 670 1497 Ostendit
692 1454 817 1497 nobis
837 1454 882 1496 in
903 1468 1029 1497 cruce
1051 1454 1158 1511 quid
1182 1454 1382 1508 tolerare,
1421 1455 1612 1499 ostendit

206 1524 264 1569 in
279 1523 596 1568 resurrectione
614 1522 721 1582 quid
734 1538 904 1580 sperare
922 1521 1173 1565 debeamus.
1202 1526 1379 1567 Prorsus
1405 1533 1611 1583 tanquam

209 1595 485 1653 agonotheta
507 1608 701 1636 summus
724 1593 855 1636 dixit:
881 1596 982 1646 Fac,
1009 1601 1052 1635 et
1072 1591 1198 1636 tolle:
1226 1591 1292 1636 fac
1314 1609 1438 1652 opus,
1468 1604 1511 1638 et
1538 1610 1610 1639 ac-

208 1665 317 1722 cipe
340 1663 567 1721 praemium
587 1681 595 1706 :
621 1671 735 1706 certa
756 1663 800 1704 in
823 1677 977 1719 agone,
1003 1671 1046 1705 et
1067 1663 1356 1706 coronaberis.
1393 1664 1521 1716 Quod
1546 1674 1609 1708 est

208 1734 356 1791 opus?
387 1731 660 1775 Obedientia.
700 1731 826 1784 Quod
845 1740 907 1774 est
932 1731 1187 1789 praemium?
1223 1735 1496 1777 Resurrectio
1518 1735 1608 1777 sine

207 1811 375 1846 morte.
403 1804 545 1854 Quare
568 1800 732 1855 addidi,
757 1801 846 1843 sine
873 1804 1037 1844 morte?
1059 1801 1168 1853 Quia
1194 1803 1379 1846 surrexit
1403 1806 1603 1857 Lazarus,

207 1887 229 1915 e
243 1882 260 1916 t
294 1881 491 1915 mortuus
525 1880 614 1915 est:
640 1872 870 1914 resurrexit
891 1871 1087 1915 Christus
1106 1890 1114 1914 :
1137 1890 1157 1912 «
1178 1874 1273 1915 Jam
1292 1888 1380 1917 non
1403 1876 1602 1929 moritur,

212 1959 231 1983 n
279 1957 394 1986 mors
410 1942 447 1985 ei
467 1942 579 1986 ultra
597 1957 684 1985 non
701 1942 1039 1985 dominabitur2.
1063 1960 1082 1983 »

279 2014 334 2055 X.
373 2012 592 2070 Scriptura
610 2011 741 2055 dicit:
766 2031 783 2052 «
811 2011 1065 2055 Patientiam
1093 2012 1177 2055 Job
1197 2012 1389 2067 audistis,
1416 2024 1457 2057 et
1474 2015 1603 2058 finem

209 2100 229 2123 >i
280 2083 452 2125 Domini
463 2082 666 2125 vidistis&
683 2101 701 2122 »
714 2082 799 2125 Job
820 2091 981 2140 quanta
1001 2082 1241 2139 pertulerit,
1262 2097 1360 2126 cum
1383 2084 1541 2141 legitur
1562 2094 1605 2128 et

206 2151 490 2205 exhorretur,
511 2151 822 2208 expavescitur,
852 2151 1210 2194 contremiscitur.
1228 2152 1402 2211 thuid
1417 2154 1603 2211 recepit?

206 2224 231 2265 I
241 2221 361 2280 mpla
371 2237 501 2280 quam
515 2220 774 2280 perdiderat.
786 2224 902 2279 Ergo
914 2238 968 2265 ne
979 2222 1110 2266 homo
1121 2232 1296 2281 propter
1308 2224 1483 2281 praemia
1493 2233 1606 2267 tem-

207 2306 233 2349 p
244 2292 382 2335 oralia
392 2291 498 2335 velit
510 2292 667 2335 habere
681 2291 949 2350 patientiam,
961 2302 1002 2335 et
1018 2292 1132 2336 dicat
1143 2293 1223 2335 sibi
1239 2309 1249 2335 :
1270 2292 1463 2336 Tolerem
1475 2293 1602 2337 dam-

209 2375 345 2414 mum,
358 2362 509 2405 reddet
517 2362 622 2404 mihi
636 2365 748 2404 Deus
764 2361 873 2404 filios
887 2361 1064 2419 duplos:
1086 2365 1110 2406 J
1114 2363 1170 2406 ob
1180 2362 1323 2406 omnia
1333 2363 1467 2422 dupla
1480 2379 1601 2408 rece-

209 2430 299 2488 pit,
311 2439 354 2472 et
366 2431 550 2476 totfilios
565 2432 729 2490 genuit,
742 2440 849 2490 quot
864 2431 1088 2476 extulerat.
1102 2434 1308 2491 Nonergo
1323 2433 1458 2492 dupla
1470 2436 1601 2478 sunt?

260 2518 279 2557 J
299 2514 369 2544 lsai.
397 2525 447 2553 LV,
470 2515 500 2545 8.
519 2523 584 2538 —2
610 2518 698 2547 Rom.
720 2526 764 2554 vl,
787 2526 818 2556 9.
837 2532 878 2538 -
896 2514 908 2538 3
927 2518 1038 2548 Jacob.
1061 2526 1090 2555 v,
1113 2527 1163 2548 11.

1725 242 1729 397 ἐ
