1729 3143
406 197 460 223 DE
492 198 642 225 mni-:no
673 196 887 236 ARBrrmo,
922 199 1004 226 Lis.
1041 201 1107 227 111.
1368 194 1450 232 385

43 250 47 255 ¹
75 275 96 300 »
120 259 216 319 quis
233 258 446 319 templum
463 262 541 306 Dei
559 263 822 321 corruperit,
844 272 1094 323 corrumpet
1108 263 1233 309 illum
1248 268 1385 311 Deus¹
1401 288 1409 313 :
1426 286 1447 310 »

69 328 140 374 vel
153 328 304 373 ordine
319 331 599 376 mutabilium
613 347 760 376 rerum
777 331 855 376 sibi
870 333 1118 378 cedentium
1136 329 1375 381 secundum
1392 337 1449 382 le·

34 419 39 458 μ
69 413 139 458 ges
154 401 559 458 congruentissimas
576 418 655 462 pro
668 402 855 448 valentia
871 404 1082 464 cujusque
1093 407 1225 464 partis
1236 408 1449 453 universi-

0 498 1 501 =
33 459 39 484 ‘²
66 470 145 515 tati
159 470 294 516 datas.
316 474 467 532 Neque
481 473 598 516 enim
610 474 645 516 si
655 473 911 533 cujusquam
925 474 1073 519 oculos
1085 491 1163 535 pro
1179 486 1347 522 naturae
1359 494 1448 523 suae

0 567 2 573 ·
65 540 246 586 modulo
261 541 450 586 ferendae
467 542 576 587 lucis
590 542 803 587 invalidos
817 543 881 587 sol
896 543 1067 602 fulgore
1084 558 1354 608 corrumpat,
1373 558 1449 594 aut

63 610 118 657 ad
131 610 392 672 explendam
411 612 697 673 indigentiam
711 614 776 659 sui
788 613 965 659 luminis
982 630 1054 660 eos
1075 629 1344 665 commutare
1363 636 1448 680 pu-

28 706 32 713 =
61 681 222 728 tandus
239 692 322 739 est,
348 693 424 728 aut
438 684 483 728 id
499 684 642 729 facere
656 684 749 730 ullo
762 686 867 731 vitio
884 697 1062 745 su03aut
1074 689 1225 733 saltem
1238 691 1319 751 ipsi
1332 692 1449 737 oculi

60 753 337 813 vituperandi
351 763 454 798 sunt
468 789 479 810 ,
506 756 608 815 quia
625 765 668 800 et
688 756 867 801 domino
887 772 965 802 suo
989 769 1209 804 cesserunt
1229 770 1279 805 ut
1296 771 1449 807 contra

58 822 203 869 lucem
225 824 497 884 aperirentur
511 860 523 882 ‚
548 835 592 870 et
611 826 692 886 ipsi
712 825 807 885 lucij
823 835 874 871 ut
894 838 1292 888 corrumperentur.
1337 833 1447 876 Om-

57 895 182 939 nium
204 895 338 954 igitur
358 897 691 956 corruptionum
714 896 803 942 sola
825 914 924 957 quae
951 899 1104 944 vitiosa
1131 909 1195 944 est
1223 903 1445 961 corruptio

54 975 171 1010 recte
185 967 486 1026 vituperatur:
504 975 672 1011 caeterae
689 976 850 1022 autem,
870 976 946 1011 aut
964 983 1019 1012 ne
1034 969 1333 1028 corruptiones
1354 973 1447 1033 qui-

54 1035 154 1080 dem
175 1035 372 1080 dicendae
389 1045 506 1092 sunt,
524 1046 600 1082 aut
616 1046 733 1082 certe
748 1037 851 1097 quia
868 1037 1034 1082 vitiosae
1056 1054 1147 1083 non
1164 1050 1281 1096 sunt,
1301 1041 1445 1102 dignae

51 1105 370 1166 vituperatione
397 1122 487 1151 esse
505 1123 592 1152 non
617 1117 813 1167 possunt.
840 1110 949 1154 Nam
968 1119 1011 1154 et
1036 1110 1128 1170 ipsa
1149 1112 1414 1171 vituperatio
1430 1150 1441 1170 ,

50 1177 171 1238 quod
201 1175 278 1221 soli
310 1177 417 1222 vitio
445 1187 595 1237 parata
615 1213 625 1233 ‚
665 1178 712 1221 id
740 1188 819 1234 est,
857 1189 957 1238 apta
986 1189 1029 1224 et
1057 1180 1205 1226 debita
1233 1183 1286 1228 sit
1303 1219 1314 1239 ,
1340 1184 1443 1230 inde

50 1247 228 1292 traxisse
248 1246 512 1292 vocabulum
537 1247 745 1303 creditur,
768 1258 819 1293 ut
835 1250 1096 1308 vituperatio
1118 1251 1350 1297 diceretur.

106 1321 224 1362 XLI.
250 1318 416 1362 Vitium
445 1327 591 1362 autem
614 1353 624 1373 ‚
650 1327 700 1363 ut
722 1318 866 1363 dicere
888 1335 1130 1379 coeperam,
1152 1337 1243 1367 non
1267 1323 1442 1370 aliunde

46 1388 212 1432 malum
234 1398 322 1444 est,
353 1389 436 1432 nisi
457 1388 560 1449 quia
597 1397 767 1432 naturae
792 1387 1060 1436 adversatur.
1082 1392 1172 1450 ejus
1207 1393 1340 1452 ipsius
1378 1395 1439 1439 rei

44 1460 170 1518 cujus
191 1468 255 1504 est
276 1459 447 1504 vitium.
474 1457 600 1503 Unde
617 1457 896 1503 manifestum
913 1468 976 1503 est
995 1460 1108 1505 hanc
1127 1461 1325 1507 eamdem
1347 1480 1438 1509 rem
1494 1500 1497 1501 ν

5 1552 17 1634 d
44 1531 169 1590 cujus
191 1530 346 1575 vitium
365 1530 662 1589 vituperatur,
692 1538 847 1574 natura
869 1544 959 1574 esse
980 1528 1247 1576 laudabilem
1265 1553 1276 1591 3
1303 1533 1363 1578 ita
1385 1544 1435 1579 ut

43 1601 223 1646 omnino
246 1601 359 1645 hanc
380 1601 517 1660 ipsam
535 1600 898 1659 vituperationem
919 1599 1124 1645 vitiorum
1140 1636 1151 1656 ,
1176 1611 1435 1649 naturarum

3 1643 15 1685 l
39 1671 218 1716 laudem
236 1686 325 1715 esse
352 1671 568 1715 fateamur
587 1706 599 1725 ,
625 1686 775 1715 earum
801 1670 964 1715 scilicet
985 1686 1171 1730 quarum
1193 1673 1297 1718 vitia
1317 1675 1434 1719 vitu-

38 1751 262 1802 perantur.
295 1743 405 1795 Quia
435 1743 552 1785 enim
572 1742 728 1787 vitium
757 1750 925 1786 naturae
953 1742 1205 1787 adversatur
1222 1779 1232 1799 ‚
1258 1754 1432 1790 tantum

6 1813 12 1868 ζ
40 1812 215 1857 additur
231 1811 406 1856 malitiae
427 1812 634 1856 vitiorum
652 1846 663 1867 ,
684 1820 901 1872 quantum
919 1820 1175 1856 naturarum
1192 1814 1430 1873 integritati

37 1883 265 1928 minuitur.
290 1883 404 1927 Cum
424 1897 526 1941 ergo
547 1882 764 1942 vituperas
786 1882 940 1926 vitium
959 1915 969 1936 ,
994 1881 1040 1926 id
1062 1882 1258 1941 profecto
1276 1884 1428 1929 laudas

38 1955 161 2013 cujus
194 1953 489 2011 integritatem
517 1952 733 1996 desideras
766 1972 775 1996 z
803 1953 925 2011 cujus
957 1961 1105 1996 autem
1140 1954 1223 1998 nisi
1257 1964 1427 1999 naturae

3 2044 7 2058 ι
36 2023 360 2083 integritatem?
379 2025 543 2067 Natura
564 2022 681 2065 enim
702 2022 893 2081 perfecta
912 2057 923 2077 ,
952 2038 1041 2067 non
1060 2022 1202 2067 solum
1223 2024 1344 2069 nulla
1366 2026 1425 2071 vi-

4 2125 8 2131 -
37 2093 311 2153 tuperatione
330 2127 340 2147 ,
377 2091 453 2137 sed
490 2091 620 2136 etiam
651 2091 780 2136 laude
808 2093 854 2136 in
884 2107 962 2136 suo
991 2108 1148 2152 genere
1185 2093 1316 2154 digna
1340 2105 1419 2140 est.

0 2152 11 2242 'ff
37 2163 167 2218 Quod
189 2178 289 2221 ergo
313 2161 570 2223 perfectioni
594 2170 760 2206 naturae
781 2161 925 2206 deesse
955 2164 1219 2222 perspexeris
1239 2199 1249 2219 ,
1276 2164 1322 2209 id
1345 2181 1423 2211 vo-

0 2232 3 2261 2
36 2250 106 2280 cas
121 2234 275 2279 vitium
293 2269 304 2289 ‚
329 2234 427 2278 satis
448 2233 529 2277 tibi
551 2248 643 2276 eam
664 2233 834 2292 placere
851 2242 1095 2278 contestans
1112 2269 1122 2289 ‚
1148 2251 1281 2294 quam
1302 2237 1420 2282 vitu-

34 2306 255 2365 peratione
275 2303 614 2364 imperfectionis
631 2305 721 2363 ejus
743 2303 874 2348 velles
897 2319 986 2348 esse.
1006 2304 1259 2363 perfectam.

3 2417 7 2436 ¹
92 2378 233 2419 XLII.
272 2374 315 2419 Si
344 2375 477 2433 igitur
510 2374 771 2432 vituperatio
805 2373 1009 2418 vitiorum
1030 2409 1040 2429 ‚
1071 2376 1261 2434 ipsarum
1284 2377 1415 2421 etiam

0 2437 6 2506 j
35 2461 221 2505 quarum
243 2453 345 2489 sunt
361 2445 464 2489 vitia
480 2480 491 2500 ,
517 2454 769 2490 naturarum
788 2443 919 2489 decus
938 2443 1280 2506 dignitatemque
1301 2463 1418 2492 com-

13 1209 23 1263 l

9 1269 23 1406 l

13 1407 19 1426 1

0 2510 5 2565 l
79 2531 93 2552 ἲ
115 2541 127 2561 1
149 2532 220 2563 Cor.
243 2541 288 2570 ιιι,
314 2540 362 2571 17.

1 2572 3 2586 ⁴
170 2595 357 2624 cxxxlv.
1178 2585 1229 2624 25

0 2642 3 2669 Ι

0 2679 2 2734 ἱ

0 2752 2 2773 >
