1729 3143
234 243 316 283 426
663 251 696 280 s.
735 251 964 280 Avensa-rm
997 253 1178 282 Bmseom
1239 281 1241 283 ,

232 327 339 364 vunt
356 353 367 372 ‚
392 315 500 376 quid
517 316 596 360 ista
613 315 939 374 reprehendunt
955 332 1055 376 quae
1072 315 1127 361 ad
1143 332 1187 361 se
1205 317 1361 362 nolunt
1374 321 1605 378 pertinere,

229 403 328 431 cum
349 385 422 430 illa
443 401 542 445 quae
559 385 613 430 ad
634 401 678 429 se
699 386 914 445 pertinere
931 386 1106 442 dicunt,
1126 402 1216 432 non
1233 388 1461 433 noverint?
1482 389 1611 443 Quod

229 458 345 501 enim
367 456 550 500 miratur
572 457 780 502 Dominus
801 466 947 502 noster
962 492 973 512 ,
998 458 1124 502 nobis
1146 458 1394 503 mirandum
1418 475 1507 504 esse
1527 461 1611 518 sig-

227 528 405 582 nificat,
441 527 601 586 quibus
629 527 772 572 adhuc
808 537 872 572 est
901 544 1008 587 opus
1031 528 1090 572 sic
1119 530 1297 574 moveri.
1324 531 1485 575 Omnes
1511 545 1612 589 ergo

227 598 334 643 tales
356 607 501 643 motus
521 600 612 658 ejus
629 613 720 643 nou
736 600 981 658 perturbati
999 600 1131 643 animi
1149 608 1252 644 sunt
1267 601 1388 658 signa
1404 635 1417 656 ,
1442 601 1517 646 sed
1530 600 1612 646 do-

226 669 363 713 centis
381 670 587 728 magistri.
610 670 678 715 Sic
691 679 792 715 sunt
811 679 855 714 et
870 671 1002 715 verba
1020 670 1185 715 Veteris
1204 672 1493 727 Testamenti,
1514 688 1613 732 quae

227 756 317 784 non
334 744 471 785 Deum
489 741 711 785 infirmum
734 740 895 786 docent
909 775 921 797 ‚
946 741 1021 786 sed
1042 751 1200 787 nostrae
1219 742 1461 786 infirmitati
1483 742 1613 787 blan-

226 811 422 856 diuntur.
458 812 576 858 Nihil
605 814 719 857 enim
747 812 802 856 de
832 816 922 857 Deo
948 812 1079 872 digne
1105 813 1191 857 dici
1219 821 1374 872 potest.
1399 813 1531 859 Nobis
1548 822 1614 869 ta-

225 897 328 926 men
350 892 399 926 ut
421 884 668 922 nutriamur
682 911 694 931 ‚
718 892 762 920 ct
783 884 838 921 ad
862 899 910 920 ea
938 885 1239 936 perveniamus
1261 900 1361 944 quae
1383 884 1506 929 nullo
1526 885 1614 928 hu·
1667 899 1670 930 z

225 966 357 996 mano
394 963 593 994 sermone
621 947 708 993 dici
745 957 927 1007 possunt
951 983 962 1001 ‚
1001 964 1051 992 ea
1087 948 1296 994 dicuntur
1330 966 1430 1010 quae
1463 966 1615 1012 capere

225 1034 470 1081 possumus.

286 1094 383 1136 XV.
413 1109 433 1133 «
458 1092 515 1134 Et
537 1088 683 1134 divisit
705 1092 820 1134 Deus
842 1089 956 1134 inter
982 1089 1125 1134 lucem
1152 1098 1195 1135 et
1219 1090 1418 1136 tenebras
1433 1126 1444 1147 ,
1469 1101 1513 1136 et
1534 1109 1614 1139 vo-

229 1161 369 1206 »cavit
385 1163 499 1204 Deus
511 1159 644 1215 diem,
661 1163 849 1216 Lucem,
864 1169 907 1204 et
921 1161 1122 1205 tenebras
1135 1162 1305 1206 vocavit
1317 1197 1328 1217 ,
1345 1164 1523 1207 Noctem
1537 1166 1568 1207 ¹.
1590 1182 1610 1207 »

227 1234 308 1279 Hic
330 1248 419 1278 non
442 1232 608 1276 dictum
626 1241 688 1276 est
710 1251 719 1277 :
744 1233 865 1276 Fecit
888 1235 1002 1277 Deus
1020 1233 1218 1277 tenebras
1236 1255 1248 1291 3
1272 1234 1373 1294 quia
1392 1235 1583 1279 tenebrae
1600 1270 1611 1291 ,

225 1305 336 1350 sicut
367 1303 564 1363 superius
599 1302 765 1348 dictum
789 1313 853 1348 est
872 1338 883 1359 ‚
918 1303 1027 1348 lucis
1051 1305 1244 1349 absentia
1270 1314 1334 1349 est
1361 1324 1369 1350 :
1394 1305 1614 1351 distinctio

225 1384 371 1426 tamen
397 1374 511 1418 facta
532 1384 595 1419 est
618 1374 732 1418 inter
759 1373 904 1418 lucem
924 1384 967 1419 et
993 1376 1209 1418 tenebras.
1236 1375 1613 1427 Quemadmodum

225 1461 304 1490 nos
337 1444 566 1490 clamando
596 1461 749 1490 vocem
777 1445 988 1503 facimus,
1013 1445 1231 1489 silentium
1261 1454 1408 1489 autem
1431 1462 1520 1490 non
1542 1462 1614 1491 so-

226 1516 373 1561 nando
396 1516 580 1561 facimus
597 1552 608 1571 ‚
634 1517 735 1576 quia
757 1517 937 1561 cessatio
959 1517 1077 1560 vocis
1099 1516 1318 1560 silentium
1343 1526 1406 1560 est
1426 1536 1435 1561 :
1460 1515 1615 1562 distin-

227 1588 400 1648 guimus
417 1596 564 1632 tamen
582 1604 707 1632 sensu
726 1587 916 1647 quodam
938 1587 1052 1631 inter
1069 1602 1221 1631 vocem
1243 1597 1286 1632 et
1307 1587 1550 1643 silentium,
1572 1597 1615 1633 et

226 1659 335 1704 illud
368 1676 575 1705 vocamus
603 1675 753 1704 vocem
773 1695 784 1715 ,
819 1659 929 1703 illud
963 1659 1200 1704 silentium.
1237 1659 1614 1713 Quemadmodum

225 1745 329 1790 ergo
350 1741 467 1775 recte
488 1730 673 1774 dicimur
691 1729 831 1775 facere
848 1729 1084 1784 silentium,
1110 1731 1169 1773 sic
1192 1740 1308 1773 recte
1329 1730 1478 1773 multis
1500 1730 1614 1774 divi-

226 1815 380 1845 narum
419 1797 739 1861 Scripturarum
764 1800 869 1844 locis
896 1803 1010 1844 Deus
1033 1799 1194 1844 dicitur
1219 1798 1360 1843 facere
1386 1801 1610 1856 tenebras,

227 1873 329 1933 quia
355 1873 499 1917 lucem
529 1874 689 1933 quibus
712 1872 809 1917 vult
830 1871 1098 1931 temporibus
1121 1881 1164 1915 ct
1184 1871 1289 1915 locis
1308 1870 1380 1915 vel
1400 1886 1488 1915 non
1509 1870 1584 1916 dat
1598 1906 1610 1926 ,

227 1944 296 1989 vel
327 1944 530 1989 detrahit.
570 1947 663 1988 Hoc
693 1953 837 1988 autem
871 1952 1012 1988 totum
1035 1943 1091 1986 ad
1115 1942 1386 1987 intellectum
1417 1953 1613 1988 nostrum

226 2015 392 2061 dictum
417 2025 495 2060 est.
521 2018 617 2069 Qua
647 2016 761 2059 enim
789 2015 939 2073 lingua
960 2014 1131 2059 vocavit
1158 2017 1273 2059 Deus
1299 2013 1413 2058 diem
1441 2014 1582 2058 lucem
1599 2049 1611 2070 ,

227 2096 271 2131 et
301 2087 502 2131 tenebras
536 2096 710 2130 noctem
729 2121 740 2141 ‚
771 2095 920 2130 utrum
954 2086 1129 2130 hebraea
1147 2121 1159 2140 ,
1184 2102 1239 2130 an
1269 2101 1432 2144 graeca,
1463 2101 1518 2129 an
1547 2083 1614 2130 la-

228 2159 318 2201 tina
335 2193 345 2213 ,
372 2174 427 2201 an
445 2158 589 2218 aliqua
605 2156 720 2201 alia?
742 2166 785 2201 et
805 2158 862 2201 sic
885 2158 1027 2201 omnia
1047 2173 1145 2217 quae
1161 2157 1331 2202 vocavit
1344 2156 1517 2216 ,quaeri
1533 2171 1614 2215 po-

228 2236 311 2272 test
331 2245 419 2289 qua
440 2229 589 2287 lingua
610 2229 842 2273 vocaverit.
871 2228 954 2272 Sed
978 2229 1094 2288 apud
1115 2231 1255 2272 Deum
1272 2243 1407 2287 purus
1424 2226 1615 2271 intellec-

226 2305 296 2341 tus
316 2305 379 2340 est
396 2331 406 2351 ‚
430 2300 521 2344 sine
538 2301 722 2359 strepitu
740 2308 782 2343 et
802 2299 1048 2343 diversitate
1061 2299 1327 2358 linguarum.
1354 2316 1374 2339 «
1390 2297 1571 2342 Vocavit
1591 2315 1611 2338 »

231 2377 374 2411 autem
394 2366 559 2415 dictum
577 2380 666 2426 est,
691 2373 835 2415 vocari
856 2369 1001 2429 fecitis
1018 2369 1121 2429 quia
1142 2369 1202 2413 sic
1225 2368 1418 2413 distinxit
1439 2367 1585 2412 omnia
1602 2402 1613 2421 ‚

232 2447 275 2482 et
317 2439 559 2495 ordinavit,
584 2450 634 2483 ut
678 2451 721 2486 et
754 2441 938 2486 discerni
976 2449 1178 2501 possent,
1214 2449 1257 2484 et
1287 2439 1464 2484 nomina
1503 2438 1617 2481 acci-

230 2523 348 2567 pere.
377 2508 461 2553 Sed
479 2518 627 2568 postea
648 2526 728 2555 suo
748 2512 844 2559 loco
866 2512 1160 2572 requiremus,
1187 2520 1337 2556 utrum
1356 2523 1454 2554 vere
1471 2508 1529 2552 sic
1552 2517 1615 2551 est

283 2601 291 2616 ¹
318 2594 399 2626 Gen.
419 2605 441 2636 1,
466 2594 496 2627 5.
