1729 3143
227 186 310 225 564
663 194 696 221 s.
733 194 962 221 Aneusum
996 195 1174 222 EPISCOPI

220 276 321 306 cum
340 261 385 304 in
403 259 549 318 aliquo
566 272 785 301 versamur
801 257 945 302 officio
963 292 974 313 ‚
999 258 1045 302 id
1066 273 1243 319 quoque
1260 258 1451 302 officium
1473 273 1600 304 nemo

220 327 557 391 improbandum
580 328 1004 388 vituperandumque
1027 328 1305 373 dubitaverit.

291 401 501 444 XXVIII.
536 401 604 457 ³De
635 397 829 456 {Catilina
862 399 1080 443 memoriae
1110 398 1336 458 proditum
1359 407 1447 453 est,
1484 398 1603 458 quod

219 470 354 529 frigus
371 503 383 524 ,
424 468 537 512 sitim
561 502 572 524 ‚
610 467 771 512 famem
807 468 919 513 ferre
951 478 1121 529 poterat
1146 471 1176 512 ¹.
1215 471 1318 513 Haec
1374 477 1497 513 erant
1541 467 1604 512 illi

217 555 375 600 spurco
404 539 701 599 sacrilegoque
722 539 852 584 etiam
874 555 973 584 cum
998 539 1214 599 Apostolis
1231 541 1387 584 nostris
1408 553 1606 583 commu-

215 611 304 656 nia.
342 610 468 655 Unde
497 626 600 670 ergo
632 610 891 656 discernitur
927 611 1140 671 parricida
1177 611 1256 654 iste
1298 610 1353 654 ab
1390 608 1606 669 Apostolis

216 681 401 738 nostris,
434 681 516 725 nisi
550 681 638 725 fine
666 680 742 726 illo
778 697 912 741 quem
946 680 1280 726 diversissimum
1313 680 1607 739 sequebatur?

217 754 415 811 Namque
448 750 522 795 ille
557 751 638 796 ista
663 751 877 797 tolerabat
894 785 905 807 ,
944 761 993 797 ut
1011 750 1436 796 immoderatissimas
1457 759 1500 794 et
1521 750 1606 794 im-

215 822 484 867 manissimas
507 821 699 882 expleret
718 821 979 881 cupiditates
1002 841 1012 865 :
1038 822 1102 865 illi
1123 837 1147 866 e
1167 831 1320 867 contra
1341 830 1392 866 ut
1413 836 1482 866 eas
1503 835 1607 881 pre-

215 901 385 937 merent
402 927 413 948 ,
444 902 487 937 et
510 891 754 937 dominanti
781 891 939 936 rationi
961 891 1120 937 servire
1143 900 1364 950 cogerent,
1394 891 1545 935 Soletis
1566 900 1610 935 et

217 980 293 1009 vos
309 998 321 1020 ,
347 979 448 1009 cum
470 963 784 1008 catholicarum
805 962 928 1007 vobis
953 963 1174 1022 virginum
1193 960 1432 1006 multitudo
1449 961 1610 1021 praedi-

214 1044 338 1080 catur
353 1068 364 1090 ⁷
390 1035 532 1078 dicere
554 1051 565 1079 ς
585 1033 730 1078 Etiam
751 1032 870 1077 mula
887 1033 1011 1093 virgo
1033 1042 1112 1078 est.
1141 1035 1320 1077 Temere
1341 1031 1388 1076 id
1409 1031 1604 1092 quidem,

216 1102 402 1164 propter
416 1104 679 1164 imperitiam
700 1104 927 1149 catholicae
951 1103 1191 1164 disciplinae
1206 1138 1217 1159 ,
1249 1103 1325 1148 sed
1352 1111 1498 1147 tamen
1520 1103 1608 1161 sig-

217 1175 444 1220 nificantes
463 1190 621 1219 vanam
639 1190 727 1220 esse
744 1175 1058 1220 continentiam
1074 1175 1200 1219 istam
1219 1209 1230 1230 ,
1254 1174 1337 1218 nisi
1350 1173 1406 1218 ad
1419 1173 1609 1233 aliquem

216 1246 505 1291 rectissimum
527 1247 661 1290 finem
683 1255 799 1291 certa
821 1246 988 1291 ratione
1010 1244 1237 1289 referatur.
1267 1248 1453 1288 Possunt
1476 1252 1520 1287 et
1541 1259 1609 1287 ca-

214 1317 365 1362 tholici
382 1317 616 1362 Christiani
632 1326 820 1362 vestram
839 1333 862 1360 a
876 1317 978 1360 vino
997 1325 1040 1360 et
1056 1316 1260 1361 carnibus
1281 1314 1604 1369 abstinentiam,

208 1388 420 1450 jumentis
441 1397 483 1432 et
504 1388 652 1432 multis
674 1388 916 1447 passeribus
935 1421 946 1441 ‚
971 1395 1189 1445 postremo
1209 1385 1338 1428 etiam
1357 1384 1608 1428 innumera-

215 1458 378 1503 bilibus
399 1459 628 1517 generibus
650 1458 861 1503 vermium
883 1471 1149 1516 comparare.
1179 1454 1264 1500 Sed
1285 1470 1340 1498 ne
1357 1455 1401 1498 in
1421 1464 1608 1500 vestram

216 1527 406 1573 incidam
424 1528 728 1582 temeritatem,
753 1543 843 1571 non
862 1527 908 1571 id
933 1541 1207 1586 praepropere
1230 1525 1403 1581 faciam,
1431 1525 1505 1569 sed
1525 1524 1609 1570 dis-

212 1600 374 1644 cutiam
391 1600 532 1658 primo
554 1614 644 1658 quo
665 1599 744 1642 ista
765 1598 852 1641 fine
874 1597 1055 1642 faciatis.
1082 1600 1179 1642 Jam
1203 1598 1319 1641 enim
1342 1605 1514 1641 constat
1535 1597 1605 1641 in-

217 1679 280 1715 ter
303 1686 381 1715 nos
397 1705 408 1725 ,
443 1679 494 1713 ut
515 1670 671 1729 opinor
692 1668 998 1729 hujuscemodi
1021 1668 1215 1713 moribus
1238 1666 1346 1711 nihil
1371 1666 1492 1711 aliud
1517 1681 1606 1711 esse

214 1740 518 1801 quaerendum.
554 1740 598 1784 Si
625 1755 728 1798 ergo
750 1738 1031 1798 parcimoniae
1055 1739 1190 1797 gratia
1209 1747 1252 1781 et
1275 1737 1528 1782 coercendae
1552 1737 1607 1780 li-

215 1810 376 1856 bidinis
391 1845 403 1866 ,
428 1826 515 1871 qua
533 1811 639 1854 escis
658 1810 816 1853 talibus
835 1818 878 1854 et
899 1818 1008 1869 potu
1029 1809 1296 1854 delectamur
1314 1818 1356 1852 et
1373 1809 1571 1867 capimur
1592 1843 1603 1864 ,

217 1882 348 1927 audio
365 1891 408 1925 et
424 1881 565 1940 probo
583 1901 594 1937 3
619 1880 694 1924 sed
716 1895 806 1923 non
824 1880 883 1923 ita
903 1889 981 1924 est.

274 1954 441 1997 XXIX.
466 1954 576 1997 Nam
600 1965 748 2010 quaero
771 1965 794 1993 a
815 1950 938 1994 vobis
953 1984 963 2004 ,
990 1950 1024 1994 si
1045 1950 1143 2008 quis
1166 1949 1343 2004 existat,
1369 1948 1489 2009 quod
1512 1950 1605 1993 fieri

217 2034 359 2086 potest
378 2059 388 2080 ⁷
413 2024 473 2068 ita
490 2023 622 2067 homo
643 2037 797 2081 parcus
822 2030 864 2065 et
885 2020 1027 2079 frugi,
1053 2030 1103 2065 ut
1125 2020 1368 2080 appetitum
1386 2020 1546 2064 ventris
1563 2029 1606 2065 et

219 2096 406 2156 gutturis
429 2094 658 2139 moderans
676 2128 686 2148 ,
712 2108 802 2137 non
824 2092 1024 2151 epuletur
1047 2092 1112 2135 bis
1134 2106 1212 2150 per
1233 2105 1369 2134 unum
1393 2089 1508 2134 diem
1529 2111 1540 2148 3
1564 2099 1606 2134 et

219 2168 322 2212 huic
358 2166 552 2211 coenanti
589 2163 784 2209 oluscula
820 2178 919 2206 cum
956 2162 1111 2220 exiguo
1141 2161 1264 2205 lardo
1299 2170 1575 2220 apponantur
1590 2195 1602 2216 ‚

220 2238 374 2284 eodem
412 2238 535 2282 lardo
572 2245 704 2280 uncta
749 2244 879 2294 atque
917 2233 1091 2279 condita
1110 2268 1120 2289 ‚
1163 2241 1376 2292 quantum
1415 2232 1605 2292 compri-

221 2311 393 2354 mendae
420 2309 524 2353 fami
546 2317 610 2352 sat
631 2316 714 2364 est3
739 2306 940 2365 sitimque
962 2304 1110 2364 irriget
1138 2312 1314 2363 propter
1336 2301 1604 2361 diligentiam

221 2379 483 2424 valetudinis
500 2414 511 2434 ‚
536 2377 706 2422 duabus
735 2385 809 2419 aut
835 2375 972 2419 tribus
1001 2374 1089 2418 vini
1118 2374 1294 2417 meracis
1326 2374 1600 2432 potionibus⁷

225 2452 342 2510 isque
364 2450 427 2494 illi
449 2450 587 2494 x'ictus
615 2449 670 2492 sit
697 2445 974 2507 quotidianus
1006 2464 1015 2490 :
1049 2444 1155 2488 alius
1177 2460 1279 2489 vero
1305 2462 1357 2488 cx
1381 2444 1461 2488 alia
1483 2451 1602 2502 parte

273 2553 275 2555 ·
311 2535 436 2566 Sallust.
459 2535 488 2566 in
514 2533 632 2576 prolog.
653 2531 803 2565 Catilinae.
