1729 3143
282 190 364 230 544
709 200 743 229 s.
777 199 1008 231 Aucusnm
1040 205 1219 234 Emscom

273 286 293 310 »
322 268 619 327 unusquisque
656 269 882 328 proprium
919 269 1052 315 habet
1092 270 1259 316 donum
1296 287 1346 316 ex
1386 275 1475 318 Deo
1492 308 1504 330 ‚
1541 275 1648 320 alius

272 358 292 381 »
318 339 495 398 quidem
517 338 592 394 sic,
618 338 726 384 alius
746 355 850 385 vero
873 341 972 386 sic1.
992 360 1012 383 »

324 409 523 452 LXXIX.
552 410 744 455 Saus-ne
765 411 887 456 vobis
909 411 1081 457 videtur
1103 412 1358 473 Apostolus,
1391 422 1434 458 et
1459 414 1647 459 fortibus

265 478 580 525 demonstrasse
597 480 705 541 quid
723 497 942 528 summum
970 484 1044 539 sit,
1080 492 1123 528 et
1153 484 1510 529 imbecillioribus
1545 501 1649 545 per-

265 548 426 593 misisse
448 550 568 610 quod
597 552 845 611 proximum
875 556 970 598 est?
1000 556 1111 601 Nam
1142 569 1233 600 non
1256 555 1467 612 attingere
1491 555 1650 599 mulie-

262 634 376 674 rem,
402 635 622 666 summum
653 623 843 669 ostendit
870 640 984 680 esse,
1009 641 1109 670 cum
1142 625 1230 670 ait:
1260 624 1468 670 «Vellem
1499 640 1649 670 omnes

264 708 284 731 »
309 691 506 751 homines
520 708 609 738 esse
622 694 734 740 sicut
751 711 820 739 me
837 696 994 755 ipsum.
1016 715 1036 738 »
1060 696 1173 741 Huic
1191 705 1336 741 autem
1350 711 1522 741 summo
1538 711 1648 741 con-

256 762 414 822 jugalis
436 765 606 810 castitas
627 767 822 826 proxima
845 776 934 822 est,
960 783 1016 811 ne
1040 769 1172 812 homo
1196 766 1483 812 fornicatione
1504 776 1649 812 vaste-

260 840 346 877 tur.
372 835 596 895 Numquid
618 847 847 896 propterea
869 838 972 881 istos
989 838 1099 880 dixit
1112 838 1255 883 adhuc
1268 837 1417 882 fideles
1435 853 1524 882 non
1539 853 1645 893 esse,

259 904 361 963 quia
398 905 660 965 conjugibus
695 908 915 950 utuntur?
950 906 1316 966 Quandoquidem
1344 910 1425 953 hac
1453 899 1649 953 castitate

256 975 446 1034 conjugii
463 1010 474 1030 ‚
506 984 548 1019 et
570 991 620 1019 ex
642 991 685 1020 se
707 977 895 1021 invicem
916 977 1029 1036 ipsos
1043 977 1119 1037 qui
1141 979 1366 1037 conjuncti
1389 987 1514 1033 sunt,
1539 978 1573 1021 si
1591 977 1648 1022 al-

256 1053 321 1089 ter
343 1061 495 1090 eorum
515 1045 650 1090 fuerit
666 1046 876 1102 infidelis,
903 1056 947 1091 et
965 1062 1059 1091 eam
1082 1063 1181 1107 quae
1210 1048 1312 1092 inde
1337 1049 1529 1092 nascitur
1547 1063 1649 1107 pro-

254 1115 341 1160 lem
363 1117 622 1162 sanctificari
639 1117 747 1162 dixit
766 1136 776 1163 :
807 1136 826 1159 «
850 1118 1151 1162 Sanctificatus
1168 1127 1230 1163 est
1248 1118 1380 1174 enim,
1401 1118 1561 1178 inquit,
1581 1119 1647 1162 vir

260 1205 277 1227 >›
301 1186 487 1231 infidelis
502 1188 549 1231 in
570 1187 754 1232 muliere
771 1187 913 1244 fideli,
938 1197 980 1232 et
1004 1188 1268 1234 sanctificata
1289 1197 1353 1232 est
1374 1188 1531 1232 mulier
1547 1188 1648 1232 infi-

258 1276 276 1297 »
302 1256 409 1301 delis
441 1274 518 1317 per
548 1259 691 1303 virum
724 1250 928 1303 fidelem:
954 1259 1150 1318 alioquin
1173 1258 1250 1302 filii
1279 1259 1411 1303 vestri
1432 1257 1648 1302 immundi

256 1343 276 1367 »
303 1337 466 1384 essent,
493 1344 610 1374 nunc
631 1338 777 1373 autem
795 1329 931 1374 sancti
950 1338 1067 1373 sunt.
1089 1347 1108 1370 »
1137 1328 1254 1381 Quid
1271 1328 1520 1386 obstrepitis
1544 1343 1647 1387 per-

253 1397 413 1443 tinacia
451 1409 584 1444 tantae
617 1401 818 1445 veritati?
846 1400 953 1460 quid
985 1400 1129 1444 lucem
1165 1399 1487 1457 Scripturarum
1525 1399 1646 1444 vanis

252 1469 416 1512 umbris
429 1470 694 1513 obnubilare
713 1471 963 1513 conamini?

310 1540 488 1583 LXXX.
516 1538 658 1585 Nolite
673 1541 762 1599 jam
785 1539 946 1597 dicere,
971 1539 1293 1584 catechumenis
1313 1538 1442 1584 licere
1462 1539 1527 1584 uti
1541 1555 1644 1584 con-

243 1608 446 1667 jugibus,
473 1608 679 1653 fidelibus
701 1618 848 1653 autem
869 1625 958 1654 non
984 1609 1141 1669 licere3
1166 1610 1490 1655 catechumenis
1512 1609 1642 1654 licere

249 1678 411 1723 habere
444 1679 699 1739 pecuniam,
736 1679 938 1725 fidelibus
971 1690 1118 1725 autem
1151 1696 1240 1725 non
1271 1680 1416 1725 licere.
1454 1683 1564 1726 Nam
1597 1689 1640 1724 et

249 1749 377 1793 multi
399 1760 502 1794 sunt
523 1752 600 1809 qui
622 1759 808 1795 utuntur
829 1760 1039 1812 tanquam
1057 1767 1144 1797 non
1166 1760 1351 1796 utentes.
1379 1754 1436 1795 Et
1463 1750 1538 1795 illo
1569 1766 1637 1795 sa-

248 1827 474 1864 crosancto
507 1818 678 1864 lavacro
699 1821 931 1864 inchoatur
960 1822 1182 1866 innovatio
1211 1821 1315 1866 novi
1335 1820 1525 1865 hominis
1543 1855 1554 1875 ,
1590 1829 1640 1864 ut

247 1890 517 1949 proficiendo
538 1891 788 1949 perficiatur
805 1926 816 1946 ‚
841 1891 888 1935 in
911 1891 1003 1935 aliis
1032 1891 1179 1944 citius,
1205 1892 1250 1934 in
1276 1890 1367 1935 aliis
1396 1891 1560 1935 tardius
1583 1910 1591 1935 t
1615 1907 1639 1936 a

247 1959 395 2004 multis
429 1969 577 2004 tamen
603 1960 854 2020 proceditur
883 1960 930 2004 in
963 1975 1119 2021 novam
1153 1961 1314 2015 vitam,
1347 1961 1381 2003 si
1404 1961 1638 2021 quisquam

247 2047 335 2075 non
346 2030 534 2087 inimice,
550 2029 625 2075 sed
640 2030 873 2090 diligenter
894 2024 1114 2076 intendatss
1132 2034 1233 2090 *Ipse
1251 2031 1431 2091 quippe,
1452 2031 1564 2075 sicut
1578 2032 1638 2076 ait

246 2102 505 2162 Apostolus:
530 2103 656 2147 «Etsi
679 2103 861 2147 exterior
886 2103 1019 2147 homo
1045 2096 1190 2146 noster
1213 2101 1532 2161 corrumpitur,
1559 2101 1636 2146 sed

249 2191 269 2215 >›
293 2173 473 2219 interior
494 2182 728 2219 renovatur
751 2173 805 2218 de
828 2173 895 2217 die
917 2173 963 2216 in
984 2171 1164 2217 diem2.»
1179 2172 1411 2232 Apostolus
1435 2172 1489 2216 de
1504 2171 1634 2216 diein

246 2243 362 2289 diem
385 2245 632 2290 interiorem
651 2245 876 2290 hominem
893 2244 1090 2290 renovari
1112 2243 1217 2287 dicit
1238 2253 1286 2288 ut
1303 2243 1568 2304 perficiatur,
1590 2252 1634 2288 et

245 2329 319 2359 vos
342 2332 365 2360 a
388 2316 653 2375 perfectione
673 2315 802 2360 vultis
818 2315 1012 2374 incipiat.
1035 2315 1163 2368 Quod
1181 2314 1348 2358 utinam
1366 2313 1506 2358 velitis
1526 2332 1533 2357 ε
1556 2312 1632 2357 sed

245 2388 435 2445 quaeritis
467 2388 635 2447 potius,
668 2403 757 2432 non
786 2387 903 2430 unde
932 2387 1102 2445 erigatis
1135 2385 1368 2440 invalidos,
1404 2384 1478 2429 sed
1514 2383 1628 2428 unde

244 2456 404 2502 fallatis
426 2459 636 2504 incautos.
661 2461 754 2502 Hoc
777 2458 891 2502 enim
915 2472 1004 2502 uon
1021 2456 1227 2501 debuistis
1246 2464 1365 2500 tanta
1386 2454 1528 2499 dicere
1556 2469 1626 2499 au-

295 2548 302 2564 ¹
329 2545 401 2576 Cor.
421 2555 496 2585 vlu,
517 2555 548 2585 7.
562 2561 603 2568 —
619 2551 631 2567 2
654 2552 672 2577 2
692 2546 763 2577 Cor.
785 2554 873 2582 xxiv,
895 2542 943 2575 16.

1716 766 1725 993 Q.-
