1729 3143
212 213 266 252 40
649 222 682 248 s.
719 218 946 247 AUGUSTINJ
979 219 1157 245 Emscom

214 373 560 390 Wffl⁴mmwsslvvm
564 366 1589 386 nmwwvwwwmnmwwnwwwwummmmmwwwww

527 516 667 591 DE
743 513 1255 592 SYMBOLO

467 719 570 773 AD
623 719 664 774 C
685 716 1332 775 ATECHUMENOS

711 893 944 945 SERMO
983 893 1032 942 ΙΙ
1052 899 1085 942 1.

265 1076 299 1115 I.
331 1075 712 1118 SACRAMENTORUM
735 1075 965 1130 rationem,
984 1075 1071 1118 sive
1086 1083 1312 1118 transactae
1329 1072 1484 1126 noctis,
1506 1073 1594 1115 sive

203 1143 422 1197 praeseutis
444 1143 579 1186 sancti
600 1143 797 1200 Symboli
819 1143 1120 1201 exponendam
1143 1143 1409 1199 suscepimus
1426 1139 1595 1185 Sancti-

201 1212 275 1254 tati
302 1214 482 1263 Vestrae,
501 1211 694 1254 donante
712 1212 803 1265 illo,
831 1231 851 1253 «
871 1213 955 1263 Qui
971 1212 1046 1255 dat
1065 1212 1268 1255 omnibus
1289 1212 1534 1263 affluenter,
1552 1218 1595 1253 et

205 1298 224 1321 η
251 1296 339 1323 non
353 1280 659 1339 improperat?
672 1281 800 1324 Dives
817 1281 1002 1324 estenim
1018 1282 1061 1324 in
1082 1281 1284 1324 omnibus
1298 1281 1373 1339 qui
1386 1280 1594 1324 invocant

204 1368 223 1390 »
251 1349 412 1393 illum3.
437 1368 457 1390 »
485 1352 582 1408 Ipse
606 1350 769 1408 quippe
790 1359 934 1408 potest
955 1351 1162 1407 adjuvare
1183 1350 1472 1393 intentionem
1489 1363 1595 1392 nos-

203 1427 328 1472 tram,
351 1418 660 1477 acceptabilem
683 1434 763 1476 pro
785 1418 911 1462 nobis
933 1416 1096 1462 faciens
1120 1420 1363 1462 orationem
1385 1427 1589 1463 vestram.

198 1488 393 1546 Accipite
413 1489 562 1548 itaque
583 1504 657 1531 vos
691 1489 767 1547 qni
787 1487 874 1531 fide
896 1488 1146 1532 desideratis
1170 1488 1353 1532 verbum
1376 1488 1469 1542 Dei,
1499 1497 1594 1532 tan-

203 1573 335 1616 quam
357 1567 679 1615 competentem
714 1558 886 1610 eibum,
924 1571 974 1599 ex
997 1572 1086 1616 quo
1107 1558 1231 1601 vobis
1256 1557 1465 1601 Dominus
1487 1572 1593 1615 ope-

201 1636 320 1670 retur
347 1627 682 1670 incrementum.
717 1626 923 1671 Nondum
951 1627 1131 1685 quidem
1152 1626 1296 1671 adhuc
1330 1642 1406 1685 per
1423 1641 1592 1670 sacrum

204 1697 465 1756 baptismum
497 1698 634 1740 renati
658 1699 784 1751 estis,
809 1696 884 1740 sed
918 1712 993 1755 per
1024 1698 1162 1741 crucis
1192 1698 1363 1755 signum
1391 1698 1436 1740 in
1465 1707 1591 1741 utero

201 1776 361 1810 sanctae
386 1767 531 1809 matris
545 1768 748 1810 Ecclesiae
761 1769 848 1826 jam
868 1766 1066 1825 concepti
1083 1766 1196 1810 estis.
1216 1770 1323 1823 Agat
1335 1767 1483 1825 itaque
1496 1767 1591 1811 haec

203 1845 341 1880 mater
370 1837 572 1893 congruis
601 1836 814 1880 alimentis
837 1836 954 1893 prius
991 1851 1165 1894 pascere
1187 1851 1298 1894 quos
1329 1845 1476 1894 portat
1496 1871 1507 1890 ,
1541 1845 1592 1880 ut

202 1916 299 1965 post
321 1915 494 1965 partum
528 1906 701 1951 laetctur
731 1923 774 1950 se
796 1913 902 1950 tales
924 1906 1158 1964 suscepisse
1190 1921 1300 1965 quos
1342 1905 1591 1964 spiritaliter

204 1977 383 2020 nutriat.
405 1977 523 2029 Quid
541 1985 624 2029 est,
656 1976 942 2029 dilectissimi,
968 1974 1088 2033 quod
1109 1975 1155 2018 in
1176 1976 1299 2018 vobis
1320 1975 1587 2019 celebratum

203 2048 296 2089 est?
327 2046 441 2098 Quid
464 2055 526 2089 est
548 2046 668 2104 quod
691 2047 770 2089 hac
807 2054 934 2089 nocte
956 2045 1069 2089 circa
1090 2060 1165 2089 vos
1187 2055 1332 2089 actum
1353 2054 1415 2088 est
1432 2079 1443 2099 ,
1467 2045 1588 2104 quod

203 2116 431 2173 praeteritis
461 2115 663 2158 noctibus
699 2123 844 2157 actum
880 2129 970 2157 non
1007 2116 1099 2158 est?
1134 2123 1183 2158 ut
1208 2129 1256 2157 ex
1290 2114 1394 2157 locis
1415 2114 1588 2158 secretis

203 2183 363 2242 singuli
386 2183 735 2242 produceremini
763 2184 809 2227 in
832 2193 1069 2242 conspectu
1090 2184 1222 2228 totius
1245 2182 1472 2236 Ecclesiae,
1505 2183 1588 2226 ibi-

202 2269 288 2313 que
310 2255 476 2298 cervice
495 2254 740 2307 humiliata,
761 2270 860 2313 quae
883 2255 996 2299 male
1017 2255 1161 2299 fuerat
1179 2264 1304 2298 antea
1326 2254 1586 2309 exaltata‚in

252 2367 257 2381 ¹
280 2364 354 2393 Tres
370 2367 538 2405 sequentes
556 2363 595 2394 de
614 2363 762 2405 Symbolo
777 2364 958 2403 Sermones,
982 2362 1200 2404 Augustinum,
1220 2361 1272 2392 cui
1289 2361 1442 2393 hactenus
1456 2363 1586 2404 ascripti

201 2417 234 2448 in
252 2420 328 2447 ante
351 2418 443 2449 editis
465 2418 604 2459 fuerunt,
633 2418 717 2450 haud
739 2428 896 2461 quaquam
922 2421 1173 2459 repraesentant,
1194 2421 1354 2449 oratorem
1387 2417 1443 2449 soli
1467 2428 1585 2460 genere

200 2471 339 2512 dicendi,
360 2472 539 2504 eruditione
559 2477 593 2505 et
609 2472 734 2513 ingenio
754 2472 887 2504 multum
904 2472 1101 2505 inferiorem.
1118 2489 1159 2495 —
1173 2479 1185 2493 ²
1199 2471 1311 2504 Jacob.
1330 2483 1353 2513 1,
1374 2471 1470 2504 5.-3
1489 2475 1583 2505 Rom.

203 2537 221 2557 x
237 2551 245 2564 ‚
274 2534 323 2558 12.
