1729 3143
1111 155 1131 168 fi

256 198 340 236 386
685 199 719 228 S·
754 200 985 228 AUGus'rffll
1017 200 1199 228 EPlscom

252 269 432 316 mendat
445 302 457 324 ,
481 273 646 326 quanto
667 265 802 323 magis
817 267 930 309 Deus
947 263 1147 309 conditor
1162 265 1360 310 omnium
1375 275 1631 310 naturarum
1685 258 1687 266 ’

252 342 382 387 etiam
403 341 447 382 in
474 351 625 380 earum
652 335 765 380 vitiis
792 334 1038 380 laudandus
1060 346 1150 391 est,
1175 351 1276 381 cum
1297 345 1341 380 et
1371 336 1455 380 hoc
1476 339 1531 381 ab
1555 336 1632 381 illo

252 411 443 455 habeant
460 406 580 466 quod
599 414 766 450 naturae
787 415 910 461 sunt,
936 415 979 451 et
1001 408 1047 451 in
1068 416 1240 451 tantum
1262 407 1426 451 vitiosae
1446 407 1530 450 sint
1546 440 1558 461 ,
1586 409 1634 450 in

250 489 466 541 quantum
488 478 543 522 ab
571 478 665 538 ejus
688 493 774 537 qua
806 477 933 522 factae
967 487 1070 522 sunt
1099 487 1190 522 arte
1216 477 1478 533 discedunt,
1515 485 1560 521 et
1590 477 1636 521 in

248 558 419 593 tantum
440 556 555 592 recte
578 548 879 608 vituperentur
895 583 906 605 ,
932 549 978 592 in
998 558 1213 610 quantum
1240 564 1389 594 earum
1410 548 1634 607 vitupera-

246 629 313 664 tor
334 629 471 664 artem
498 635 586 679 qua
610 618 738 664 factae
759 630 861 664 sunt
889 621 1035 675 videt,
1060 630 1110 666 ut
1139 621 1284 666 hocin
1305 620 1364 664 eis
1390 621 1632 678 vituperet,

244 689 364 755 quod
398 689 462 733 ibi
492 705 582 734 non
607 688 743 734 videt.
776 693 835 734 Et
865 690 900 734 si
928 706 994 735 ars
1021 692 1112 750 ipsa
1135 707 1212 751 per
1234 706 1365 751 quam
1395 687 1508 734 facta
1532 680 1639 732 sunt'

240 761 388 806 omnia
403 795 415 816 ,
443 761 527 806 hoc
545 770 635 817 est,
657 776 752 805 sum
761 776 827 805 ma
843 770 886 805 et
905 762 1274 807 incommutabilis
1299 761 1515 822 Sapientia
1534 759 1632 815 Dei,

238 847 339 877 vere
362 846 622 892 summeque
650 841 739 887 est,
764 832 890 876 sicuti
918 841 1009 888 est,
1034 834 1197 892 respice
1215 849 1304 894 quo
1329 832 1481 877 tendat
1505 831 1636 891 quid-

239 903 348 964 quid
369 904 424 946 ab
454 901 528 946 illa
551 902 748 954 discedit.
775 904 857 955 Qui
880 912 1028 947 tamen
1049 902 1249 949 defectus
1273 920 1362 949 non
1384 913 1494 948 esset
1521 902 1638 946 vitu-

238 975 460 1035 peratione
496 974 654 1030 dignus
688 972 770 1016 nisi
800 982 909 1017 esset
937 975 1227 1019 voluntarius.
1264 975 1455 1020 Attende
1487 975 1634 1029 enim,

237 1061 384 1106 quaeso
402 1079 413 1100 ,
451 1054 601 1087 utrum
636 1052 751 1086 recte
781 1044 1003 1104 vituperes
1023 1080 1035 1101 ,
1061 1045 1183 1106 quod
1215 1045 1272 1089 ita
1297 1055 1362 1089 est
1389 1044 1516 1089 sicuti
1547 1057 1637 1088 esse

237 1116 391 1161 debuit
419 1134 431 1161 ι
462 1129 553 1159 11011
574 1114 757 1174 opinor3
782 1114 858 1159 sed
883 1115 1036 1175 utique
1058 1115 1181 1176 quod
1204 1132 1293 1160 11011
1315 1116 1374 1160 ita
1397 1125 1460 1160 est
1487 1124 1537 1159 ut
1557 1115 1639 1159 de-

235 1189 348 1232 buit.
388 1189 523 1233 Nemo
553 1195 700 1230 autem
723 1186 856 1231 debet
879 1188 1000 1247 quod
1029 1203 1119 1232 non
1151 1188 1333 1247 accepit.
1362 1190 1418 1231 Et
1439 1187 1636 1247 quisquis

235 1259 368 1303 debet
386 1293 398 1312 ,
433 1258 505 1302 cui
526 1257 685 1313 debet,
709 1258 787 1301 nisi
812 1273 836 1301 a
856 1274 943 1317 quo
971 1259 1138 1318 accepit
1169 1269 1220 1303 ut
1248 1257 1439 1302 debeat?
1462 1261 1570 1303 Nam
1597 1267 1641 1302 et

236 1345 336 1391 quae
366 1327 610 1372 redduntur
641 1326 975 1386 translegando,
1011 1328 1050 1372 ei
1072 1328 1318 1372 redduntur
1342 1329 1418 1388 qui
1450 1329 1638 1373 transle-

237 1408 428 1462 gaverat.
467 1401 524 1443 Et
545 1398 666 1458 quod
690 1396 957 1442 creditorum
983 1399 1110 1457 justis
1139 1399 1464 1443 successoribus
1486 1399 1636 1443 reddi·
1666 1455 1668 1457 ‚

240 1482 333 1528 tur,
352 1470 452 1531 ipsis
474 1470 627 1530 utique
646 1468 844 1512 redditur
865 1469 1025 1528 quibus
1046 1469 1116 1513 isti
1133 1470 1232 1529 jure
1253 1470 1515 1514 succedunt.
1539 1469 1638 1514 -Ali-

241 1551 306 1587 ter
338 1557 428 1586 non
464 1540 652 1584 redditio
669 1574 681 1593 ,
718 1537 793 1583 sed
820 1540 955 1583 cessio
971 1573 982 1594 ,
1019 1538 1090 1584 vel
1112 1537 1313 1584 admissio
1333 1575 1345 1595 ,
1370 1538 1441 1584 vel
1467 1539 1502 1583 si
1531 1537 1641 1599 quid

243 1613 362 1659 aliud
385 1610 637 1673 hujusmodi
659 1610 928 1655 nominanda
951 1619 1028 1654 est.
1061 1615 1336 1671 Quapropter
1358 1611 1505 1655 omnia
1529 1619 1643 1655 tem-

247 1684 410 1745 poralia
425 1719 436 1739 ‚
463 1699 563 1744 quae
583 1683 628 1726 in
653 1683 734 1726 hoc
756 1697 900 1726 rerum
920 1682 1073 1726 ordine
1091 1683 1149 1726 ita
1167 1681 1309 1726 locata
1332 1676 1435 1727 311111
1451 1717 1462 1738 ,
1488 1691 1539 1726 111
1561 1681 1642 1725 11131

250 1756 480 1809 deficiant,
504 1769 593 1798 non
611 1753 774 1812 possint
791 1754 1018 1811 praeteritis
1033 1754 1182 1796 futura
1201 1754 1436 1797 succedere
1453 1787 1464 1808 ,
1484 1762 1533 1797 ut
1552 1761 1644 1796 tota

255 1836 503 1886 temporum
532 1824 577 1867 in
606 1838 685 1866 suo
707 1837 862 1881 genere
892 1822 1174 1882 pulchritudo
1198 1832 1456 1881 peragatur,
1489 1823 1648 1866 absur-·
1717 1831 1725 1840 ¹

255 1896 428 1941 dissime
454 1895 636 1939 dicimus
660 1908 749 1936 non
771 1892 932 1936 debere
953 1892 1154 1937 deficere.
1185 1898 1406 1946 Quantum
1429 1893 1547 1936 6111111
1569 1907 1644 1935 ac-

258 1975 498 2027 ceperunt,
541 1974 716 2008 tantum
748 1972 882 2021 agunt
902 1998 914 2018 ,
953 1972 997 2006 61
1028 1972 1202 2007 tantum
1244 1962 1437 2006 reddunt
1469 1963 1538 2017 ei,
1572 1961 1646 2006 cui

259 2037 423 2082 debent
457 2036 578 2096 quod
610 2043 712 2078 311111
742 2034 788 2076 111
819 2042 1227 2093 quantumcumque
1256 2041 1373 2076 sunt.
1409 2032 1496 2085 Qui
1529 2031 1647 2075 enim
1716 2084 1720 2101 Δ

260 2108 380 2154 (10161
401 2123 451 2152 ea
470 2108 654 2151 deficere
672 2140 682 2160 ,
707 2118 950 2148 sermonem
967 2119 1094 2148 suum
1112 2112 1286 2162 oportet
1307 2103 1526 2157 attendat,
1545 2115 1647 2146 eum

262 2189 378 2226 certe
399 2180 542 2239 ipsum
563 2176 685 2238 quod
716 2177 796 2220 ista
827 2175 1110 2235 conqueritur
1126 2209 1135 2225 ,
1167 2175 1201 2218 si
1217 2176 1385 2234 justum
1413 2183 1457 2218 et
1488 2189 1511 2217 a
1537 2188 1665 2232 pru--

265 2252 413 2297 dentia
430 2240 675 2311 profectum
690 2264 778 2292 6336
797 2247 1030 2291 arbitratur
1045 2281 1056 2300 ,
1081 2246 1203 2305 cujus
1224 2245 1432 2289 sermonis
1453 2243 1574 2304 quod
1592 2242 1649 2287 ad

267 2339 421 2369 sonum
444 2324 537 2384 ejus
559 2321 735 2375 attinet,
758 2319 791 2363 si
813 2319 908 2378 quis
932 2332 1063 2361 unam
1086 2315 1342 2377 particulam
1369 2314 1545 2373 diligat,
1568 2328 1658 2358 nec*
1719 2331 1724 2373 i

270 2409 365 2438 eam
384 2392 490 2439 velit
511 2392 674 2437 caeteris
694 2387 937 2434 deficiendo
954 2387 1098 2432 locum
1116 2387 1235 2442 dare,
1260 2387 1419 2446 quibus
1441 2385 1651 2428 deceden-

272 2464 386 2508 tibus
409 2473 451 2508 et
476 2461 808 2508 succedentibus
832 2469 947 2503 totus
969 2458 1042 2503 ille
1063 2462 1141 2507 seri
1184 2473 1207 2501 0
1227 2458 1494 2509 contexitur,
1516 2454 1650 2498 mira·
1722 2488 1729 2495 .

273 2534 368 2576 bilis
385 2534 614 2578 dementiae
627 2530 907 2591 judicabitur.
