1729 3143
194 176 276 214 328
629 187 662 214 s.
698 186 927 214 ιιι-00511111
961 188 1140 215 Emscom

191 251 297 294 alius
328 265 553 294 nemorum
576 249 834 293 viriditatem
853 285 864 304 ‚
901 250 1010 294 alius
1043 249 1247 294 mobilem
1279 252 1566 311 aequalitatem

188 322 315 364 maris
330 356 341 374 ‚
367 320 473 362 alius
494 321 585 362 haec
612 320 757 363 omnia
774 355 784 375 ‚
819 320 885 364 vel
918 321 1122 380 quaedam
1144 322 1300 365 horum
1323 322 1450 366 simul
1466 324 1569 382 pul-

188 392 288 435 chra
310 388 476 433 confert
499 388 554 432 ad
573 389 766 433 laetitiam
789 390 980 435 videndi⁶
1009 392 1129 436 Sicut
1151 406 1254 449 ergo
1271 392 1350 435 ista
1369 391 1504 436 multa
1525 402 1568 437 et

188 462 351 504 diversa
377 468 492 513 sunt,
513 476 613 518 quae
638 461 681 503 in
704 460 801 505 luce
823 461 920 506 solis
951 462 1148 506 homines
1167 462 1318 506 vident
1339 472 1382 506 et
1402 461 1569 520 eligunt

184 529 237 572 ad
259 528 511 583 fruendum,
534 528 607 573 lux
629 539 773 574 tamen
795 532 885 590 ipsa
908 548 993 576 una
1012 541 1090 586 est,
1116 533 1161 575 in
1184 548 1270 592 qua
1293 533 1411 575 videt
1438 541 1481 576 et
1502 542 1568 576 te-

182 607 256 642 net
291 614 379 657 quo
416 598 587 643 fruatur
623 601 964 660 uniuscujusque
1000 602 1208 646 intuentis
1246 611 1443 660 aspectus
1473 621 1481 646 ;
1508 602 1566 646 ita

183 668 311 712 etiam
344 670 378 712 si
407 669 544 713 multa
568 680 668 714 Sunt
690 671 802 714 bona
826 686 962 730 eaque
985 672 1152 715 diversa
1170 706 1180 726 ‚
1207 687 1230 714 e
1252 672 1411 731 quibus
1439 671 1567 728 eligat

180 739 362 798 quisque
383 740 503 798 quod
525 740 641 784 voiet
659 776 667 794 ‚
694 741 826 800 idque
847 740 1037 785 videndo
1056 751 1099 784 et
1120 740 1310 785 tenendo
1332 740 1387 784 ad
1410 741 1563 784 fruen-

179 808 284 852 dum
307 825 525 854 summum
549 812 628 854 sibi
654 812 817 855 bonum
841 821 956 855 recte
977 826 1165 870 vereque
1187 812 1446 864 constituat,
1473 811 1566 854 fieri

182 888 322 922 tamen
344 890 510 938 potest,
537 890 585 924 ut
611 881 680 923 lux
702 882 793 938 ipsa
816 881 1052 939 sapientiae,
1078 882 1123 923 in
1153 897 1238 940 qua
1256 882 1349 924 haec
1365 879 1505 924 videri
1524 890 1567 924 et

180 950 311 991 teneri
334 963 514 1005 possunt
533 983 542 1000 ‚
574 951 775 990 omuibus
802 951 1069 1005 sapientibus
1102 951 1155 994 sit
1185 965 1273 993 una
1302 951 1564 994 communis.

177 1019 227 1059 E.
256 1020 413 1060 Fateor
441 1017 534 1059 fieri
562 1031 708 1074 posse,
746 1031 826 1059 nec
861 1015 1072 1074 impedire
1103 1016 1290 1075 aliquid,
1329 1010 1494 1060 ut'non
1515 1017 1570 1060 sit

176 1087 380 1131 omnibus
409 1088 649 1131 communis
682 1101 769 1130 una
804 1087 1028 1145 sapientia,
1056 1087 1183 1130 etiam
1209 1087 1242 1130 si
1264 1085 1401 1130 multa
1424 1095 1467 1130 et
1498 1085 1568 1130 di-

176 1171 295 1200 versa
319 1157 403 1200 sint
424 1172 591 1200 summa
611 1158 725 1200 bona
747 1174 757 1200 .·
783 1157 859 1200 sed
881 1157 1037 1201 vellem
1055 1158 1163 1201 scire
1185 1173 1240 1201 an
1261 1158 1321 1200 ita
1343 1157 1411 1200 sit.
1437 1156 1570 1208 Quod

177 1228 291 1270 enim
327 1227 603 1271 concedimus
633 1228 725 1270 fieri
747 1243 871 1285 posse
891 1238 941 1271 ut
962 1228 1021 1271 ita
1049 1228 1126 1279 sit,
1167 1241 1255 1269 non
1278 1227 1488 1270 continuo
1509 1227 1569 1271 ita

178 1311 267 1340 0550
295 1296 589 1340 concedimus.
624 1300 675 1340 Α.
717 1300 932 1340 Tenemus
962 1296 1134 1339 interim
1165 1310 1255 1338 esse
1277 1296 1528 1354 sapientiam
1557 1316 1566 1340 z

177 1367 253 1410 sed
275 1375 422 1409 utrum
446 1367 501 1410 sit.
521 1366 765 1410 communis
787 1380 872 1407 una
891 1366 1095 1408 omnibus
1113 1399 1123 1419 ‚
1151 1381 1206 1408 an
1226 1365 1384 1422 singuli
1401 1366 1568 1423 sapien-

177 1444 240 1479 tes
263 1452 358 1479 suas
382 1437 571 1479 habeant
587 1470 598 1488 ,
624 1435 750 1478 sicuti
768 1435 931 1479 animas
951 1435 1019 1479 vel
1036 1445 1202 1480 mentes
1220 1451 1334 1491 suas,
1353 1436 1437 1480 hoc
1454 1451 1568 1481 non-

178 1506 285 1549 dum
307 1516 521 1548 tenemus.
548 1507 599 1548 E.
628 1508 693 1549 Ita
711 1514 790 1549 est.

236 1577 446 1619 XXVIII.
483 1578 534 1618 A.
561 1575 677 1628 Quid
699 1576 783 1620 hoc
811 1575 931 1635 quod
962 1585 1160 1620 tenemus
1188 1576 1257 1620 vel
1279 1591 1369 1620 esse
1396 1577 1568 1636 sapien-

179 1645 303 1697 tiam,
327 1644 396 1687 vel
416 1646 629 1702 sapientes
647 1680 658 1699 ‚
695 1654 739 1689 et
766 1646 915 1689 beatos
939 1661 1028 1690 esse
1050 1662 1200 1690 omnes
1218 1647 1416 1691 homines
1438 1646 1566 1701 velle,

179 1715 255 1758 ubi
284 1714 515 1757 videmus?
538 1717 643 1759 Nam
667 1715 750 1759 hoc
780 1725 823 1759 te
843 1715 1012 1771 videre,
1040 1725 1083 1760 et
1113 1732 1265 1761 verum
1297 1732 1386 1761 0550
1403 1752 1413 1771 ,
1446 1716 1569 1760 nullo

178 1784 312 1829 modo
346 1785 499 1843 utique
531 1784 836 1829 dubitaverim.
865 1789 958 1830 Hoc
989 1802 1092 1845 ergo
1120 1802 1273 1830 verum
1297 1787 1355 1831 sic
1377 1786 1498 1831 vides
1519 1797 1569 1831 ut

181 1854 485 1911 cogitationem
508 1863 645 1909 tuam,
669 1870 798 1914 quam
817 1855 850 1898 si
873 1856 977 1898 mihi
996 1870 1085 1898 non
1103 1855 1320 1909 enunties,
1346 1870 1424 1912 ego
1444 1871 1567 1913 pror-

182 1940 252 1967 sus
282 1924 431 1981 ignoro
450 1944 460 1979 3
492 1939 547 1967 an
570 1925 628 1968 ita
650 1933 700 1968 ut
721 1924 959 1983 intelligas,
985 1934 1028 1968 et
1049 1941 1073 1968 a
1094 1940 1163 1967 me
1185 1924 1321 1969 videri
1343 1940 1466 1984 posse
1484 1926 1568 1969 hoc

180 2008 331 2037 verum
349 2029 360 2047 ‚
393 1994 562 2037 tametsi
583 1994 691 2037 mihi
713 1994 789 2037 abs
817 2003 860 2037 te
892 2009 981 2038 non
1014 1994 1218 2038 dicatur?
1239 1996 1290 2037 E.
1323 1997 1417 2039 Imo
1438 1995 1497 2038 ita
1518 2004 1570 2038 ut

182 2064 255 2107 abs
278 2073 320 2107 te
342 2079 534 2123 qnoque,
568 2064 696 2108 etiam
720 2079 789 2107 1110
810 2064 970 2118 invito,
1000 2064 1137 2107 videri
1167 2078 1290 2122 posse
1322 2080 1412 2108 non
1434 2065 1567 2108 dubi-

183 2143 285 2176 tem.
320 2137 371 2177 A.
399 2133 529 2186 Quod
550 2124 652 2192 ergo
673 2149 810 2178 unum
845 2149 996 2177 verum
1018 2132 1216 2176 videmus
1239 2133 1367 2177 ambo
1389 2133 1568 2191 singulis

183 2203 401 2246 mentibus
417 2239 427 2257 ,
453 2218 599 2247 nonne
622 2204 796 2263 utrique
817 2212 1015 2247 nostrum
1033 2217 1268 2246 commune
1290 2204 1385 2246 est?
1405 2205 1455 2246 E.
1479 2206 1570 2247 Ma-

183 2270 470 2316 nifestissime.
498 2276 550 2316 A.
578 2275 687 2315 Item
711 2271 840 2316 credo
854 2281 896 2316 te
913 2287 1002 2316 non
1019 2286 1177 2328 negare
1197 2270 1461 2315 studendum
1478 2286 1568 2316 esse

184 2342 425 2397 sapientiae,
452 2351 582 2402 atque
603 2343 687 2386 hoc
717 2357 870 2385 verum
903 2356 992 2385 esse
1021 2340 1272 2385 concedere.
1298 2344 1348 2384 E.
1387 2344 1566 2385 Prorsus

187 2423 275 2451 non
297 2410 465 2456 dubito.
492 2415 544 2455 A.
573 2414 664 2456 Hoc
686 2413 789 2455 item
809 2426 978 2466 verum,
1003 2420 1046 2455 et
1067 2426 1207 2454 unum
1227 2425 1332 2466 esse,
1357 2419 1401 2455 et
1421 2410 1564 2454 omni-

190 2476 269 2521 bus
289 2481 363 2535 qui
378 2481 462 2525 hoc
483 2482 650 2536 sciunt,
672 2480 728 2525 ad
745 2479 983 2526 videndum
999 2495 1087 2525 esse
1101 2495 1350 2535 commune,
1370 2479 1565 2538 quamvis
