1729 3143
477 222 531 249 DE
562 221 760 250 TEMPORE
792 215 1036 248 BARBAmco.
1362 205 1446 245 169

70 307 91 333 «
121 289 295 334 Faciam
310 323 321 344 ‚
347 288 518 348 inquit,
543 288 582 331 ei
623 286 803 340 fossam,
828 285 1059 330 adhibeam
1080 283 1318 344 cophinum
1341 291 1449 327 ster-

70 379 90 402 »
122 360 244 404 coris.
268 379 285 401 »
308 362 438 403 Fossa
458 358 578 402 locus
600 365 664 400 est
690 354 945 399 humilitatis
968 375 977 400 2
998 356 1209 414 cophinus
1224 354 1447 408 stercoris,

65 428 270 488 lacrymae
298 437 400 473 sunt
426 426 691 486 poenitentis.
719 427 859 477 Quem
880 424 1027 469 locum
1050 426 1083 470 si
1106 426 1202 486 quis
1223 433 1451 483 contemp-

65 501 168 545 serit
186 535 198 556 ,
224 499 407 559 amplius
429 497 660 542 sustinebit
680 504 948 541 tormentum
963 531 974 551 ‚
998 496 1177 556 quando
1198 497 1312 541 illius
1335 495 1451 555 agri-

65 569 173 614 colae
203 569 498 614 acutissimum
525 567 704 612 senserit
725 565 1052 610 ferramentum.
1081 567 1205 624 Agite
1228 566 1331 611 mali
1353 580 1453 625 poe-

65 639 295 683 nitentiam
310 672 321 693 ‚
347 637 614 696 corrigimini
636 636 765 692 mali,
801 637 903 697 quia
924 636 1148 682 vobiscum
1178 636 1453 694 flagellantur

65 715 109 752 et
129 708 252 752 boni.

126 780 203 821 IV.
239 777 362 822 Dicet
388 777 543 837 aliquis
571 796 580 822 ε
613 778 656 823 Si
688 778 791 822 mali
820 779 973 823 merito
1005 777 1309 838 flagellantur,
1349 777 1455 821 boni

68 864 203 908 quare
215 848 317 892 talia
339 864 440 894 cum
464 848 586 893 malis
609 859 652 894 et
675 866 697 894 a
714 848 838 894 malis
870 850 1131 909 patiuntur?
1153 850 1325 903 Quare?
1347 849 1455 901 Quia

68 918 310 963 secundum
342 919 578 979 quemdam
609 919 791 964 modum
822 921 1030 965 dicuntur
1057 920 1192 976 boni,
1216 917 1457 964 secundum

66 999 214 1034 autem
222 999 390 1034 rectum
405 1006 646 1050 verumque
662 992 829 1036 bonum
850 1011 860 1037 2
882 1012 899 1032 «
919 995 1056 1038 Nemo
1069 994 1228 1046 bonus,
1245 992 1326 1035 nisi
1342 990 1458 1034 solus

70 1078 88 1099 »
118 1062 247 1101 Deus.
274 1077 290 1097 »
317 1058 433 1113 Ergo
457 1063 499 1097 et
521 1055 601 1112 ipsi
625 1055 731 1097 boni
750 1088 761 1108 ,
792 1057 1061 1115 quicumque
1087 1065 1190 1100 sunt
1210 1061 1342 1113 boni,
1367 1074 1458 1102 non

66 1126 173 1173 tales
197 1135 323 1180 sunt,
350 1125 499 1184 quales
527 1123 690 1167 debent
711 1139 800 1167 esse
823 1125 929 1168 boni
951 1145 959 1169 :
984 1142 1074 1170 non
1096 1128 1211 1171 enim
1234 1137 1335 1180 sunt
1358 1143 1458 1187 per-

67 1197 231 1242 fectum
252 1196 421 1240 bonum
443 1214 452 1239 :
479 1194 715 1253 proficiunt
736 1194 852 1237 enim
875 1194 930 1238 de
950 1195 1021 1239 die
1040 1197 1085 1239 in
1106 1196 1238 1240 diem.
1268 1199 1309 1242 Si
1328 1200 1458 1257 profi-

66 1267 205 1321 ciunt,
230 1265 383 1325 utique
409 1263 790 1308 exercitationibus
812 1265 1062 1323 proficiunt.
1084 1268 1222 1311 Nemo
1239 1281 1283 1310 se
1294 1267 1458 1326 justifi-

69 1345 164 1391 cet,
188 1346 397 1396 tanquam
415 1337 507 1395 jam
533 1334 587 1378 sit
615 1333 849 1393 perfectus.
881 1336 1073 1380 Recedat
1100 1337 1154 1380 de
1175 1337 1321 1380 medio
1345 1337 1458 1381 male

66 1407 326 1467 justificator
354 1406 627 1464 Pelagianus,
653 1404 950 1449 confundatur
981 1407 1211 1450 haereticus
1241 1408 1454 1452 Arianus:

75 1496 93 1517 «
119 1479 257 1523 Nemo
270 1477 386 1520 enim
402 1477 560 1529 bonus,
583 1476 664 1519 nisi
683 1475 798 1519 solus
814 1478 963 1519 Deus1.
983 1495 999 1517 »
1022 1476 1138 1529 Quid
1157 1479 1291 1535 ergo?
1309 1479 1457 1524 Chris-

69 1557 139 1593 tus
157 1563 247 1591 non
270 1556 332 1590 est
346 1549 493 1590 Deus?
513 1545 644 1590 Plane
664 1549 791 1590 Deus.
813 1549 874 1590 De
891 1547 985 1605 ipso
1002 1547 1164 1606 quippe
1181 1548 1287 1592 dicit
1309 1550 1457 1608 Scrip-

69 1627 167 1662 tura
190 1618 337 1662 divina
361 1636 369 1661 :
401 1636 417 1656 «
440 1617 522 1661 Hic
539 1626 603 1660 est
619 1632 746 1661 verus
768 1620 897 1670 Deus.7
918 1626 961 1661 et
977 1618 1065 1662 vita
1086 1623 1281 1663 aeterna2.
1295 1640 1312 1660 »
1339 1620 1456 1673 Quid

71 1688 254 1746 Spiritus
273 1694 461 1741 sanctus,
488 1701 577 1730 non
599 1695 662 1729 est
684 1689 796 1729 Deus
813 1688 830 1729 P
854 1686 986 1730 Plane
1004 1690 1133 1732 Deus.
1153 1689 1279 1733 Unde
1296 1690 1457 1747 proba-

68 1771 180 1811 muS,
201 1756 409 1816 quoniam
427 1764 469 1799 et
486 1757 576 1815 ipse
591 1759 705 1800 Deus
720 1758 737 1797 ἱ)
762 1755 876 1800 Audi
890 1756 935 1799 in
950 1757 1131 1802 Actibus
1146 1759 1456 1818 Apostolorum

9 1829 11 1861 ἰ
71 1829 247 1870 Petrum
263 1826 443 1869 Ananiae
460 1823 700 1871 fraudatori
721 1825 1088 1885 improperantem
1111 1847 1120 1872 ε
1151 1847 1167 1868 «
1193 1830 1375 1884 Anania‚
1394 1831 1457 1875 in-

74 1915 92 1937 »
119 1896 231 1955 quit,
256 1910 334 1939 cur
355 1895 551 1954 implevit
576 1898 752 1940 Satanas
784 1911 859 1940 cor
892 1905 1045 1952 tuum,
1070 1900 1243 1943 mentiri
1273 1910 1316 1944 te
1340 1900 1456 1959 apud

71 1982 92 2006 »
121 1965 326 2022 Spiritum
336 1966 559 2008 sanctum?
571 1968 667 2011 Non
676 1981 719 2009 es
729 1966 933 2010 mentitus
941 1968 1207 2021 hominibus,
1217 1969 1289 2012 sed
1301 1972 1422 2014 Deoss.
1435 1971 1453 2010 »⁴

12 2089 15 2100 Ι
71 2038 184 2079 Ecce
196 2043 239 2078 et
254 2036 437 2093 Spiritus
451 2045 624 2080 sanctus
637 2040 765 2081 Deus.
784 2040 900 2096 Ergo
917 2039 1100 2083 Trinitas
1114 2055 1227 2084 unus
1240 2049 1303 2084 est
1317 2044 1427 2084 Deus
1442 2057 1453 2083 .·

13 2101 16 2116 ι

70 2114 114 2149 et
134 2119 287 2148 verum
310 2112 390 2158 est,
420 2122 437 2143 «
461 2105 572 2156 Quia
594 2121 723 2150 nemo
748 2107 912 2162 bonus,
938 2109 1018 2152 nisi
1040 2125 1154 2154 unus
1175 2113 1303 2155 Deus.
1329 2129 1347 2152 »
1375 2113 1457 2154 Pa-

72 2175 224 2219 tientes
240 2182 377 2218 estote
396 2174 502 2217 boni
517 2209 527 2228 ‚
552 2183 601 2218 ut
617 2176 707 2219 sitis
728 2191 828 2220 vere
845 2177 947 2222 boni
968 2197 976 2222 :
998 2180 1210 2237 patientes
1228 2190 1364 2225 estote
1380 2196 1454 2224 us*

71 2260 157 2304 que
180 2245 234 2288 ad
256 2244 493 2289 adventum
515 2246 703 2290 Domini.
731 2246 926 2291 Tolerate
953 2250 1066 2293 mala
1087 2266 1186 2310 quae
1212 2251 1409 2309 patimini
1431 2266 1454 2295 a

70 2314 196 2357 malis
214 2329 314 2358 cum
335 2314 458 2358 malis
480 2334 487 2359 :
506 2316 607 2374 quia
632 2315 709 2359 ista
726 2316 924 2371 tentati0‚
942 2328 1080 2362 vestra
1099 2329 1161 2363 est
1178 2321 1448 2365 examinatio.

76 2385 120 2429 Si
137 2399 292 2428 aurum
310 2400 370 2439 es,
390 2385 496 2444 quid
514 2386 636 2429 times
652 2386 835 2444 paleam,
853 2387 960 2446 quid
978 2389 1101 2433 times
1118 2390 1295 2448 ignem?
1317 2390 1452 2435 Simul

73 2454 254 2513 quidem
272 2455 387 2499 eritis
407 2455 453 2498 in
472 2454 663 2510 fornace,
684 2455 758 2500 sed
779 2456 885 2513 ignis
900 2457 1042 2515 paleas
1060 2459 1106 2503 in
1122 2461 1285 2504 eineres
1307 2460 1449 2513 vertit,

121 2549 131 2565 1
152 2545 227 2576 Luc.
250 2554 337 2585 xviii,
360 2555 410 2585 ¹9·
430 2560 471 2567 -
492 2551 504 2566 2
529 2556 540 2577 1
562 2547 651 2578 Joan.
673 2557 706 2586 v,
726 2553 780 2579 20.
799 2561 839 2569 —
859 2543 872 2569 3
891 2549 962 2580 Act.
984 2559 1017 2589 v,
1037 2548 1055 2580 3
1074 2553 1107 2581 et
1123 2548 1153 2591 4.
