1729 3143
451 176 506 204 DE
537 177 734 205 TEMPORE
763 174 1006 205 BARBAmco.
1334 170 1416 208 177

0 224 5 315 Ι
44 261 66 285 »
91 240 301 301 quidnam
329 239 441 286 illud
470 250 593 286 esset.
625 242 766 300 Eique
793 239 1027 286 dixerunt:
1054 244 1205 286 Frater
1226 250 1329 287 tuus
1346 259 1418 289 re-

0 318 4 360 ί
43 331 64 355 »
88 327 236 357 versus
258 320 322 356 est
334 346 346 367 ,
372 321 415 356 et
431 311 590 356 occidit
610 311 673 354 illi
689 320 811 369 pater
828 320 928 356 tuus
948 312 1137 357 vitulum
1155 312 1416 372 saginatum,

0 369 3 427 ἶ
43 399 65 424 »
90 396 141 426 eo
163 380 283 440 quod
306 380 473 425 salvum
493 379 618 423 illum
638 380 872 438 susceperit
886 383 917 424 ¹.
938 399 958 422 »
991 384 1048 426 Et
1068 381 1316 441 indignatus
1337 400 1422 430 no-

0 447 4 519 }
40 451 124 495 luit
144 451 338 495 introire.
363 453 567 507 Egressus
590 457 652 492 est
674 458 820 493 autem
842 450 898 493 ad
918 449 1042 494 illum
1064 461 1188 510 pater
1210 468 1313 499 suus
1330 489 1341 509 ,
1372 464 1423 500 ut

0 523 5 568 i
41 536 143 564 eum
164 521 473 566 introduceret.
506 519 910 578 Improperavitque
936 519 1010 563 ille
1039 523 1151 579 patri
1171 538 1275 579 suo,
1305 525 1427 585 quod

40 590 274 634 laborasset
305 604 474 648 semper
495 602 596 632 cum
628 587 730 641 illo,
757 597 800 632 et
821 603 1048 648 nunquam
1078 589 1141 633 illi
1172 592 1272 637 talia
1304 595 1426 639 exhi-

41 659 206 703 buisset
226 677 236 703 :
260 667 304 702 at
322 658 398 702 ubi
419 659 607 702 venisset
620 656 734 701 filius
751 655 840 713 ille,
858 659 936 718 qui
953 673 1127 703 omnem
1142 662 1428 710 substantiam

40 737 266 788 paternam
279 727 391 772 male
412 736 754 786 consumpserat,
779 729 1009 774 occidisset
1028 730 1092 774 illi
1109 732 1297 777 vitulum
1315 735 1429 792 sagi-

42 807 211 843 natum.
236 801 294 842 Et
310 797 455 842 reddit
476 808 599 857 pater
616 800 828 843 rationem
849 799 954 844 facti
976 800 1069 856 sui,
1093 803 1431 865 consolaturque

42 867 182 912 filium
202 883 331 911 suum
345 883 493 912 secum
510 878 855 927 permanentem,
873 870 928 914 de
946 870 1078 916 domo
1094 888 1185 917 non
1201 874 1432 919 disceden-

42 946 148 992 tem,
173 946 216 980 et
237 936 342 981 dicit
357 936 422 980 illi
442 956 451 981 ι
481 956 502 979 «
520 937 620 992 Fili,
638 947 686 982 tu
703 954 824 983 meus
843 954 902 995 es,
928 949 972 983 et
992 956 1165 985 mecum
1183 958 1226 987 es
1243 959 1430 1003 semper,

45 1024 67 1048 »
94 1014 137 1049 et
159 1005 304 1049 omnia
324 1020 421 1047 mea
442 1014 519 1047 tua
539 1015 640 1047 sunt
662 1025 670 1047 :
695 1017 1000 1052 verumtamen
1028 1014 1226 1061 oportuit
1247 1028 1327 1058 nos
1353 1015 1435 1059 ista

3 1059 7 1120 Ι
48 1096 66 1118 »
93 1075 252 1127 facere,
277 1072 486 1131 quoniam
506 1068 639 1112 frater
658 1078 759 1112 tuus
780 1078 980 1114 mortuus
1001 1070 1161 1129 fuerat,
1187 1085 1231 1120 et
1252 1080 1433 1139 revixit,

4 1131 7 1180 ἕ
48 1166 68 1187 »
94 1144 296 1203 perierat,
315 1150 358 1185 et
369 1141 572 1184 inventus
593 1148 671 1182 est.
693 1159 710 1179 »
731 1141 829 1183 Non
843 1150 968 1184 vacat
984 1141 1078 1186 haec
1092 1144 1189 1189 talis
1206 1162 1230 1190 a
1248 1150 1437 1198 Domino

4 1229 7 1274 1
44 1214 298 1275 propositio.
324 1214 466 1255 Donet
486 1210 635 1269 itaque
652 1208 778 1253 nobis
802 1210 880 1269 qui
900 1211 981 1255 ista
1004 1217 1229 1272 proposuit
1246 1252 1257 1271 ,
1282 1229 1332 1264 ut
1355 1222 1436 1266 de-

5 1279 7 1348 ᾖ
45 1293 333 1329 monstremus
350 1282 405 1325 ab
423 1282 516 1339 ipso
538 1279 668 1324 fuisse
684 1279 916 1339 impletum
934 1281 1033 1337 hoc,
1052 1284 1173 1342 quod
1188 1301 1265 1345 per
1279 1304 1436 1348 quam-

4 1361 7 1406 l
46 1354 148 1399 dam
170 1350 499 1397 similitudinem
515 1366 594 1395 nos
610 1349 803 1410 quodam
822 1351 954 1396 modo
972 1353 1176 1399 excitavit
1191 1357 1247 1401 ad
1269 1358 1438 1420 aliquid

46 1421 373 1484 inquirendum.
404 1420 626 1465 Affectum
647 1429 880 1478 paternum
902 1421 1146 1467 exhibuisse
1174 1427 1260 1470 suis
1282 1431 1436 1475 Domi-

5 1490 8 1563 ᾖ
46 1509 155 1539 num
186 1502 385 1538 nostrum
407 1494 556 1535 Jesum
577 1490 817 1545 Christum,
847 1490 995 1535 nullus
1018 1493 1201 1553 ambigit
1225 1498 1436 1545 Christia—

5 1572 9 1626 ς
47 1579 144 1610 nus.
180 1562 298 1607 Illud
329 1562 466 1620 magis
498 1560 796 1620 requiramUS,
820 1561 898 1619 qui
929 1562 984 1605 sit
1010 1562 1126 1607 filius
1151 1566 1328 1624 junior,
1359 1574 1436 1631 qui

6 1633 8 1640 ’
48 1634 229 1694 prodige
245 1632 394 1677 vivens
411 1631 697 1675 substantiam
715 1638 941 1688 paternam
958 1630 1182 1692 dissipavit
1197 1670 1208 1691 ,
1233 1646 1276 1682 et
1292 1641 1367 1700 qui
1381 1643 1436 1687 sit

5 1699 9 1765 ξ
48 1704 162 1748 filius
187 1701 500 1762 primogenitus
523 1701 599 1761 qui
618 1700 870 1758 indignatus
901 1701 1022 1762 quod
1049 1703 1140 1749 filio
1168 1707 1340 1765 perdito
1362 1727 1434 1757 re-

2 1771 9 1819 ’1
49 1773 203 1818 deunti
222 1771 384 1817 vitulus
401 1772 619 1829 saginatus
638 1771 803 1815 occisus
820 1771 900 1827 sit,
926 1772 1088 1818 intrare
1105 1776 1310 1824 noluerit.
1333 1783 1435 1836 Quis

6 1840 10 1908 j
49 1852 113 1888 est
128 1844 208 1887 iste
226 1842 340 1886 filius
360 1840 578 1901 perditus,
602 1841 680 1901 qui
702 1856 878 1886 omnem
900 1843 1188 1891 substantiam
1210 1858 1435 1908 paternam

6 1911 10 1966 l
50 1914 96 1956 in
118 1911 418 1956 meretricibus
440 1912 660 1971 erogavit,
685 1911 768 1955 nisi
796 1911 870 1956 ille
896 1913 1008 1959 latro
1040 1917 1116 1975 qui
1145 1919 1434 1970 substantiam

7 1998 10 2008 ¹
53 1983 208 2027 animae
231 1997 253 2025 a
275 1985 366 2026 Deo
387 1982 470 2025 sibi
492 1981 639 2025 datam
659 1996 737 2041 per
765 1982 927 2027 scelera
957 1983 1202 2033 diffluendo
1236 1992 1367 2038 etiam
1394 1996 1441 2041 in

7 2073 11 2106 ὴ,
54 2067 181 2097 cruce
203 2051 446 2111 pependit?
468 2055 627 2097 Porcos
649 2052 790 2111 pavit,
815 2054 993 2113 quando
1010 2054 1264 2105 daemonum
1285 2063 1440 2126 volup-

55 2131 164 2168 tates
185 2122 272 2167 suis
294 2121 418 2165 tactis
438 2120 649 2180 implevit.
670 2124 868 2168 Fortasse
885 2124 982 2170 illos
1003 2142 1156 2186 porcos
1173 2133 1308 2190 pavit,
1329 2151 1439 2196 quos

9 2225 12 2254 3
55 2193 239 2252 petierat
260 2191 460 2235 diabolus
477 2207 502 2235 a
522 2192 724 2247 Domino,
744 2192 892 2239 dicens
913 2215 923 2241 :
952 2216 971 2238 «
993 2200 1108 2245 Jube
1124 2217 1203 2247 nos
1219 2204 1380 2252 intrare
1393 2210 1441 2256 in

59 2278 232 2322 gregem
250 2265 526 2322 porcorum2.
549 2282 566 2304 »
599 2265 734 2307 Fame
768 2266 980 2312 contritus
1017 2279 1081 2314 est
1095 2305 1107 2327 ,
1149 2274 1251 2333 quia
1282 2291 1442 2336 panem

59 2335 182 2378 verbi
202 2334 279 2377 Dei
300 2349 389 2378 non
411 2332 674 2377 inveniebat.
702 2333 878 2395 Siliquis
899 2339 1106 2397 cupiebat
1126 2352 1317 2392 saturare
1330 2365 1440 2396 ven..

61 2414 170 2448 trem
195 2419 338 2458 suum,
365 2403 541 2464 quando
563 2404 765 2450 tortuosis
789 2407 1122 2466 cogitationibus
1140 2415 1334 2473 replebat
1352 2423 1440 2468 ani-

112 2501 120 2517 ¹
145 2497 220 2526 Luc.
242 2505 297 2535 xv,
317 2494 368 2526 25.
393 2513 432 2516 „-
448 2502 460 2517 2
479 2494 591 2528 Matth.
611 2505 679 2536 vm,
701 2494 753 2528 31.

254 2559 440 2588 cxxxiv.
1210 2564 1258 2602 12
