1729 3143
221 261 276 300 90
659 266 678 296 S
685 284 694 295 .
729 265 962 296 AUGUSTIM
993 267 1177 296 131218001’1

219 429 1603 451 WWWWQWWMMMMMMMWWUWM

526 593 674 675 DE
745 563 1276 678 SYMBOLO

483 810 589 867 AD
641 807 1350 867 CATECHUMENOS

728 982 962 1035 SERMO
1006 982 1097 1033 IV.

280 1162 317 1203 Ι.
357 1160 462 1202 DUM
485 1171 562 1216 per
584 1155 919 1200 sacratissimum
949 1155 1088 1200 crucis
1115 1155 1288 1215 signum
1318 1170 1394 1200 vos
1425 1157 1614 1216 suscepit

220 1231 268 1274 in
302 1237 426 1273 utero
456 1235 604 1272 sancta
625 1235 764 1270 mater
785 1224 977 1270 Ecclesia
996 1260 1006 1280 ,
1032 1240 1132 1284 quae
1150 1225 1263 1270 sicut
1279 1234 1323 1270 et
1341 1223 1495 1270 fratres
1515 1242 1614 1272 ves-

221 1309 311 1345 tros
334 1313 437 1343 cum
469 1311 637 1342 summa
673 1295 823 1340 laetitia
857 1295 1105 1355 spiritaliter
1131 1296 1299 1354 pariet,
1337 1285 1614 1356 nova'proles

221 1369 371 1415 futura
409 1378 544 1413 tantae
581 1367 729 1411 matris
748 1400 759 1420 ‚
784 1381 874 1424 quo
906 1381 1045 1425 usque
1076 1381 1153 1425 per
1175 1366 1393 1411 lavacrum
1415 1376 1615 1412 sanctum

223 1448 496 1499 regeneratos
530 1450 645 1479 verae
675 1433 763 1479 luci
792 1436 992 1479 restituat
1012 1469 1024 1489 ,
1061 1437 1264 1493 congruis
1296 1436 1511 1481 alimentis
1542 1452 1615 1482 eos

222 1522 332 1569 quos
364 1515 510 1566 portat
530 1514 678 1565 paseat
708 1506 753 1548 in
775 1513 901 1548 utero
919 1539 929 1559 ‚
955 1513 999 1548 et
1021 1504 1077 1548 ad
1099 1504 1214 1549 diem
1237 1515 1385 1565 partus
1406 1507 1471 1550 sui
1491 1507 1614 1553 laetos

222 1579 323 1623 laeta
344 1576 553 1636 perducat
578 1594 587 1621 :
613 1576 822 1635 quoniam
845 1590 935 1619 non
957 1584 1132 1619 tenetur
1153 1576 1234 1620 hac
1255 1578 1468 1621 sententia
1490 1580 1611 1634 Evae,

222 1664 322 1709 quae
343 1648 388 1691 in
410 1646 580 1691 tristitia
603 1655 646 1690 et
669 1646 836 1705 gemitu
853 1645 965 1704 parit
986 1645 1098 1691 filios
1116 1648 1127 1671 ¹
1149 1681 1160 1701 ‚
1185 1663 1266 1691 nec
1287 1648 1401 1706 ipsos
1419 1648 1616 1707 gauden-
1673 1671 1676 1673 ·

223 1729 312 1774 tes,
348 1716 424 1762 sed
447 1717 589 1776 potius
611 1716 781 1761 flentes.
808 1718 912 1760 Haec
941 1716 1071 1760 solvit
1086 1751 1101 1772 ,
1126 1718 1246 1777 quod
1279 1716 1352 1761 illa
1374 1717 1581 1775 ligaverat
1599 1754 1611 1775 ‚

223 1799 275 1834 ut
305 1786 473 1848 prolem
507 1802 637 1846 quam
673 1801 749 1846 per
777 1785 1121 1831 inobedientiam
1152 1787 1218 1831 sui
1248 1788 1379 1831 morti
1401 1788 1611 1844 donavit,

223 1861 319 1904 haec
354 1874 432 1918 per
468 1857 763 1902 obedientiam
800 1857 997 1901 restituat
1025 1856 1142 1900 vitae.
1169 1856 1325 1900 Omnia
1347 1866 1616 1902 sacramenta

224 1946 324 1990 quae
345 1938 439 1974 acta
469 1937 572 1973 sunt
593 1937 635 1972 et
665 1936 855 1986 aguntur
885 1927 931 1970 in
961 1926 1083 1972 vobis
1114 1942 1190 1986 per
1211 1927 1502 1972 ministerium
1523 1943 1614 1972 ser-

224 2015 380 2047 vorum
406 2000 516 2054 Dei,
549 1999 793 2043 exorcismis
817 2034 828 2054 ,
866 1998 1134 2043 orationibus
1155 2033 1166 2052 ,
1203 1998 1382 2042 canticis
1413 1997 1616 2057 spiritali-

224 2072 307 2116 bus
323 2106 335 2126 ,
358 2070 726 2115 insufflationibus
742 2104 753 2124 ‚
779 2068 919 2114 cilicio
935 2103 945 2123 ,
966 2068 1249 2113 inclinatione
1266 2068 1486 2112 cervicum
1502 2103 1514 2123 ‚
1534 2061 1616 2112 huss

223 2142 404 2187 militate
427 2140 590 2200 pedum
605 2175 616 2196 ‚
642 2156 775 2200 pavor
804 2140 895 2200 ipse
918 2139 1039 2185 omni
1061 2139 1291 2184 securitate
1313 2138 1584 2198 appetendus
1598 2173 1612 2194 ‚

223 2214 319 2257 haec
353 2213 527 2268 omnia,
566 2222 617 2257 ut
639 2211 757 2267 dixi,
798 2226 905 2255 escae
937 2220 1066 2265 sunt,
1105 2225 1206 2271 quae
1236 2224 1311 2254 vos
1344 2208 1547 2253 reficiunt
1567 2210 1615 2253 in

225 2293 351 2328 utero
367 2318 378 2338 ‚
402 2292 452 2327 ut
473 2292 644 2328 renatos
666 2298 717 2326 ex
740 2282 955 2341 baptismo
977 2281 1134 2326 hilares
1156 2295 1232 2326 vos
1251 2288 1388 2323 mater
1411 2279 1614 2324 exhibeat

226 2353 411 2397 Christo.
454 2354 686 2413 Accepistis
715 2362 758 2397 et
794 2351 1053 2409 Symbolum
1074 2386 1086 2407 ,
1121 2349 1437 2410 protectionem
1460 2358 1613 2408 partu-

227 2422 375 2465 rientis
399 2433 549 2467 contra
583 2438 752 2467 venena
784 2422 1008 2481 serpentis.
1051 2425 1101 2465 In
1135 2419 1398 2479 Apocalypsi
1435 2420 1612 2464 Joannis

229 2490 412 2550 apostoli
432 2493 641 2551 scriptum
662 2502 726 2537 est
743 2493 827 2536 hoc
845 2526 855 2545 ‚
881 2491 1002 2550 quod
1018 2498 1149 2536 staret
1165 2490 1296 2535 draco
1314 2490 1359 2534 in
1375 2497 1611 2548 conspectu

277 2593 289 2609 ¹
313 2587 393 2619 Gen.
406 2596 455 2626 111,
477 2588 526 2618 16.
