1729 3143
505 187 559 213 DE.
591 183 758 222 QUARTA
793 181 935 212 FERIA.
1336 175 1414 214 141

34 253 187 297 sione?
208 252 486 310 Comparavit
500 287 512 307 ‚
538 253 597 296 ait
618 251 838 309 Scriptura
854 286 864 305 ‚
892 250 1026 295 Judas
1045 265 1190 308 agrum
1208 251 1350 308 figuli,
1377 262 1420 297 et

34 331 212 367 vocatus
239 332 303 366 est
329 338 429 381 ager
456 322 529 365 ille
554 356 564 376 ‚
596 336 697 379 ager
725 322 958 378 sanguinis.
990 321 1160 366 Clamat
1185 322 1280 366 haec
1308 331 1421 366 terra

33 393 151 453 quali
167 392 236 436 vel
253 408 342 452 quo
364 393 503 450 pretio
519 391 652 435 fuerit
665 401 913 449 comparata
930 426 940 445 ‚
965 392 1053 436 imo
1070 393 1257 451 pretium
1277 393 1419 451 ipsum

32 463 214 516 clamat,
246 462 418 521 sanguis
450 462 540 520 ipse
570 460 755 515 clamat,
792 461 903 504 Abel
934 460 1006 504 ille
1032 464 1173 522 justus
1205 464 1260 507 ab
1288 463 1421 522 impio

32 533 164 578 fratre
190 534 355 579 occisus
376 532 546 576 elamat.
572 534 791 591 Namque,
814 530 1103 586 dilectissimi,
1123 549 1224 577 cum
1246 534 1340 578 haec
1362 535 1421 578 si-

33 603 236 647 militudo
257 602 463 661 passionis
485 601 644 646 Christi
667 609 710 645 et
729 601 922 661 nequitia
943 604 966 645 J
973 601 1071 645 udae
1095 618 1143 646 ac
1167 603 1420 648 Judaeorum

32 674 78 717 in
107 673 190 716 illis
227 671 401 716 duobus
433 672 583 730 primis
617 681 929 716 monstraretur
964 671 1171 716 fratribus
1195 708 1206 727 ‚
1239 675 1350 718 Ca'i'n
1380 684 1422 718 et

32 742 171 797 Abel,
196 752 480 802 posteaquam
504 759 527 786 a
552 744 713 802 majore
736 743 869 787 fratre
893 743 1036 787 minor
1064 744 1228 787 occisus
1250 754 1313 788 est
1328 780 1338 797 ‚
1370 745 1422 789 ab

32 813 181 857 invido
204 814 411 857 innocens
432 823 682 872 peremptus
699 823 791 868 est,
817 830 840 857 a
864 813 1072 858 scelerato
1094 814 1190 872 pius
1213 815 1422 859 interlec-

34 891 101 927 tus
122 892 214 937 est,
240 883 479 941 interrogat
496 886 610 927 Deus
631 886 741 928 Ca'i’n
756 919 766 935 ‚
792 885 913 943 quasi
938 884 1131 938 nescius,
1158 885 1278 943 quasi
1302 886 1423 942 igna-

30 968 104 997 rus
119 988 130 1008 ‚
156 962 199 997 et
218 952 322 997 dicit
344 973 353 998 :
378 973 397 996 «
420 953 503 997 Ubi
520 964 583 998 est
601 954 710 997 Abel
723 955 857 998 frater
876 964 976 998 tuus
993 957 1034 996 ¹?
1055 973 1075 996 »
1102 957 1209 1008 Quae
1231 971 1314 999 vox
1334 971 1424 1000 non

31 1032 93 1066 est
116 1024 354 1081 ignorantis
368 1058 379 1074 ,
403 1023 475 1066 sed
497 1033 722 1078 peccatum
747 1033 848 1067 ante
873 1024 1022 1068 oculos
1044 1025 1237 1068 scelerati
1256 1040 1425 1083 ponen-

32 1092 110 1145 tis3
139 1102 188 1134 ut
210 1087 515 1133 inexcusabilis
551 1088 603 1131 sit
631 1087 770 1131 omnis
802 1088 961 1142 homo,
985 1088 1061 1147 qui
1095 1098 1137 1133 et
1175 1091 1424 1138 admonitus

31 1161 244 1221 poenitere
267 1175 356 1203 non
378 1157 474 1202 vult
496 1158 543 1200 in
561 1157 693 1201 malo.
724 1176 742 1197 «
770 1158 854 1201 Ubi
877 1167 941 1202 est.
962 1159 1072 1203 Abel
1096 1159 1229 1204 frater
1252 1166 1379 1206 tuus?
1400 1182 1420 1206 »

31 1232 115 1275 hoc
138 1229 222 1273 fuit
242 1229 387 1273 dicere
408 1229 446 1270 ei
467 1246 476 1271 2
500 1231 713 1284 Agnosce,
730 1228 858 1282 Ca‘in,
884 1244 973 1271 non
992 1243 1061 1272 me
1083 1231 1274 1288 potuisse
1289 1231 1424 1276 latere

31 1300 76 1345 id
96 1299 216 1360 quod
239 1315 308 1343 me
332 1297 494 1358 putasti
511 1313 634 1356 posse
651 1297 785 1340 latere
806 1316 815 1342 ε
835 1314 1020 1357 agnosce
1037 1299 1145 1358 quid
1161 1300 1313 1345 feceris
1329 1337 1340 1355 ,
1368 1302 1423 1347 de

31 1371 231 1431 proximo
261 1384 337 1427 age
370 1368 695 1428 poenitentiam,
722 1377 772 1411 ut
799 1369 934 1426 possis
964 1370 1157 1428 accipere
1187 1372 1422 1431 indulgen—

32 1441 152 1485 tiam.
181 1442 343 1483 Verum
372 1438 446 1482 ille
481 1453 609 1482 sensu
640 1437 818 1492 durior,
850 1439 895 1481 in
932 1439 1092 1482 scelere
1132 1442 1417 1498 pertinacior,

33 1510 227 1555 moribus
248 1509 458 1568 perversis
474 1508 522 1551 in
545 1508 685 1551 anima
708 1522 935 1566 percussus
951 1543 961 1563 ‚
988 1510 1221 1567 respondet
1238 1514 1328 1556 Deo
1350 1512 1419 1557 di·—

32 1580 148 1624 centi
172 1599 181 1624 :
206 1598 225 1621 «
240 1578 324 1623 Ubi
341 1588 403 1622 est
418 1578 551 1622 frater
566 1579 694 1621 tuus?
710 1596 730 1618 u
748 1587 790 1621 et
806 1577 912 1622 dicit
934 1598 942 1622 ;
968 1581 1173 1624 «Nescio.
1195 1583 1421 1642 Numquid

36 1671 57 1693 »
83 1667 164 1709 ego
183 1660 326 1695 custos
340 1664 435 1693 sum
457 1647 599 1692 fratris
616 1649 728 1692 mei?
740 1667 759 1689 »
778 1648 891 1701 Quid
904 1648 1023 1704 dicis,
1044 1652 1186 1694 Ca'l'n?
1202 1654 1272 1696 cui
1290 1653 1416 1699 dicis:

39 1740 59 1763 «
83 1721 264 1765 Nescio?
284 1738 303 1761 »
331 1721 442 1764 Cum
460 1718 536 1763 illo
552 1719 741 1779 loqueris
762 1719 839 1779 qui
856 1720 1001 1764 omnia
1022 1720 1141 1765 videt
1162 1723 1297 1767 oculis
1315 1725 1416 1769 suis.

33 1791 146 1845 Quid
180 1801 244 1835 est
271 1790 392 1851 quod
421 1790 526 1834 dicis
555 1810 563 1834 :
598 1809 614 1830 «
641 1790 868 1850 Numquid
896 1807 974 1849 ego
996 1803 1140 1837 custos
1163 1792 1306 1839 fratris
1335 1797 1420 1840 mei

40 1882 57 1903 »
83 1864 210 1905 sum?
235 1880 253 1903 »
285 1861 400 1905 Talia
430 1860 721 1920 perpetrando
744 1861 938 1920 repulisti
960 1878 982 1905 a
1006 1871 1049 1906 te
1069 1863 1115 1906 in
1135 1865 1340 1910 omnibus
1364 1867 1417 1910 ti—

33 1948 198 1977 morem
215 1932 307 1976 Dei.
326 1934 383 1976 Et
399 1932 607 1976 Dominus
622 1931 683 1975 illi
701 1951 709 1976 :
732 1950 752 1974 «
771 1932 885 1985 Quid
902 1931 1072 1977 fecisti?
1090 1937 1186 1978 Vox
1199 1937 1419 1995 sanguinis

37 2020 59 2043 »
85 2001 227 2045 fratris
254 2002 316 2045 tui
337 2001 494 2046 clamat
518 2003 573 2046 ad
595 2018 665 2047 me
685 2003 741 2046 de
763 2012 875 2046 terra
890 2005 922 2046 2.
953 2021 972 2044 »
1004 2003 1046 2048 Si
1070 2005 1184 2048 enim
1206 2021 1314 2049 esses
1334 2006 1424 2051 fra—

34 2072 111 2116 tris
135 2073 197 2116 tui
229 2081 393 2127 custos,
421 2074 513 2131 ejus
544 2089 634 2118 non
657 2089 767 2119 esses
795 2073 1063 2120 interfector.
1105 2077 1147 2121 Si
1174 2092 1425 2135 agnosceres

37 2142 351 2188 fraternitatem
367 2177 378 2196 ‚
404 2151 570 2186 tantam
591 2159 681 2188 non
705 2145 996 2190 committeres
1029 2147 1356 2193 immanitatem.
1384 2149 1426 2194 Si

37 2214 212 2258 timeres
235 2228 381 2257 meum
399 2212 636 2273 judicium,
661 2215 705 2258 in
726 2214 900 2259 fratrem
918 2233 1008 2262 non
1025 2220 1314 2264 committeres
1332 2236 1425 2279 par-

40 2283 256 2329 ricidium.
281 2303 302 2327 «
318 2286 416 2329 Vox
432 2285 652 2344 sanguinis
665 2284 809 2330 fratris
825 2287 888 2330 tui
901 2287 1059 2333 clamat
1072 2289 1126 2333 ad
1141 2306 1209 2334 me
1223 2291 1277 2334 de
1292 2300 1419 2336 terra.

41 2360 129 2399 »Et
146 2370 288 2409 nunc,
314 2356 371 2399 ait
385 2356 614 2411 Dominus,
633 2355 887 2401 maledictus
908 2367 956 2402 tu
975 2374 998 2402 a
1019 2369 1146 2404 terra,
1169 2379 1187 2402 »
1214 2364 1309 2406 Non
1332 2377 1426 2407 ma-

40 2425 199 2470 ledicta
224 2435 335 2470 terra
354 2461 364 2481 ‚
389 2427 464 2470 sed
482 2462 493 2483 ‚
533 2446 552 2470 «
577 2427 834 2474 Maledictus
857 2438 904 2474 tu
932 2444 955 2474 a
978 2440 1111 2487 terra,
1138 2447 1237 2492 quae
1260 2433 1425 2493 accepit

89 2517 98 2535 ¹
120 2513 198 2544 Gen.
216 2523 261 2553 iv,
276 2524 308 2554 9.
331 2511 487 2547 —21bid.
507 2525 554 2548 10.
