1729 3143
226 230 309 270 406
654 239 688 268 s.
723 238 954 269 Auens-nm
985 240 1168 271 zrrscon

226 322 308 350 nus
325 304 595 350 eruditorum
610 302 839 348 sollicitare
855 303 1004 361 fidem,
1024 321 1124 350 cum
1141 305 1293 351 dicunt
1312 325 1322 353 z
1346 307 1461 361 Quid
1475 309 1604 354 etiam

226 392 381 437 pecora
413 374 482 418 vel
509 385 765 419 meruerunt
792 376 923 432 mali,
953 385 1004 421 ut
1031 385 1150 421 tanta
1183 377 1404 436 patiantur
1433 378 1605 424 incom—

225 446 377 502 moda,
407 445 477 491 vel
498 455 671 505 sperant
692 447 822 502 boni,
858 447 959 507 quia
992 449 1122 493 tantis
1153 458 1406 493 exercentur
1436 450 1605 495 incom-

223 517 397 562 modis?
421 515 505 562 Sed
526 517 620 562 haec
642 517 793 563 dicunt
812 518 883 564 vel
904 520 1124 576 sentiunt,
1148 521 1250 580 quia
1267 521 1534 581 iniquissime
1550 521 1606 566 de

221 588 350 633 rebus
369 588 628 645 existimant,
646 589 835 650 quicum
853 605 1073 635 summum
1090 592 1258 636 bonum
1277 591 1398 652 quod
1414 600 1457 636 et
1470 606 1606 652 quan-

219 668 313 703 tum
333 659 388 702 sit
406 659 593 719 aspicere
611 669 854 720 nequeant,
879 660 981 706 talia
1004 660 1159 706 volunt
1173 677 1262 707 esse
1283 662 1450 717 omnia,
1475 661 1605 722 quale

218 737 378 788 putant
398 744 488 774 esse
509 745 728 775 summum
750 731 918 775 bonum
943 750 953 776 ι
984 742 1142 791 praeter
1171 732 1287 776 enim
1308 746 1478 777 summa
1504 747 1604 777 cor-

217 814 324 859 pora
346 815 446 859 quae
468 800 660 845 coelestia
677 810 801 856 sunt,
826 801 1059 861 minusque
1078 802 1348 862 corruptioni
1361 802 1601 863 subjacent,

219 885 439 915 summum
461 871 629 916 bonum
651 873 840 930 cogitare-
864 887 953 917 non
975 883 1157 932 possunt
1185 893 1196 919 ε
1225 873 1412 934 ideoque
1439 873 1605 918 inordiss

217 941 437 986 natissime
459 940 657 998 flagitant
671 975 682 995 ‚
709 949 760 984 ut
780 955 861 985 nec
880 950 1066 986 mortem
1088 957 1170 986 nec
1191 944 1327 986 ullam
1357 945 1605 1002 corruptio-

217 1028 317 1058 nem
340 1012 560 1072 patiantur
574 1027 756 1071 corpora
771 1012 1022 1069 bestiarum,
1040 1013 1163 1073 quasi
1178 1029 1268 1058 non
1281 1015 1366 1059 sint
1385 1013 1602 1068 mortalia,

217 1098 317 1128 cum
341 1084 428 1127 sint
448 1083 625 1141 infima3
657 1092 733 1127 aut
761 1083 860 1128 ideo
882 1083 997 1128 mala
1018 1085 1103 1128 sint
1118 1119 1130 1140 ,
1155 1085 1257 1145 quia
1287 1093 1389 1128 sunt
1414 1083 1606 1129 coelestia

217 1154 412 1198 meliora.
446 1152 578 1198 Dolor
607 1162 753 1198 autem
775 1169 908 1214 quem
936 1155 1086 1199 bestiae
1116 1155 1338 1210 sentiunt,
1364 1155 1605 1199 animarum

218 1224 348 1269 etiam
374 1224 622 1269 bestialium
643 1225 731 1269 vim
753 1224 990 1284 quamdam
1010 1225 1056 1269 in
1079 1240 1157 1269 suo
1179 1239 1335 1283 genere
1361 1224 1606 1269 mirabilem

219 1294 575 1354 laudabilemque
607 1294 900 1340 commendat.
927 1297 1021 1340 Hoc
1046 1295 1141 1355 ipso
1163 1296 1279 1339 enim
1301 1295 1401 1340 satis
1427 1305 1606 1355 apparet

217 1367 263 1412 in
280 1366 481 1425 regendis
503 1367 836 1426 animandisque
857 1367 944 1411 suis
965 1367 1219 1426 corporibus
1237 1401 1248 1422 ,
1268 1381 1401 1427 quam
1426 1367 1511 1412 sint
1528 1382 1606 1426 ap-

217 1445 414 1496 petentes
437 1437 630 1481 unitatis.
651 1437 769 1491 Quid
792 1446 855 1481 est
876 1438 993 1481 enim
1010 1436 1131 1481 aliud
1151 1436 1276 1482 dolor
1293 1472 1304 1493 ,
1329 1437 1410 1481 nisi
1427 1436 1605 1497 quidam

218 1523 366 1552 sensus
389 1507 609 1553 divisionis
639 1508 709 1553 vel
739 1508 1030 1568 corruptionis
1058 1508 1322 1567 impatiens?
1352 1508 1478 1552 Unde
1508 1508 1606 1553 luce

218 1578 375 1623 clarius
393 1588 572 1639 apparet
591 1595 723 1639 quam
744 1580 798 1623 sit
814 1578 888 1623 illa
907 1579 1050 1624 anima
1065 1580 1112 1623 in
1134 1579 1199 1623 sui
1216 1579 1409 1639 corporis
1429 1580 1606 1624 univer-

217 1651 342 1694 sitate
363 1649 488 1694 avida
521 1650 697 1694 unitatis
718 1660 762 1695 et
783 1659 938 1706 tenax,
963 1666 1063 1710 quae
1087 1666 1168 1695 nec
1194 1650 1409 1706 libenter,
1434 1665 1514 1694 nec
1536 1650 1606 1694 in-

221 1720 474 1765 differenter
485 1756 496 1776 ,
515 1721 591 1765 sed
608 1722 751 1780 potius
769 1722 1005 1766 renitenter
1019 1731 1062 1766 et
1079 1721 1343 1766 reluctanter
1362 1719 1607 1764 intenditur

219 1792 266 1835 in
287 1805 382 1835 eam
405 1792 648 1850 passionem
679 1792 871 1851 corporis
892 1792 984 1847 sui,
1010 1807 1098 1851 qua
1115 1792 1219 1851 xejus
1241 1790 1453 1834 unitatem
1476 1799 1607 1850 atque

222 1861 517 1922 integritatem
538 1861 788 1906 labefactari
810 1861 989 1907 moleste
1021 1861 1190 1921 accipit.
1222 1863 1320 1907 Non
1348 1875 1449 1919 ergo
1470 1876 1606 1920 appa-

220 1941 334 1976 reret
355 1941 546 1993 quantus
562 1932 840 1977 inferioribus
854 1932 1061 1976 creaturis
1075 1931 1335 1976 animalibus
1352 1940 1460 1975 esset
1473 1945 1608 1991 appe-

222 2003 328 2047 titus
350 2003 527 2048 unitatis
541 2038 553 2059 ,
577 2003 660 2047 nisi
681 2002 831 2048 dolore
853 2002 1104 2046 bestiarum.
1125 2002 1256 2055 Quod
1272 2002 1306 2047 si
1319 2016 1410 2046 non
1428 2016 1608 2061 appare-

223 2082 289 2118 ret
306 2109 317 2130 ,
341 2074 486 2118 minus
505 2089 638 2134 quam
659 2089 769 2134 opus
790 2081 899 2118 esset
919 2072 1256 2118 admoneremur
1276 2072 1331 2117 ab
1349 2071 1424 2117 illa
1439 2087 1609 2117 summa

223 2154 266 2191 et
286 2145 465 2190 sublimi
486 2154 530 2190 et
549 2145 761 2191 ineffabili
785 2145 952 2190 unitate
982 2145 1197 2191 Creatoris
1229 2160 1320 2190 esse
1351 2144 1498 2190 omnia
1527 2143 1609 2190 ista

224 2216 476 2262 constituta.

282 2290 417 2332 LXX.
450 2290 508 2332 Et
535 2302 684 2333 revera
708 2287 742 2332 si
769 2287 839 2347 pie
871 2302 920 2332 ac
946 2285 1178 2346 diligenter
1210 2285 1431 2341 attendas,
1470 2284 1610 2330 omnis

223 2368 433 2402 creaturae
454 2359 614 2418 species
632 2367 675 2402 et
696 2367 841 2402 motus
858 2392 869 2413 ,
892 2357 969 2418 qui
990 2357 1193 2400 inanimi
1209 2356 1391 2400 humani
1407 2355 1608 2400 conside-

223 2429 434 2474 rationem
463 2430 605 2485 cadit,
644 2429 934 2475 eruditionem
964 2437 1156 2474 nostram
1178 2427 1375 2488 loquitur
1394 2461 1406 2482 ,
1431 2425 1608 2471 diversis

226 2500 416 2543 motibus
439 2509 481 2544 et
502 2500 808 2544 affectionibus
827 2535 838 2555 ,
864 2500 987 2559 quasi
1008 2497 1199 2559 quadam
1216 2497 1422 2542 varietate
1438 2495 1610 2554 lingua-

230 2584 343 2622 rum,
358 2570 554 2629 undique
568 2571 901 2631 clamans'atque
912 2572 1138 2629 increpans
1151 2566 1502 2627 cognoscendum
1518 2581 1609 2610 esse
