<?xml version="1.0" encoding="UTF-8"?>
<!DOCTYPE html PUBLIC "-//W3C//DTD XHTML 1.0 Transitional//EN"
    "http://www.w3.org/TR/xhtml1/DTD/xhtml1-transitional.dtd">
<html xmlns="http://www.w3.org/1999/xhtml" xml:lang="en" lang="en">
 <head>
  <title>
</title>
<meta http-equiv="Content-Type" content="text/html;charset=utf-8" />
  <meta name='ocr-system' content='tesseract 3.04.00' />
  <meta name='ocr-capabilities' content='ocr_page ocr_carea ocr_par ocr_line ocrx_word'/>
</head>
<body>
  <div class='ocr_page' id='page_1' title='image "./operaomniaaccura27auguuoft/operaomniaaccura27auguuoft_0179.png"; bbox 0 0 1729 3143; ppageno 0'>
   <div class='ocr_carea' id='block_1_1' title="bbox 482 204 1447 243">
    <p class='ocr_par' dir='ltr' id='par_1_1' title="bbox 482 204 1447 243">
     <span class='ocr_line' id='line_1_1' title="bbox 482 204 1447 243; baseline 0 -1"><span class='ocrx_word' id='word_1_1' title='bbox 482 215 536 242; x_wconf 77' lang='lat' dir='ltr'>m:</span> <span class='ocrx_word' id='word_1_2' title='bbox 567 214 766 243; x_wconf 75' lang='lat' dir='ltr'>TEMPORE</span> <span class='ocrx_word' id='word_1_3' title='bbox 797 210 1042 242; x_wconf 70' lang='lat' dir='ltr'>BARBAmco.</span> <span class='ocrx_word' id='word_1_4' title='bbox 1365 204 1447 242; x_wconf 88' lang='lat'>167</span> 
     </span>
    </p>
   </div>
   <div class='ocr_carea' id='block_1_2' title="bbox 62 275 1456 968">
    <p class='ocr_par' dir='ltr' id='par_1_2' title="bbox 69 275 1453 606">
     <span class='ocr_line' id='line_1_2' title="bbox 71 275 1446 340; baseline -0.001 -16"><span class='ocrx_word' id='word_1_5' title='bbox 71 293 244 340; x_wconf 87' lang='lat' dir='ltr'>prorsus</span> <span class='ocrx_word' id='word_1_6' title='bbox 261 294 425 326; x_wconf 88' lang='lat' dir='ltr'>omnes.</span> <span class='ocrx_word' id='word_1_7' title='bbox 449 279 602 326; x_wconf 90' lang='lat' dir='ltr'>Nullus</span> <span class='ocrx_word' id='word_1_8' title='bbox 624 286 688 323; x_wconf 90' lang='lat' dir='ltr'>est</span> <span class='ocrx_word' id='word_1_9' title='bbox 709 286 932 322; x_wconf 80' lang='lat' dir='ltr'>excusatus</span> <span class='ocrx_word' id='word_1_10' title='bbox 958 297 967 323; x_wconf 89' lang='lat'>:</span> <span class='ocrx_word' id='word_1_11' title='bbox 993 277 1095 338; x_wconf 88' lang='lat' dir='ltr'>quia</span> <span class='ocrx_word' id='word_1_12' title='bbox 1110 275 1208 321; x_wconf 87' lang='lat' dir='ltr'>talis</span> <span class='ocrx_word' id='word_1_13' title='bbox 1225 286 1289 322; x_wconf 85' lang='lat' dir='ltr'>est</span> <span class='ocrx_word' id='word_1_14' title='bbox 1296 277 1446 338; x_wconf 83' lang='lat' dir='ltr'>judex,</span> 
     </span>
     <span class='ocr_line' id='line_1_3' title="bbox 70 348 1452 396; baseline -0.002 0"><span class='ocrx_word' id='word_1_15' title='bbox 70 359 120 396; x_wconf 88' lang='lat' dir='ltr'>ut</span> <span class='ocrx_word' id='word_1_16' title='bbox 142 351 281 395; x_wconf 90' lang='lat' dir='ltr'>omnis</span> <span class='ocrx_word' id='word_1_17' title='bbox 308 351 441 396; x_wconf 91' lang='lat' dir='ltr'>homo</span> <span class='ocrx_word' id='word_1_18' title='bbox 464 351 519 395; x_wconf 90' lang='lat' dir='ltr'>ab</span> <span class='ocrx_word' id='word_1_19' title='bbox 540 348 616 394; x_wconf 93' lang='lat' dir='ltr'>illo</span> <span class='ocrx_word' id='word_1_20' title='bbox 638 348 883 393; x_wconf 84' lang='lat' dir='ltr'>inveniatur</span> <span class='ocrx_word' id='word_1_21' title='bbox 911 363 1023 393; x_wconf 90' lang='lat' dir='ltr'>reus.</span> <span class='ocrx_word' id='word_1_22' title='bbox 1060 366 1082 391; x_wconf 91' lang='lat'>«</span> <span class='ocrx_word' id='word_1_23' title='bbox 1102 349 1215 394; x_wconf 88' lang='lat' dir='ltr'>Cum</span> <span class='ocrx_word' id='word_1_24' title='bbox 1237 348 1354 392; x_wconf 91' lang='lat' dir='ltr'>enim</span> <span class='ocrx_word' id='word_1_25' title='bbox 1376 364 1452 393; x_wconf 82' lang='lat' dir='ltr'>rex</span> 
     </span>
     <span class='ocr_line' id='line_1_4' title="bbox 72 417 1453 482; baseline 0 -18"><span class='ocrx_word' id='word_1_26' title='bbox 72 439 93 464; x_wconf 91' lang='lat'>»</span> <span class='ocrx_word' id='word_1_27' title='bbox 115 423 256 482; x_wconf 88' lang='lat' dir='ltr'>justus</span> <span class='ocrx_word' id='word_1_28' title='bbox 278 421 435 465; x_wconf 82' lang='lat' dir='ltr'>sederit</span> <span class='ocrx_word' id='word_1_29' title='bbox 454 421 500 464; x_wconf 92' lang='lat' dir='ltr'>in</span> <span class='ocrx_word' id='word_1_30' title='bbox 521 420 680 464; x_wconf 84' lang='lat' dir='ltr'>throno</span> <span class='ocrx_word' id='word_1_31' title='bbox 697 453 708 473; x_wconf 86' lang='lat'><strong>,</strong></span> <span class='ocrx_word' id='word_1_32' title='bbox 732 418 829 478; x_wconf 90' lang='lat' dir='ltr'>quis</span> <span class='ocrx_word' id='word_1_33' title='bbox 851 417 1109 477; x_wconf 85' lang='lat' dir='ltr'>gloriabitur</span> <span class='ocrx_word' id='word_1_34' title='bbox 1130 427 1294 464; x_wconf 87' lang='lat' dir='ltr'>castum</span> <span class='ocrx_word' id='word_1_35' title='bbox 1316 434 1361 464; x_wconf 88' lang='lat' dir='ltr'>se</span> <span class='ocrx_word' id='word_1_36' title='bbox 1376 420 1453 465; x_wconf 85' lang='lat' dir='ltr'>ha-</span> 
     </span>
     <span class='ocr_line' id='line_1_5' title="bbox 71 487 1451 550; baseline 0.001 -16"><span class='ocrx_word' id='word_1_37' title='bbox 71 510 91 534; x_wconf 89' lang='lat'>»</span> <span class='ocrx_word' id='word_1_38' title='bbox 117 491 221 536; x_wconf 89' lang='lat' dir='ltr'>bere</span> <span class='ocrx_word' id='word_1_39' title='bbox 243 492 352 536; x_wconf 82' lang='lat' dir='ltr'>cor?</span> <span class='ocrx_word' id='word_1_40' title='bbox 372 499 448 535; x_wconf 90' lang='lat' dir='ltr'>aut</span> <span class='ocrx_word' id='word_1_41' title='bbox 467 489 562 550; x_wconf 89' lang='lat' dir='ltr'>quis</span> <span class='ocrx_word' id='word_1_42' title='bbox 585 487 842 547; x_wconf 84' lang='lat' dir='ltr'>gloriabitur</span> <span class='ocrx_word' id='word_1_43' title='bbox 862 487 1079 532; x_wconf 88' lang='lat' dir='ltr'>mundum</span> <span class='ocrx_word' id='word_1_44' title='bbox 1111 504 1155 533; x_wconf 89' lang='lat' dir='ltr'>se</span> <span class='ocrx_word' id='word_1_45' title='bbox 1177 503 1267 535; x_wconf 89' lang='lat' dir='ltr'>esse</span> <span class='ocrx_word' id='word_1_46' title='bbox 1295 505 1320 535; x_wconf 85' lang='lat' dir='ltr'>a</span> <span class='ocrx_word' id='word_1_47' title='bbox 1346 505 1451 550; x_wconf 88' lang='lat' dir='ltr'>pec-</span> 
     </span>
     <span class='ocr_line' id='line_1_6' title="bbox 69 563 307 606; baseline -0.004 -3"><span class='ocrx_word' id='word_1_48' title='bbox 69 579 90 603; x_wconf 87' lang='lat'>»</span> <span class='ocrx_word' id='word_1_49' title='bbox 116 563 270 606; x_wconf 82' lang='lat' dir='ltr'>cato1?</span> <span class='ocrx_word' id='word_1_50' title='bbox 289 581 307 601; x_wconf 79' lang='lat'>»</span> 
     </span>
    </p>

    <p class='ocr_par' dir='ltr' id='par_1_3' title="bbox 62 627 1456 968">
     <span class='ocr_line' id='line_1_7' title="bbox 127 627 1453 688; baseline 0.002 -15"><span class='ocrx_word' id='word_1_51' title='bbox 127 634 187 674; x_wconf 94' lang='grc' dir='ltr'>ΙΙ.</span> <span class='ocrx_word' id='word_1_52' title='bbox 224 628 415 673; x_wconf 84' lang='lat' dir='ltr'>Advenit</span> <span class='ocrx_word' id='word_1_53' title='bbox 450 637 623 688; x_wconf 87' lang='lat' dir='ltr'>tempus</span> <span class='ocrx_word' id='word_1_54' title='bbox 659 627 772 672; x_wconf 93' lang='lat' dir='ltr'>illud</span> <span class='ocrx_word' id='word_1_55' title='bbox 812 627 932 688; x_wconf 90' lang='lat' dir='ltr'>quod</span> <span class='ocrx_word' id='word_1_56' title='bbox 968 627 1170 687; x_wconf 79' lang='lat' dir='ltr'>praedixit</span> <span class='ocrx_word' id='word_1_57' title='bbox 1205 628 1416 675; x_wconf 88' lang='lat' dir='ltr'>Dominus</span> <span class='ocrx_word' id='word_1_58' title='bbox 1443 649 1453 675; x_wconf 72' lang='grc' dir='ltr'>ε</span> 
     </span>
     <span class='ocr_line' id='line_1_8' title="bbox 72 697 1455 754; baseline 0.002 -14"><span class='ocrx_word' id='word_1_59' title='bbox 72 717 90 740; x_wconf 85' lang='grc'>«</span> <span class='ocrx_word' id='word_1_60' title='bbox 117 703 264 754; x_wconf 82' lang='lat' dir='ltr'>Putas,</span> <span class='ocrx_word' id='word_1_61' title='bbox 299 714 400 743; x_wconf 89' lang='lat' dir='ltr'>cum</span> <span class='ocrx_word' id='word_1_62' title='bbox 420 699 588 744; x_wconf 88' lang='lat' dir='ltr'>venerit</span> <span class='ocrx_word' id='word_1_63' title='bbox 610 697 747 742; x_wconf 87' lang='lat' dir='ltr'>Filius</span> <span class='ocrx_word' id='word_1_64' title='bbox 766 697 977 753; x_wconf 89' lang='lat' dir='ltr'>hominis,</span> <span class='ocrx_word' id='word_1_65' title='bbox 1017 698 1209 742; x_wconf 88' lang='lat' dir='ltr'>inveniet</span> <span class='ocrx_word' id='word_1_66' title='bbox 1245 698 1380 743; x_wconf 89' lang='lat' dir='ltr'>fidem</span> <span class='ocrx_word' id='word_1_67' title='bbox 1409 702 1455 744; x_wconf 90' lang='lat' dir='ltr'>in</span> 
     </span>
     <span class='ocr_line' id='line_1_9' title="bbox 70 766 1453 822; baseline 0.002 -11"><span class='ocrx_word' id='word_1_68' title='bbox 70 787 88 811; x_wconf 91' lang='lat'>»</span> <span class='ocrx_word' id='word_1_69' title='bbox 114 771 286 813; x_wconf 75' lang='lat' dir='ltr'>terra2?</span> <span class='ocrx_word' id='word_1_70' title='bbox 308 789 325 809; x_wconf 87' lang='lat'>»</span> <span class='ocrx_word' id='word_1_71' title='bbox 351 769 457 822; x_wconf 87' lang='lat' dir='ltr'>Quis</span> <span class='ocrx_word' id='word_1_72' title='bbox 480 769 615 813; x_wconf 87' lang='lat' dir='ltr'>habet</span> <span class='ocrx_word' id='word_1_73' title='bbox 635 768 801 813; x_wconf 80' lang='lat' dir='ltr'>fidem?</span> <span class='ocrx_word' id='word_1_74' title='bbox 820 769 924 822; x_wconf 87' lang='lat' dir='ltr'>Quis</span> <span class='ocrx_word' id='word_1_75' title='bbox 949 766 1087 813; x_wconf 90' lang='lat' dir='ltr'>credit</span> <span class='ocrx_word' id='word_1_76' title='bbox 1107 768 1280 812; x_wconf 87' lang='lat' dir='ltr'>verbis?</span> <span class='ocrx_word' id='word_1_77' title='bbox 1301 770 1453 814; x_wconf 89' lang='lat' dir='ltr'>Aude-</span> 
     </span>
     <span class='ocr_line' id='line_1_10' title="bbox 63 838 1454 899; baseline 0.001 -17"><span class='ocrx_word' id='word_1_78' title='bbox 63 838 130 882; x_wconf 90' lang='lat' dir='ltr'>bit</span> <span class='ocrx_word' id='word_1_79' title='bbox 157 839 312 898; x_wconf 87' lang='lat' dir='ltr'>aliquis</span> <span class='ocrx_word' id='word_1_80' title='bbox 347 848 545 883; x_wconf 90' lang='lat' dir='ltr'>nostrum</span> <span class='ocrx_word' id='word_1_81' title='bbox 574 839 790 897; x_wconf 83' lang='lat' dir='ltr'>assignare</span> <span class='ocrx_word' id='word_1_82' title='bbox 821 839 904 883; x_wconf 88' lang='lat' dir='ltr'>sibi</span> <span class='ocrx_word' id='word_1_83' title='bbox 929 839 1084 893; x_wconf 83' lang='lat' dir='ltr'>fidem,</span> <span class='ocrx_word' id='word_1_84' title='bbox 1118 838 1298 899; x_wconf 90' lang='lat' dir='ltr'>quando</span> <span class='ocrx_word' id='word_1_85' title='bbox 1331 838 1454 884; x_wconf 87' lang='lat' dir='ltr'>audit</span> 
     </span>
     <span class='ocr_line' id='line_1_11' title="bbox 62 907 1456 968; baseline 0.002 -17"><span class='ocrx_word' id='word_1_86' title='bbox 62 909 298 961; x_wconf 89' lang='lat' dir='ltr'>Dominum</span> <span class='ocrx_word' id='word_1_87' title='bbox 314 907 531 953; x_wconf 82' lang='lat' dir='ltr'>dicentem</span> <span class='ocrx_word' id='word_1_88' title='bbox 552 909 781 968; x_wconf 88' lang='lat' dir='ltr'>Discipulis</span> <span class='ocrx_word' id='word_1_89' title='bbox 804 929 812 954; x_wconf 76' lang='grc' dir='ltr'>ε</span> <span class='ocrx_word' id='word_1_90' title='bbox 843 928 860 949; x_wconf 86' lang='grc'>«</span> <span class='ocrx_word' id='word_1_91' title='bbox 884 910 926 954; x_wconf 91' lang='lat' dir='ltr'>Si</span> <span class='ocrx_word' id='word_1_92' title='bbox 951 909 1168 953; x_wconf 86' lang='lat' dir='ltr'>haberetis</span> <span class='ocrx_word' id='word_1_93' title='bbox 1188 908 1323 953; x_wconf 89' lang='lat' dir='ltr'>fidem</span> <span class='ocrx_word' id='word_1_94' title='bbox 1343 909 1456 954; x_wconf 89' lang='lat' dir='ltr'>sicut</span> 
     </span>
    </p>
   </div>
   <div class='ocr_carea' id='block_1_3' title="bbox 64 977 1457 1103">
    <p class='ocr_par' dir='ltr' id='par_1_4' title="bbox 64 977 1457 1103">
     <span class='ocr_line' id='line_1_12' title="bbox 67 977 1457 1035; baseline 0.002 -16"><span class='ocrx_word' id='word_1_95' title='bbox 67 997 85 1018; x_wconf 75' lang='lat' dir='ltr'>J)</span> <span class='ocrx_word' id='word_1_96' title='bbox 113 992 296 1034; x_wconf 89' lang='lat' dir='ltr'>granum</span> <span class='ocrx_word' id='word_1_97' title='bbox 320 977 477 1035; x_wconf 89' lang='lat' dir='ltr'>sinapis</span> <span class='ocrx_word' id='word_1_98' title='bbox 495 1012 506 1032; x_wconf 79' lang='lat'>‚</span> <span class='ocrx_word' id='word_1_99' title='bbox 541 979 741 1023; x_wconf 89' lang='lat' dir='ltr'>diceretis</span> <span class='ocrx_word' id='word_1_100' title='bbox 776 979 919 1022; x_wconf 86' lang='lat' dir='ltr'>arbori</span> <span class='ocrx_word' id='word_1_101' title='bbox 951 979 1086 1024; x_wconf 83' lang='lat' dir='ltr'>huic:</span> <span class='ocrx_word' id='word_1_102' title='bbox 1117 979 1377 1034; x_wconf 82' lang='lat' dir='ltr'>Eradicare,</span> <span class='ocrx_word' id='word_1_103' title='bbox 1413 988 1457 1023; x_wconf 90' lang='lat' dir='ltr'>et</span> 
     </span>
     <span class='ocr_line' id='line_1_13' title="bbox 64 1044 1456 1103; baseline -0.004 -17"><span class='ocrx_word' id='word_1_104' title='bbox 64 1063 84 1086; x_wconf 86' lang='lat'>»</span> <span class='ocrx_word' id='word_1_105' title='bbox 111 1044 309 1103; x_wconf 84' lang='lat' dir='ltr'>plantare</span> <span class='ocrx_word' id='word_1_106' title='bbox 330 1044 377 1085; x_wconf 93' lang='lat' dir='ltr'>in</span> <span class='ocrx_word' id='word_1_107' title='bbox 398 1044 530 1098; x_wconf 75' lang='lat' dir='ltr'>mari3</span> <span class='ocrx_word' id='word_1_108' title='bbox 557 1050 600 1084; x_wconf 91' lang='lat' dir='ltr'>et</span> <span class='ocrx_word' id='word_1_109' title='bbox 623 1044 871 1084; x_wconf 79' lang='lat' dir='ltr'>obaudisset</span> <span class='ocrx_word' id='word_1_110' title='bbox 895 1046 1043 1084; x_wconf 70' lang='lat' dir='ltr'>vobis³</span> <span class='ocrx_word' id='word_1_111' title='bbox 1058 1049 1076 1082; x_wconf 66' lang='lat' dir='ltr'>‘t</span> <span class='ocrx_word' id='word_1_112' title='bbox 1094 1062 1114 1082; x_wconf 81' lang='lat' dir='ltr'><em>n</em></span> <span class='ocrx_word' id='word_1_113' title='bbox 1139 1048 1246 1094; x_wconf 82' lang='lat' dir='ltr'>Quis</span> <span class='ocrx_word' id='word_1_114' title='bbox 1273 1048 1356 1089; x_wconf 85' lang='lat' dir='ltr'>sibi</span> <span class='ocrx_word' id='word_1_115' title='bbox 1377 1063 1456 1091; x_wconf 85' lang='lat' dir='ltr'>au-</span> 
     </span>
    </p>
   </div>
   <div class='ocr_carea' id='block_1_4' title="bbox 0 1109 1457 2433">
    <p class='ocr_par' dir='ltr' id='par_1_5' title="bbox 0 1109 1457 2152">
     <span class='ocr_line' id='line_1_14' title="bbox 62 1109 1457 1172; baseline 0.001 -14"><span class='ocrx_word' id='word_1_116' title='bbox 62 1114 184 1158; x_wconf 89' lang='lat' dir='ltr'>debit</span> <span class='ocrx_word' id='word_1_117' title='bbox 213 1113 450 1170; x_wconf 84' lang='lat' dir='ltr'>assignare,</span> <span class='ocrx_word' id='word_1_118' title='bbox 484 1110 606 1169; x_wconf 89' lang='lat' dir='ltr'>quod</span> <span class='ocrx_word' id='word_1_119' title='bbox 633 1109 765 1153; x_wconf 85' lang='lat' dir='ltr'>faciat</span> <span class='ocrx_word' id='word_1_120' title='bbox 785 1110 932 1154; x_wconf 90' lang='lat' dir='ltr'>omnia</span> <span class='ocrx_word' id='word_1_121' title='bbox 954 1125 1053 1169; x_wconf 86' lang='lat' dir='ltr'>quae</span> <span class='ocrx_word' id='word_1_122' title='bbox 1080 1114 1289 1172; x_wconf 81' lang='lat' dir='ltr'>praecepit</span> <span class='ocrx_word' id='word_1_123' title='bbox 1310 1117 1457 1160; x_wconf 78' lang='lat' dir='ltr'>Deus?</span> 
     </span>
     <span class='ocr_line' id='line_1_15' title="bbox 0 1178 1453 1242; baseline 0.001 -13"><span class='ocrx_word' id='word_1_124' title='bbox 0 1218 1 1230; x_wconf 62' lang='grc'>,</span> <span class='ocrx_word' id='word_1_125' title='bbox 61 1186 199 1228; x_wconf 89' lang='lat' dir='ltr'>Nemo</span> <span class='ocrx_word' id='word_1_126' title='bbox 215 1218 225 1238; x_wconf 90' lang='lat'>‚</span> <span class='ocrx_word' id='word_1_127' title='bbox 250 1196 426 1242; x_wconf 88' lang='lat' dir='ltr'>prorsus</span> <span class='ocrx_word' id='word_1_128' title='bbox 447 1195 593 1224; x_wconf 89' lang='lat' dir='ltr'>nemo.</span> <span class='ocrx_word' id='word_1_129' title='bbox 621 1178 937 1235; x_wconf 76' lang='lat' dir='ltr'>PraedicamUS‚</span> <span class='ocrx_word' id='word_1_130' title='bbox 962 1189 1006 1224; x_wconf 88' lang='lat' dir='ltr'>et</span> <span class='ocrx_word' id='word_1_131' title='bbox 1026 1195 1117 1224; x_wconf 91' lang='lat' dir='ltr'>non</span> <span class='ocrx_word' id='word_1_132' title='bbox 1138 1181 1346 1228; x_wconf 85' lang='lat' dir='ltr'>facimus:</span> <span class='ocrx_word' id='word_1_133' title='bbox 1373 1200 1453 1230; x_wconf 88' lang='lat' dir='ltr'>au-</span> 
     </span>
     <span class='ocr_line' id='line_1_16' title="bbox 61 1250 1453 1310; baseline 0.001 -13"><span class='ocrx_word' id='word_1_134' title='bbox 61 1252 183 1308; x_wconf 83' lang='lat' dir='ltr'>ditis,</span> <span class='ocrx_word' id='word_1_135' title='bbox 209 1261 253 1297; x_wconf 91' lang='lat' dir='ltr'>et</span> <span class='ocrx_word' id='word_1_136' title='bbox 273 1252 416 1297; x_wconf 86' lang='lat' dir='ltr'>facere</span> <span class='ocrx_word' id='word_1_137' title='bbox 435 1266 525 1295; x_wconf 92' lang='lat' dir='ltr'>non</span> <span class='ocrx_word' id='word_1_138' title='bbox 548 1250 722 1294; x_wconf 86' lang='lat' dir='ltr'>curatis.</span> <span class='ocrx_word' id='word_1_139' title='bbox 748 1250 906 1295; x_wconf 88' lang='lat' dir='ltr'>Merito</span> <span class='ocrx_word' id='word_1_140' title='bbox 928 1263 1078 1294; x_wconf 89' lang='lat' dir='ltr'>omues</span> <span class='ocrx_word' id='word_1_141' title='bbox 1095 1250 1178 1295; x_wconf 91' lang='lat' dir='ltr'>sub</span> <span class='ocrx_word' id='word_1_142' title='bbox 1199 1251 1389 1310; x_wconf 82' lang='lat' dir='ltr'>flagello,</span> <span class='ocrx_word' id='word_1_143' title='bbox 1410 1266 1453 1299; x_wconf 82' lang='lat' dir='ltr'>et</span> 
     </span>
     <span class='ocr_line' id='line_1_17' title="bbox 61 1322 1453 1380; baseline 0.001 -11"><span class='ocrx_word' id='word_1_144' title='bbox 61 1323 231 1378; x_wconf 80' lang='lat' dir='ltr'>doctor,</span> <span class='ocrx_word' id='word_1_145' title='bbox 251 1333 294 1369; x_wconf 89' lang='lat' dir='ltr'>et</span> <span class='ocrx_word' id='word_1_146' title='bbox 311 1322 466 1378; x_wconf 85' lang='lat' dir='ltr'>factor,</span> <span class='ocrx_word' id='word_1_147' title='bbox 491 1331 535 1366; x_wconf 90' lang='lat' dir='ltr'>et</span> <span class='ocrx_word' id='word_1_148' title='bbox 552 1322 725 1366; x_wconf 84' lang='lat' dir='ltr'>auditor</span> <span class='ocrx_word' id='word_1_149' title='bbox 746 1331 790 1365; x_wconf 89' lang='lat' dir='ltr'>et</span> <span class='ocrx_word' id='word_1_150' title='bbox 813 1329 1105 1380; x_wconf 87' lang='lat' dir='ltr'>contemptor.</span> <span class='ocrx_word' id='word_1_151' title='bbox 1135 1322 1369 1369; x_wconf 89' lang='lat' dir='ltr'>Studemus</span> <span class='ocrx_word' id='word_1_152' title='bbox 1384 1325 1453 1370; x_wconf 92' lang='lat' dir='ltr'>in-</span> 
     </span>
     <span class='ocr_line' id='line_1_18' title="bbox 60 1390 1453 1453; baseline 0.001 -15"><span class='ocrx_word' id='word_1_153' title='bbox 60 1394 199 1439; x_wconf 88' lang='lat' dir='ltr'>vicem</span> <span class='ocrx_word' id='word_1_154' title='bbox 217 1393 538 1453; x_wconf 89' lang='lat' dir='ltr'>reprehendere</span> <span class='ocrx_word' id='word_1_155' title='bbox 553 1428 563 1448; x_wconf 84' lang='grc'>,</span> <span class='ocrx_word' id='word_1_156' title='bbox 585 1402 627 1437; x_wconf 94' lang='lat' dir='ltr'>et</span> <span class='ocrx_word' id='word_1_157' title='bbox 640 1407 731 1436; x_wconf 91' lang='lat' dir='ltr'>non</span> <span class='ocrx_word' id='word_1_158' title='bbox 744 1390 972 1436; x_wconf 88' lang='lat' dir='ltr'>studemus</span> <span class='ocrx_word' id='word_1_159' title='bbox 993 1406 1126 1450; x_wconf 88' lang='lat' dir='ltr'>opera</span> <span class='ocrx_word' id='word_1_160' title='bbox 1141 1401 1289 1438; x_wconf 87' lang='lat' dir='ltr'>nostra</span> <span class='ocrx_word' id='word_1_161' title='bbox 1307 1394 1453 1440; x_wconf 91' lang='lat' dir='ltr'>discu-</span> 
     </span>
     <span class='ocr_line' id='line_1_19' title="bbox 64 1460 1447 1523; baseline 0.001 -14"><span class='ocrx_word' id='word_1_162' title='bbox 64 1474 165 1509; x_wconf 88' lang='lat' dir='ltr'>tere.</span> <span class='ocrx_word' id='word_1_163' title='bbox 189 1465 387 1509; x_wconf 87' lang='lat' dir='ltr'>Detrahit</span> <span class='ocrx_word' id='word_1_164' title='bbox 398 1463 619 1523; x_wconf 87' lang='lat' dir='ltr'>proximus</span> <span class='ocrx_word' id='word_1_165' title='bbox 637 1463 850 1521; x_wconf 84' lang='lat' dir='ltr'>proximo,</span> <span class='ocrx_word' id='word_1_166' title='bbox 867 1461 1058 1506; x_wconf 88' lang='lat' dir='ltr'>detrahit</span> <span class='ocrx_word' id='word_1_167' title='bbox 1068 1460 1249 1507; x_wconf 89' lang='lat' dir='ltr'>clericus</span> <span class='ocrx_word' id='word_1_168' title='bbox 1269 1464 1447 1523; x_wconf 89' lang='lat' dir='ltr'>clerico,</span> 
     </span>
     <span class='ocr_line' id='line_1_20' title="bbox 60 1531 1452 1592; baseline 0.002 -14"><span class='ocrx_word' id='word_1_169' title='bbox 60 1534 280 1579; x_wconf 87' lang='lat' dir='ltr'>detrahait</span> <span class='ocrx_word' id='word_1_170' title='bbox 301 1533 440 1577; x_wconf 77' lang='lat' dir='ltr'>laicus</span> <span class='ocrx_word' id='word_1_171' title='bbox 463 1532 590 1577; x_wconf 83' lang='lat' dir='ltr'>la‘ico.</span> <span class='ocrx_word' id='word_1_172' title='bbox 612 1532 750 1576; x_wconf 89' lang='lat' dir='ltr'>Video</span> <span class='ocrx_word' id='word_1_173' title='bbox 772 1531 952 1592; x_wconf 84' lang='lat' dir='ltr'>quidem</span> <span class='ocrx_word' id='word_1_174' title='bbox 973 1547 1017 1576; x_wconf 85' lang='lat' dir='ltr'>se</span> <span class='ocrx_word' id='word_1_175' title='bbox 1038 1532 1224 1577; x_wconf 86' lang='lat' dir='ltr'>invicem</span> <span class='ocrx_word' id='word_1_176' title='bbox 1249 1549 1452 1581; x_wconf 88' lang='lat' dir='ltr'>accusan-</span> 
     </span>
     <span class='ocr_line' id='line_1_21' title="bbox 59 1603 1450 1667; baseline 0.001 -17"><span class='ocrx_word' id='word_1_177' title='bbox 59 1615 138 1660; x_wconf 85' lang='lat' dir='ltr'>tes,</span> <span class='ocrx_word' id='word_1_178' title='bbox 157 1604 234 1648; x_wconf 88' lang='lat' dir='ltr'>sed</span> <span class='ocrx_word' id='word_1_179' title='bbox 256 1603 476 1647; x_wconf 90' lang='lat' dir='ltr'>neminem</span> <span class='ocrx_word' id='word_1_180' title='bbox 497 1603 624 1647; x_wconf 89' lang='lat' dir='ltr'>video</span> <span class='ocrx_word' id='word_1_181' title='bbox 641 1604 758 1662; x_wconf 88' lang='lat' dir='ltr'>juste</span> <span class='ocrx_word' id='word_1_182' title='bbox 769 1617 814 1646; x_wconf 88' lang='lat' dir='ltr'>se</span> <span class='ocrx_word' id='word_1_183' title='bbox 826 1612 1122 1648; x_wconf 80' lang='lat' dir='ltr'>excusantem.</span> <span class='ocrx_word' id='word_1_184' title='bbox 1144 1605 1450 1667; x_wconf 88' lang='lat' dir='ltr'>Unusquisque</span> 
     </span>
     <span class='ocr_line' id='line_1_22' title="bbox 57 1674 1445 1734; baseline 0.002 -14"><span class='ocrx_word' id='word_1_185' title='bbox 57 1675 173 1720; x_wconf 89' lang='lat' dir='ltr'>enim</span> <span class='ocrx_word' id='word_1_186' title='bbox 187 1709 198 1730; x_wconf 92' lang='lat'>‚</span> <span class='ocrx_word' id='word_1_187' title='bbox 223 1674 503 1729; x_wconf 83' lang='lat' dir='ltr'>dilectissimi,</span> <span class='ocrx_word' id='word_1_188' title='bbox 524 1674 751 1733; x_wconf 84' lang='lat' dir='ltr'>proprium</span> <span class='ocrx_word' id='word_1_189' title='bbox 773 1688 884 1718; x_wconf 94' lang='lat' dir='ltr'>onus</span> <span class='ocrx_word' id='word_1_190' title='bbox 900 1683 1060 1734; x_wconf 88' lang='lat' dir='ltr'>portat.</span> <span class='ocrx_word' id='word_1_191' title='bbox 1091 1693 1111 1716; x_wconf 93' lang='lat'>«</span> <span class='ocrx_word' id='word_1_192' title='bbox 1136 1674 1280 1721; x_wconf 88' lang='lat' dir='ltr'>Nolite</span> <span class='ocrx_word' id='word_1_193' title='bbox 1297 1678 1445 1723; x_wconf 84' lang='lat' dir='ltr'>detra-</span> 
     </span>
     <span class='ocr_line' id='line_1_23' title="bbox 60 1743 1449 1804; baseline 0.004 -17"><span class='ocrx_word' id='word_1_194' title='bbox 60 1765 78 1787; x_wconf 89' lang='lat'>»</span> <span class='ocrx_word' id='word_1_195' title='bbox 109 1745 212 1788; x_wconf 88' lang='lat' dir='ltr'>here</span> <span class='ocrx_word' id='word_1_196' title='bbox 241 1744 500 1788; x_wconf 88' lang='lat' dir='ltr'>alterutrum</span> <span class='ocrx_word' id='word_1_197' title='bbox 522 1779 534 1799; x_wconf 87' lang='lat'>,</span> <span class='ocrx_word' id='word_1_198' title='bbox 560 1743 736 1798; x_wconf 87' lang='lat' dir='ltr'>fratres,</span> <span class='ocrx_word' id='word_1_199' title='bbox 777 1745 838 1788; x_wconf 89' lang='lat' dir='ltr'>ait</span> <span class='ocrx_word' id='word_1_200' title='bbox 865 1743 1085 1804; x_wconf 89' lang='lat' dir='ltr'>apostolus</span> <span class='ocrx_word' id='word_1_201' title='bbox 1120 1746 1326 1791; x_wconf 83' lang='lat' dir='ltr'>Jacobus.</span> <span class='ocrx_word' id='word_1_202' title='bbox 1363 1749 1449 1802; x_wconf 86' lang='lat' dir='ltr'>Qui</span> 
     </span>
     <span class='ocr_line' id='line_1_24' title="bbox 59 1814 1446 1878; baseline 0.004 -21"><span class='ocrx_word' id='word_1_203' title='bbox 59 1834 78 1856; x_wconf 90' lang='lat'>»</span> <span class='ocrx_word' id='word_1_204' title='bbox 104 1815 220 1859; x_wconf 90' lang='lat' dir='ltr'>enim</span> <span class='ocrx_word' id='word_1_205' title='bbox 244 1815 436 1859; x_wconf 86' lang='lat' dir='ltr'>detrahit</span> <span class='ocrx_word' id='word_1_206' title='bbox 463 1816 586 1859; x_wconf 68' lang='lat' dir='ltr'>tratri</span> <span class='ocrx_word' id='word_1_207' title='bbox 615 1824 690 1859; x_wconf 87' lang='lat' dir='ltr'>aut</span> <span class='ocrx_word' id='word_1_208' title='bbox 717 1815 888 1876; x_wconf 85' lang='lat' dir='ltr'>judicat</span> <span class='ocrx_word' id='word_1_209' title='bbox 916 1814 1117 1872; x_wconf 88' lang='lat' dir='ltr'>fratrem,</span> <span class='ocrx_word' id='word_1_210' title='bbox 1149 1816 1341 1863; x_wconf 86' lang='lat' dir='ltr'>detrahit</span> <span class='ocrx_word' id='word_1_211' title='bbox 1360 1819 1446 1878; x_wconf 88' lang='lat' dir='ltr'>legi</span> 
     </span>
     <span class='ocr_line' id='line_1_25' title="bbox 58 1884 1446 1946; baseline 0.006 -20"><span class='ocrx_word' id='word_1_212' title='bbox 58 1905 77 1926; x_wconf 93' lang='lat'>»</span> <span class='ocrx_word' id='word_1_213' title='bbox 103 1892 146 1929; x_wconf 91' lang='lat' dir='ltr'>et</span> <span class='ocrx_word' id='word_1_214' title='bbox 162 1885 332 1945; x_wconf 86' lang='lat' dir='ltr'>judicat</span> <span class='ocrx_word' id='word_1_215' title='bbox 351 1884 509 1943; x_wconf 89' lang='lat' dir='ltr'>legem.</span> <span class='ocrx_word' id='word_1_216' title='bbox 537 1886 580 1930; x_wconf 91' lang='lat' dir='ltr'>Si</span> <span class='ocrx_word' id='word_1_217' title='bbox 603 1895 748 1929; x_wconf 87' lang='lat' dir='ltr'>autem</span> <span class='ocrx_word' id='word_1_218' title='bbox 759 1886 930 1946; x_wconf 86' lang='lat' dir='ltr'>judicas</span> <span class='ocrx_word' id='word_1_219' title='bbox 946 1884 1104 1946; x_wconf 82' lang='lat' dir='ltr'>legem,</span> <span class='ocrx_word' id='word_1_220' title='bbox 1127 1902 1217 1933; x_wconf 89' lang='lat' dir='ltr'>non</span> <span class='ocrx_word' id='word_1_221' title='bbox 1239 1904 1283 1933; x_wconf 90' lang='lat' dir='ltr'>es</span> <span class='ocrx_word' id='word_1_222' title='bbox 1308 1887 1446 1934; x_wconf 86' lang='lat' dir='ltr'>factor</span> 
     </span>
     <span class='ocr_line' id='line_1_26' title="bbox 59 1953 1440 2019; baseline 0.006 -23"><span class='ocrx_word' id='word_1_223' title='bbox 59 1974 77 1995; x_wconf 94' lang='lat'>»</span> <span class='ocrx_word' id='word_1_224' title='bbox 102 1953 229 2011; x_wconf 90' lang='lat' dir='ltr'>legis,</span> <span class='ocrx_word' id='word_1_225' title='bbox 265 1954 341 1999; x_wconf 90' lang='lat' dir='ltr'>sed</span> <span class='ocrx_word' id='word_1_226' title='bbox 369 1953 521 2013; x_wconf 85' lang='lat' dir='ltr'>judex.</span> <span class='ocrx_word' id='word_1_227' title='bbox 565 1957 686 1999; x_wconf 90' lang='lat' dir='ltr'>Unus</span> <span class='ocrx_word' id='word_1_228' title='bbox 725 1965 790 2000; x_wconf 90' lang='lat' dir='ltr'>est</span> <span class='ocrx_word' id='word_1_229' title='bbox 821 1958 935 2000; x_wconf 89' lang='lat' dir='ltr'>enim</span> <span class='ocrx_word' id='word_1_230' title='bbox 964 1956 1183 2015; x_wconf 84' lang='lat' dir='ltr'>legislator</span> <span class='ocrx_word' id='word_1_231' title='bbox 1204 1967 1248 2003; x_wconf 90' lang='lat' dir='ltr'>et</span> <span class='ocrx_word' id='word_1_232' title='bbox 1274 1958 1409 2019; x_wconf 87' lang='lat' dir='ltr'>judex</span> <span class='ocrx_word' id='word_1_233' title='bbox 1430 1995 1440 2015; x_wconf 85' lang='grc'>,</span> 
     </span>
     <span class='ocr_line' id='line_1_27' title="bbox 59 2023 1445 2089; baseline 0.006 -25"><span class='ocrx_word' id='word_1_234' title='bbox 59 2041 79 2064; x_wconf 87' lang='grc'><em>»</em></span> <span class='ocrx_word' id='word_1_235' title='bbox 107 2023 183 2082; x_wconf 86' lang='lat' dir='ltr'>qui</span> <span class='ocrx_word' id='word_1_236' title='bbox 205 2032 349 2082; x_wconf 89' lang='lat' dir='ltr'>potest</span> <span class='ocrx_word' id='word_1_237' title='bbox 368 2025 550 2082; x_wconf 87' lang='lat' dir='ltr'>perdere</span> <span class='ocrx_word' id='word_1_238' title='bbox 563 2033 607 2069; x_wconf 91' lang='lat' dir='ltr'>et</span> <span class='ocrx_word' id='word_1_239' title='bbox 618 2025 816 2070; x_wconf 85' lang='lat' dir='ltr'>liberare.</span> <span class='ocrx_word' id='word_1_240' title='bbox 840 2029 906 2071; x_wconf 91' lang='lat' dir='ltr'>Tu</span> <span class='ocrx_word' id='word_1_241' title='bbox 923 2034 1069 2071; x_wconf 90' lang='lat' dir='ltr'>autem</span> <span class='ocrx_word' id='word_1_242' title='bbox 1087 2028 1184 2087; x_wconf 91' lang='lat' dir='ltr'>quis</span> <span class='ocrx_word' id='word_1_243' title='bbox 1205 2043 1265 2085; x_wconf 85' lang='lat' dir='ltr'>es,</span> <span class='ocrx_word' id='word_1_244' title='bbox 1290 2030 1368 2089; x_wconf 91' lang='lat' dir='ltr'>qui</span> <span class='ocrx_word' id='word_1_245' title='bbox 1379 2031 1445 2088; x_wconf 85' lang='lat' dir='ltr'>ju-</span> 
     </span>
     <span class='ocr_line' id='line_1_28' title="bbox 56 2092 573 2152; baseline 0 -18"><span class='ocrx_word' id='word_1_246' title='bbox 56 2110 76 2134; x_wconf 89' lang='lat'>»</span> <span class='ocrx_word' id='word_1_247' title='bbox 104 2092 220 2136; x_wconf 89' lang='lat' dir='ltr'>dicas</span> <span class='ocrx_word' id='word_1_248' title='bbox 241 2093 531 2152; x_wconf 69' lang='lat' dir='ltr'>proximum4.</span> <span class='ocrx_word' id='word_1_249' title='bbox 555 2113 573 2134; x_wconf 89' lang='lat'>»</span> 
     </span>
    </p>

    <p class='ocr_par' dir='ltr' id='par_1_6' title="bbox 52 2163 1441 2433">
     <span class='ocr_line' id='line_1_29' title="bbox 112 2163 1441 2228; baseline 0.006 -23"><span class='ocrx_word' id='word_1_250' title='bbox 112 2165 194 2207; x_wconf 90' lang='grc' dir='ltr'><strong>ΙΙΙ.</strong></span> <span class='ocrx_word' id='word_1_251' title='bbox 229 2165 317 2207; x_wconf 83' lang='lat' dir='ltr'>Nec</span> <span class='ocrx_word' id='word_1_252' title='bbox 340 2172 488 2207; x_wconf 89' lang='lat' dir='ltr'>tamen</span> <span class='ocrx_word' id='word_1_253' title='bbox 511 2177 637 2207; x_wconf 85' lang='lat' dir='ltr'>voces</span> <span class='ocrx_word' id='word_1_254' title='bbox 659 2163 999 2223; x_wconf 87' lang='lat' dir='ltr'>detrahentium,</span> <span class='ocrx_word' id='word_1_255' title='bbox 1024 2167 1244 2213; x_wconf 88' lang='lat' dir='ltr'>silentium</span> <span class='ocrx_word' id='word_1_256' title='bbox 1262 2178 1441 2228; x_wconf 90' lang='lat' dir='ltr'>possunt</span> 
     </span>
     <span class='ocr_line' id='line_1_30' title="bbox 52 2233 1436 2298; baseline 0.006 -22"><span class='ocrx_word' id='word_1_257' title='bbox 52 2234 276 2292; x_wconf 88' lang='lat' dir='ltr'>imponere</span> <span class='ocrx_word' id='word_1_258' title='bbox 295 2234 430 2278; x_wconf 91' lang='lat' dir='ltr'>verbo</span> <span class='ocrx_word' id='word_1_259' title='bbox 453 2233 544 2278; x_wconf 81' lang='lat' dir='ltr'>Dei.</span> <span class='ocrx_word' id='word_1_260' title='bbox 574 2234 745 2280; x_wconf 85' lang='lat' dir='ltr'>Clamat</span> <span class='ocrx_word' id='word_1_261' title='bbox 760 2236 834 2280; x_wconf 88' lang='lat' dir='ltr'>ille</span> <span class='ocrx_word' id='word_1_262' title='bbox 850 2253 928 2296; x_wconf 89' lang='lat' dir='ltr'>per</span> <span class='ocrx_word' id='word_1_263' title='bbox 943 2238 1097 2294; x_wconf 88' lang='lat' dir='ltr'>bonos,</span> <span class='ocrx_word' id='word_1_264' title='bbox 1123 2249 1165 2284; x_wconf 91' lang='lat' dir='ltr'>et</span> <span class='ocrx_word' id='word_1_265' title='bbox 1180 2255 1258 2298; x_wconf 83' lang='lat' dir='ltr'>per</span> <span class='ocrx_word' id='word_1_266' title='bbox 1277 2239 1436 2284; x_wconf 84' lang='lat' dir='ltr'>malos:</span> 
     </span>
     <span class='ocr_line' id='line_1_31' title="bbox 57 2304 1434 2368; baseline 0.007 -23"><span class='ocrx_word' id='word_1_267' title='bbox 57 2322 76 2345; x_wconf 89' lang='lat'>«</span> <span class='ocrx_word' id='word_1_268' title='bbox 102 2304 227 2360; x_wconf 83' lang='lat' dir='ltr'>Agite</span> <span class='ocrx_word' id='word_1_269' title='bbox 248 2304 566 2362; x_wconf 86' lang='lat' dir='ltr'>poenitentiam,</span> <span class='ocrx_word' id='word_1_270' title='bbox 595 2305 960 2368; x_wconf 82' lang='lat' dir='ltr'>appropinquavit</span> <span class='ocrx_word' id='word_1_271' title='bbox 977 2310 1031 2353; x_wconf 93' lang='lat' dir='ltr'>ad</span> <span class='ocrx_word' id='word_1_272' title='bbox 1049 2325 1123 2354; x_wconf 91' lang='lat' dir='ltr'>vos</span> <span class='ocrx_word' id='word_1_273' title='bbox 1141 2325 1324 2368; x_wconf 84' lang='lat' dir='ltr'>regnum</span> <span class='ocrx_word' id='word_1_274' title='bbox 1341 2306 1434 2354; x_wconf 85' lang='lat' dir='ltr'>Dei.</span> 
     </span>
     <span class='ocr_line' id='line_1_32' title="bbox 55 2372 1436 2433; baseline 0.008 -20"><span class='ocrx_word' id='word_1_275' title='bbox 55 2391 76 2414; x_wconf 91' lang='lat'>»</span> <span class='ocrx_word' id='word_1_276' title='bbox 101 2372 244 2417; x_wconf 87' lang='lat' dir='ltr'>Nolite</span> <span class='ocrx_word' id='word_1_277' title='bbox 266 2389 354 2417; x_wconf 85' lang='lat' dir='ltr'>esse</span> <span class='ocrx_word' id='word_1_278' title='bbox 378 2375 597 2419; x_wconf 80' lang='lat' dir='ltr'>auditores</span> <span class='ocrx_word' id='word_1_279' title='bbox 618 2375 722 2433; x_wconf 81' lang='lat' dir='ltr'>legis</span> <span class='ocrx_word' id='word_1_280' title='bbox 743 2386 913 2422; x_wconf 87' lang='lat' dir='ltr'>tantum</span> <span class='ocrx_word' id='word_1_281' title='bbox 932 2414 943 2432; x_wconf 76' lang='lat'>,</span> <span class='ocrx_word' id='word_1_282' title='bbox 968 2379 1043 2423; x_wconf 87' lang='lat' dir='ltr'>sed</span> <span class='ocrx_word' id='word_1_283' title='bbox 1065 2379 1262 2424; x_wconf 89' lang='lat' dir='ltr'>factores.</span> <span class='ocrx_word' id='word_1_284' title='bbox 1291 2380 1436 2425; x_wconf 86' lang='lat' dir='ltr'>Facite</span> 
     </span>
    </p>
   </div>
   <div class='ocr_carea' id='block_1_5' title="bbox 51 2465 1424 2549">
    <p class='ocr_par' dir='ltr' id='par_1_7' title="bbox 51 2465 1424 2549">
     <span class='ocr_line' id='line_1_33' title="bbox 99 2465 1424 2506; baseline 0.006 -12"><span class='ocrx_word' id='word_1_285' title='bbox 99 2470 108 2486; x_wconf 89' lang='lat'><em>¹</em></span> <span class='ocrx_word' id='word_1_286' title='bbox 130 2465 223 2495; x_wconf 77' lang='lat' dir='ltr'>Prov.</span> <span class='ocrx_word' id='word_1_287' title='bbox 245 2475 298 2504; x_wconf 55' lang='lat' dir='ltr'>xz,</span> <span class='ocrx_word' id='word_1_288' title='bbox 318 2465 336 2492; x_wconf 73' lang='lat'>8</span> <span class='ocrx_word' id='word_1_289' title='bbox 356 2469 388 2495; x_wconf 76' lang='lat' dir='ltr'>et</span> <span class='ocrx_word' id='word_1_290' title='bbox 404 2476 435 2506; x_wconf 76' lang='lat'>9.</span> <span class='ocrx_word' id='word_1_291' title='bbox 453 2483 493 2488; x_wconf 84' lang='lat'>—</span> <span class='ocrx_word' id='word_1_292' title='bbox 513 2475 523 2488; x_wconf 74' lang='lat'>²</span> <span class='ocrx_word' id='word_1_293' title='bbox 543 2469 618 2500; x_wconf 79' lang='lat' dir='ltr'>Luc,</span> <span class='ocrx_word' id='word_1_294' title='bbox 639 2478 727 2501; x_wconf 71' lang='lat' dir='ltr'>xviri,</span> <span class='ocrx_word' id='word_1_295' title='bbox 745 2471 774 2499; x_wconf 81' lang='lat'>8.</span> <span class='ocrx_word' id='word_1_296' title='bbox 800 2486 833 2490; x_wconf 82' lang='lat'>-—</span> <span class='ocrx_word' id='word_1_297' title='bbox 861 2468 872 2491; x_wconf 72' lang='lat'>3</span> <span class='ocrx_word' id='word_1_298' title='bbox 897 2471 942 2501; x_wconf 77' lang='lat' dir='ltr'>m.</span> <span class='ocrx_word' id='word_1_299' title='bbox 964 2482 1040 2501; x_wconf 73' lang='lat' dir='ltr'>xvii.</span> <span class='ocrx_word' id='word_1_300' title='bbox 1061 2472 1091 2501; x_wconf 78' lang='lat' dir='ltr'>G.</span> <span class='ocrx_word' id='word_1_301' title='bbox 1107 2488 1146 2494; x_wconf 91' lang='lat'>-—</span> <span class='ocrx_word' id='word_1_302' title='bbox 1164 2471 1178 2500; x_wconf 74' lang='lat' dir='ltr'>ln</span> <span class='ocrx_word' id='word_1_303' title='bbox 1196 2471 1308 2502; x_wconf 75' lang='lat' dir='ltr'>Jacob.</span> <span class='ocrx_word' id='word_1_304' title='bbox 1328 2483 1371 2502; x_wconf 75' lang='grc' dir='ltr'>ιν.</span> <span class='ocrx_word' id='word_1_305' title='bbox 1394 2484 1424 2503; x_wconf 77' lang='grc' dir='ltr'>ιι</span> 
     </span>
     <span class='ocr_line' id='line_1_34' title="bbox 51 2522 149 2549; baseline 0.01 -1"><span class='ocrx_word' id='word_1_306' title='bbox 51 2522 83 2548; x_wconf 75' lang='lat' dir='ltr'>et</span> <span class='ocrx_word' id='word_1_307' title='bbox 103 2528 149 2549; x_wconf 70' lang='lat'>12.</span> 
     </span>
    </p>
   </div>
  </div>
 </body>
</html>
