1729 3143
186 238 268 276 572
612 245 644 273 s.
682 245 913 275 Auensnm
946 248 1127 277 131³1sc0P1

183 315 287 358 mias
319 310 464 356 sordes
502 311 688 371 reliquas
722 313 841 367 fieri,
868 322 911 357 et
931 312 1029 357 ideo
1058 328 1208 358 eorum
1230 313 1306 373 qui
1326 323 1562 358 vescuntur

184 384 383 429 carnibus
398 417 408 436 ,
435 382 624 426 animam
641 384 927 444 coinquinari.

240 455 488 498 XXXVIII.
521 455 558 497 Ο
580 470 725 498 rerum
747 464 914 500 naturae
938 454 1205 511 obscuritas,
1232 464 1450 516 quantum
1473 465 1572 515 teg-

183 539 282 567 men
318 532 381 567 est
412 522 638 569 falsitatis?
663 526 767 578 Quis
800 541 888 571 non
907 562 917 581 ,
951 526 1045 570 haec
1081 526 1287 581 audiens,
1313 527 1389 587 qui
1424 541 1570 570 rerum

183 610 329 639 causas
351 611 440 639 non
462 595 640 652 didicit,
677 597 753 655 qui
781 597 980 641 nondum
1008 598 1199 642 veritatis
1227 597 1572 658 quantulocum-

182 682 267 726 que
284 665 449 711 lumine
471 683 666 727 aspersus
683 670 900 727 corporeis
916 669 1178 728 imaginibus
1197 668 1361 714 fallitur
1377 704 1388 725 ,
1414 685 1465 714 eo
1480 670 1574 729 ipso

183 754 270 798 quo
293 739 387 783 haec
409 740 587 783 minime
604 750 815 800 apparent
835 775 846 795 ,
872 750 914 785 et
932 757 1010 798 per
1030 741 1233 801 quaedam
1255 741 1483 786 simulacra
1507 756 1576 785 re-

185 825 281 853 rum
310 810 543 855 visibilium
571 812 818 869 cogitantur
835 845 846 865 ,
876 820 919 854 et
941 811 1097 855 diserte
1120 812 1206 857 dici
1228 822 1411 871 possunt
1426 847 1436 867 ,
1474 827 1576 856 vera

184 896 273 924 esse
296 881 568 925 arbitretur?
603 880 771 924 Talium
802 888 947 924 autem
968 881 1197 925 hominum
1231 897 1401 942 magnae
1434 884 1576 926 turbae

184 960 315 1010 atque
333 966 479 1009 greges
500 960 712 995 vocantur
728 985 739 1006 ,
765 966 873 1010 quos
897 950 1117 1010 religiosus
1139 953 1270 997 timor
1292 952 1347 996 ab
1368 953 1433 996 his
1454 952 1578 996 falla-

184 1023 258 1066 ciis
282 1022 425 1081 potius
444 1012 583 1081 quam⁸
594 1021 702 1065 ratio
725 1030 842 1065 tutos
858 1021 979 1066 facit.
1002 1023 1296 1076 Quamobrem
1317 1023 1376 1067 ita
1398 1039 1479 1082 ego
1498 1024 1578 1067 ista

183 1092 377 1136 conabor
398 1090 596 1135 refellere
617 1126 626 1147 ,
662 1100 877 1151 quantum
911 1108 980 1136 me
1009 1096 1124 1137 Deus
1147 1093 1352 1153 adjuvare
1376 1092 1579 1151 dignabi-

184 1172 278 1214 tur,
305 1171 458 1207 utnon
474 1162 613 1206 solum
632 1163 914 1222 prudentium
931 1163 1096 1223 judicio
1112 1198 1123 1219 ,
1147 1180 1236 1224 quo
1250 1163 1376 1208 simul
1394 1180 1441 1208 ac
1461 1163 1578 1208 dicta

184 1232 348 1277 fuerint
365 1232 672 1292 improbentur
691 1268 701 1287 ,
727 1232 802 1277 sed
821 1233 902 1292 ipsi
920 1234 1047 1277 etiam
1068 1233 1237 1293 vulgari
1255 1234 1572 1292 intelligentiae,

183 1320 315 1365 quam
332 1305 418 1348 sint
436 1303 543 1348 falsa
561 1314 604 1349 et
622 1305 809 1349 absurda
831 1307 931 1349 satis
950 1305 1133 1350 eluceat.

241 1377 450 1419 XXXIX.
474 1375 620 1420 Primo
639 1376 755 1419 enim
772 1391 922 1436 quaero
938 1410 949 1430 ,
977 1375 1093 1419 unde
1111 1375 1300 1420 doceatis
1317 1375 1363 1418 in
1378 1373 1577 1419 frumen-

182 1446 235 1489 tis
249 1480 260 1499 ,
286 1462 334 1489 ac
353 1446 575 1504 legumine
592 1481 602 1501 ,
625 1456 668 1490 et
691 1446 903 1500 oleribus,
930 1456 973 1490 et
990 1446 1171 1490 floribus
1186 1480 1197 1501 ,
1218 1455 1261 1490 et
1283 1447 1421 1504 pomis
1440 1446 1578 1490 inesse

182 1517 308 1560 istam
341 1517 486 1560 nescio
520 1531 651 1575 quam
684 1525 853 1575 partem
889 1516 981 1560 Dei.
1016 1519 1080 1560 Ex
1107 1517 1201 1576 ipso
1229 1515 1383 1561 coloris
1407 1516 1547 1561 nitore
1562 1552 1573 1571 ,

181 1587 414 1647 inquiunt,
441 1596 483 1630 et
512 1585 657 1631 odoris
672 1586 973 1646 jucunditate,
1001 1596 1043 1631 et
1065 1586 1227 1647 saporis
1248 1588 1460 1632 suavitate
1481 1603 1578 1632 ma-

183 1655 391 1701 nifestum
415 1665 478 1700 est
499 1675 508 1700 :
534 1671 634 1716 quae
659 1655 764 1701 dum
789 1672 878 1701 non
905 1656 1066 1701 habent
1087 1658 1231 1716 putria
1249 1693 1259 1712 ,
1284 1656 1437 1702 eodem
1461 1658 1577 1703 bono

183 1745 272 1773 sese
295 1729 463 1772 deserta
486 1743 575 1772 esse
597 1729 854 1786 significant.
875 1731 972 1774 Non
990 1728 1128 1787 pudet
1148 1732 1288 1773 Deum
1312 1745 1416 1774 naso
1439 1739 1482 1773 et
1499 1745 1576 1789 pa-

183 1800 271 1843 lato
294 1800 522 1843 inventum
545 1801 729 1856 putare?
751 1799 825 1842 sed
847 1799 941 1842 haec
957 1799 1126 1843 omitto.
1151 1800 1303 1843 Latine
1321 1801 1436 1843 enim
1455 1800 1576 1844 vobis

184 1870 325 1914 dicam
344 1904 354 1924 ,
384 1878 427 1912 et
447 1877 498 1912 ut
520 1867 626 1912 dicit
647 1868 800 1912 assolet
817 1903 827 1922 ,
853 1868 1043 1912 multum
1065 1878 1129 1914 est
1156 1869 1211 1913 ad
1233 1885 1324 1914 vos.
1357 1869 1473 1913 Illud
1495 1885 1574 1929 po-

184 1941 268 1984 tius
288 1940 599 2000 qualicumque
620 1947 766 1982 mente
786 1938 1119 1996 intelligendum
1142 1938 1226 1983 fuit
1244 1974 1254 1994 ,
1279 1940 1315 1984 si
1337 1938 1480 1984 colore
1499 1956 1576 2000 ap-

184 2019 307 2070 paret
332 2010 375 2052 in
407 2007 660 2067 corporibus
692 2008 797 2053 boni
825 2008 1079 2067 praesentia,
1106 2010 1260 2053 fimum
1290 2009 1542 2054 animalium
1562 2046 1573 2065 ,

185 2080 304 2142 quod
337 2082 526 2139 ipsarum
550 2081 677 2123 etiam
700 2080 897 2124 carnium
920 2089 1258 2139 purgamentum
1280 2089 1368 2136 est,
1401 2080 1577 2125 diversis

185 2153 322 2197 nitere
343 2151 562 2196 coloribus
579 2186 590 2206 ,
628 2150 729 2195 alias
757 2150 944 2195 candido
962 2186 973 2206 ,
1012 2151 1272 2211 plerumque
1301 2151 1477 2195 aureolo
1494 2187 1505 2206 ,
1531 2162 1574 2196 et

189 2222 278 2266 aliis
296 2222 574 2282 hujusmodi,
597 2237 706 2282 quos
728 2222 771 2265 in
794 2222 933 2281 pomis
954 2230 996 2265 et
1013 2221 1194 2266 floribus
1213 2220 1332 2265 velut
1349 2230 1476 2266 testes
1498 2223 1574 2265 Dei

188 2294 407 2352 praesentis
435 2302 565 2353 atque
586 2292 838 2336 inhaerentis
862 2292 1068 2351 accipitis.
1096 2292 1212 2345 Quid
1235 2291 1413 2336 tandem
1435 2307 1575 2336 causae

189 2372 280 2419 est,
305 2363 427 2424 quod
452 2364 655 2408 ruborem
678 2363 723 2407 in
744 2378 841 2407 rosa
865 2363 1052 2407 indicem
1080 2362 1342 2407 abundantis
1364 2362 1467 2407 boni
1488 2377 1576 2406 esse

189 2435 424 2493 perhibetis
441 2471 451 2489 ,
473 2444 516 2479 et
533 2434 736 2478 eumdem
749 2433 962 2478 damnatis
981 2435 1025 2478 in
1041 2434 1277 2493 sanguine?
1295 2436 1384 2478 Cur
1401 2434 1446 2477 in
1462 2433 1575 2479 viola

192 2505 391 2550 eumdem
418 2506 607 2550 colorem
631 2505 965 2564 amplectimini,
993 2520 1124 2565 quem
1158 2505 1204 2549 in
1232 2505 1504 2557 choleribus,
1528 2503 1573 2547 in

193 2574 347 2619 morbo
368 2576 616 2620 icteriorum
634 2612 644 2629 ,
671 2577 716 2619 in
738 2575 914 2620 infantis
934 2576 1122 2634 denique
1140 2575 1242 2619 fimo
1262 2574 1574 2632 aspernamini?

1694 2552 1698 2662 Ι

1695 2716 1699 2887 l

1696 2889 1700 2960 ι

1697 2963 1703 3143 l
