1729 3143
265 206 351 248 402
687 218 723 248 s.
757 218 988 250 Aueus‘rnu
1018 223 1200 252 Emscon

264 283 498 344 perdidisse
512 285 764 329 futurorum
781 319 792 341 ‚
822 287 925 347 quia
950 289 1170 348 praeterita
1191 304 1337 335 exorsa
1359 306 1448 336 non
1472 294 1637 339 recolit.

318 356 480 398 LXIII.
516 355 706 414 Quoquo
726 355 859 402 modo
881 366 1026 402 autem
1044 373 1088 403 se
1106 358 1223 403 istud
1238 359 1398 405 habeat
1411 395 1422 416 ‚
1442 362 1530 407 sive
1551 378 1640 408 om-

261 425 366 469 nino
387 423 679 470 omittendum
696 461 708 483 ‚
740 427 828 473 sive
858 444 976 473 nunc
997 429 1292 475 differendum
1318 439 1362 476 et
1383 432 1485 477 alias
1507 434 1644 480 consi-

257 494 501 540 derandum
511 495 584 553 sit,
600 511 787 557 praesens
806 507 953 544 tamen
964 500 1148 561 quaestio
1164 516 1255 547 non
1267 501 1519 562 impeditur,
1535 519 1642 563 quo-

252 580 396 612 minus
432 580 645 635 appareat&
667 570 945 630 integerrima
982 580 1025 616 et
1051 572 1286 632 justissima
1311 582 1356 618 et
1385 575 1642 620 inconcussa

208 694 215 695 ἶ
248 645 380 698 atque
408 638 758 686 incommutabili
792 642 1016 702 majestate
1043 651 1088 687 et
1119 643 1361 689 substantia
1392 645 1635 702 Creatoris,

247 708 458 769 supplicia
474 721 757 771 peccatorum
773 728 954 758 suorum
970 714 1135 760 animas
1150 714 1273 760 luere
1294 734 1304 761 :
1324 730 1426 776 quae
1439 725 1637 776 peccata,

247 788 297 824 ut
314 780 406 840 jam
425 780 503 827 diu
521 781 801 828 disseruimus
815 818 828 840 ,
851 784 1025 830 nonnisi
1044 787 1231 846 propriae
1247 786 1467 832 voluntati
1488 802 1640 832 earum

242 850 477 898 tribuenda
495 863 618 911 sunt,
639 869 720 900 nec
741 854 831 900 ulla
852 854 1034 902 ulterior
1049 866 1328 916 peccatorum
1355 873 1486 904 causa
1507 873 1637 919 quae-

248 922 401 966 renda.

297 996 456 1040 LXIV.
491 994 745 1052 Ignorantia
770 1008 875 1039 vero
907 1003 952 1039 et
985 993 1223 1041 difficultas
1248 997 1283 1041 si
1314 998 1527 1043 naturalis
1548 1007 1634 1054 est,

234 1064 339 1110 inde
362 1065 517 1124 incipit
547 1064 692 1109 anima
718 1065 933 1124 proficere
950 1100 961 1121 ,
1003 1074 1048 1110 et
1076 1067 1134 1111 ad
1163 1066 1459 1125 cognitionem
1489 1076 1535 1112 et
1563 1083 1637 1112 re-

238 1137 409 1198 quiem,
448 1135 589 1181 donec
622 1135 669 1181 in
695 1150 745 1180 ea
778 1135 1031 1195 perficiatur
1055 1136 1146 1182 vita
1182 1137 1310 1182 beata
1324 1172 1336 1193 ,
1366 1139 1631 1197 promoveri.

236 1210 380 1262 Quem
399 1206 647 1267 protectum
662 1207 710 1252 in
729 1207 884 1252 studiis
902 1207 1077 1267 optimis
1092 1217 1224 1268 atque
1241 1209 1420 1267 pietate,
1440 1224 1635 1269 quorum

232 1277 418 1323 facultas
439 1278 480 1322 ei
499 1293 590 1323 non
606 1287 763 1337 negata
780 1286 860 1333 est,
885 1277 919 1322 si
935 1277 1111 1337 propria
1126 1277 1355 1323 voluntate
1374 1279 1631 1338 neglexerit,

227 1350 345 1407 ¹juste
379 1349 427 1392 in
460 1348 723 1407 graviorem,
759 1363 861 1408 quae
889 1348 982 1408 jam
1003 1346 1191 1407 poenalis
1213 1357 1306 1404 est,
1337 1348 1630 1407 ignorantiam

234 1419 628 1480 difficultatemque
646 1419 960 1479 praecipitatur,
978 1418 1286 1480 decentissimo
1303 1428 1347 1464 et
1360 1421 1632 1466 convenien-

230 1490 396 1535 tissimo
417 1505 563 1535 rerum
585 1488 881 1534 moderamine
910 1489 958 1534 in
977 1487 1259 1534 inferioribus
1289 1489 1506 1536 ordinata.
1531 1492 1630 1537 Non

232 1562 349 1607 enim
370 1561 492 1622 quod
512 1559 766 1606 naturaliter
788 1561 952 1616 nescit,
987 1569 1032 1605 et
1059 1560 1317 1606 naturaliter
1342 1576 1433 1607 non
1452 1570 1600 1620 potest
1614 1596 1626 1618 ,

233 1633 316 1677 hoc
337 1633 493 1677 animae
514 1631 752 1692 deputatur
768 1632 816 1675 in
832 1640 1000 1675 reatum
1021 1649 1031 1675 ε
1052 1629 1129 1675 sed
1150 1631 1271 1691 quod
1291 1631 1400 1676 scire
1424 1647 1516 1677 non
1531 1641 1629 1677 stu-

232 1703 329 1747 duit
343 1738 355 1759 ,
376 1713 420 1748 et
436 1702 557 1765 quod
575 1702 752 1761 dignam
768 1701 966 1747 facilitati
994 1702 1300 1761 comparandae
1325 1701 1380 1747 ad
1411 1711 1529 1748 recte
1557 1703 1627 1747 fa-

231 1773 438 1818 ciendum
454 1788 632 1833 operam
651 1787 741 1817 non
762 1771 899 1816 dedit.
921 1773 1064 1832 Loqui
1080 1773 1198 1816 enim
1231 1787 1321 1816 non
1341 1787 1466 1817 nosse
1494 1781 1627 1833 atque

232 1860 323 1890 non
343 1860 495 1905 posse,
526 1843 685 1889 infanti
709 1842 907 1887 naturale
935 1838 1026 1887 es't:
1051 1857 1150 1902 quae
1166 1842 1411 1900 ignorantia
1435 1842 1625 1887 difficul-

230 1924 428 1976 tatesque
444 1914 652 1959 sermonis
670 1927 763 1958 non
780 1912 913 1958 modo
929 1912 1206 1971 inculpabilis
1219 1912 1301 1956 sub
1317 1914 1625 1971 grammatico·

233 2003 332 2032 rum
351 1986 521 2047 legibus
532 2020 543 2042 ,
568 1984 644 2030 sed
659 1985 790 2029 etiam
803 1983 1006 2029 humanis
1020 1982 1249 2028 affectibus
1266 1982 1428 2029 blanda
1445 1993 1490 2029 et
1501 1993 1624 2044 grata

232 2068 319 2117 est3
343 2073 436 2104 non
451 2058 568 2103 enim
588 2055 682 2101 ullo
706 2055 812 2101 vitio
835 2054 956 2100 illam
979 2053 1235 2100 facultatem
1260 2069 1512 2115 comparare
1541 2070 1624 2099 ne·

233 2129 364 2190 glexit
380 2164 392 2186 ,
417 2137 492 2174 aut
518 2126 611 2172 ullo
631 2127 739 2172 vitio
760 2141 891 2187 quam
914 2134 1190 2185 compararat
1217 2126 1372 2181 amisit.
1405 2128 1560 2186 Itaque
1587 2125 1623 2173 si

233 2201 360 2247 nobis
379 2201 428 2246 in
454 2199 705 2261 eloquentia
725 2208 834 2243 esset
867 2196 1096 2242 beatitudo
1117 2197 1353 2242 constituta
1366 2232 1382 2253 ,
1406 2206 1539 2257 atque
1561 2197 1622 2242 ita

234 2272 406 2322 crimini
425 2271 657 2318 duceretur
673 2285 773 2315 cum
789 2278 993 2330 peccatur
1005 2269 1052 2313 in
1067 2268 1230 2328 linguae
1250 2268 1382 2325 sonis,
1404 2267 1620 2328 quemad-

234 2343 416 2389 modum
437 2358 538 2389 cum
559 2350 766 2402 peccatur
786 2340 833 2385 in
855 2340 1023 2385 actibus
1041 2339 1144 2385 vitae
1159 2373 1171 2394 ,
1197 2338 1345 2383 nullus
1374 2338 1528 2399 utique
1548 2353 1619 2382 ar-

235 2424 439 2472 gueretur
470 2413 693 2468 infantiae,
733 2411 854 2473 quod
885 2412 940 2457 ab
972 2427 1022 2456 ea
1050 2419 1159 2456 esset
1186 2425 1360 2456 exorsus
1387 2411 1444 2455 ad
1464 2424 1617 2455 conse—

235 2485 454 2543 quendam
475 2484 771 2546 eloquentiam
790 2502 800 2528 z
825 2483 902 2528 sed
922 2482 1051 2541 plane
1073 2481 1228 2527 merito
1249 2481 1530 2527 damnaretur
1546 2514 1557 2535 ,
1583 2480 1617 2524 si

235 2565 326 2597 suae
346 2553 583 2600 voluntatis
605 2555 883 2614 perversitate
904 2552 974 2598 vel
1001 2551 1057 2598 ad
1081 2567 1177 2597 eam
1207 2550 1444 2606 recidisset,
1479 2548 1550 2595 vel
1571 2550 1618 2595 in

1717 1452 1729 1565 *,-.⁴·er·-⁴-
1720 1380 1729 1410 ο
1720 1309 1729 1338 (τι
1720 1090 1729 1266 &nme-—
1720 1024 1729 1053 n·-
1721 881 1729 982 ms«
1722 811 1729 839 a,

1716 1593 1729 2066 μὲἉνεῆΏ.·ᾞῦ-“ςεε

1716 2447 1729 2477 ΓΛ
1716 2375 1729 2405 la:
1716 2304 1729 2333 :21
1716 2219 1727 2262 ¹⁷³-
1716 2147 1729 2191 9-

1716 2506 1729 2617 ι’Ἷ-Ῥ-Ᾰᾼ
