1729 3143
173 203 256 241 548
607 218 639 242 s.
677 214 905 244 Auousnm
940 217 1121 245 Emscom

164 287 320 338 praeter
344 278 626 338 pertinaciam
648 278 787 324 velitis
810 280 1058 337 attendere,
1088 282 1274 327 deficere
1292 282 1346 326 ab
1371 285 1553 329 essentia

166 359 239 402 etas
255 350 308 394 ad
325 348 368 394 id
386 348 564 393 tendere
581 358 630 394 ut
646 366 735 395 non
752 351 820 396 sit.

222 425 302 466 ΙΙΙ.
339 421 546 474 Quocirca
568 437 665 466 cum
687 423 731 467 in
745 424 972 469 Catholica
994 426 1155 470 dicitur
1170 461 1181 482 ,
1207 426 1408 471 omnium
1426 435 1555 470 natu-

165 506 308 536 rarum
343 500 473 552 atque
501 492 843 539 substantiarum
873 511 962 541 esse
990 506 1213 542 auctorem
1234 501 1373 542 Deum
1390 532 1400 552 ‚
1426 496 1554 541 simul

159 561 415 620 intelligitur
437 563 492 607 ab
515 563 600 619 eis,
627 564 704 624 qui
727 565 812 610 hoc
836 576 1017 625 possunt
1046 567 1289 628 intelligere
1304 603 1314 623 ,
1344 584 1434 613 non
1465 582 1555 612 esse

162 638 301 679 Deum
325 644 545 680 auctorem
559 636 677 680 mali.
705 638 938 691 Quomodo
956 640 1069 684 enim
1089 649 1231 700 potest
1251 639 1342 696 ille,
1363 640 1439 700 qui
1458 654 1556 684 om—

163 707 286 751 nium
311 709 410 767 qu'ae
435 716 536 752 sunt
557 724 685 753 causa
702 718 766 753 est
782 719 832 754 ut
849 710 936 755 sint
949 746 959 764 ,
981 727 1109 756 causa
1124 727 1213 756 esse
1234 727 1380 756 rursus
1398 720 1447 756 ut
1464 726 1554 755 non

163 778 248 822 sint
266 813 276 833 ,
302 777 348 821 id
365 787 450 834 est,
476 787 527 823 ut
548 779 602 823 ab
623 780 805 824 essentia
827 780 1033 826 deficiant
1049 817 1059 837 ,
1083 791 1126 826 et
1154 781 1208 827 ad
1231 797 1320 827 non
1343 797 1433 826 esse
1455 790 1555 826 ten-

161 849 301 893 dant?
326 848 456 902 Quod
475 848 640 894 malum
663 849 862 909 generale
890 865 980 894 esse
1006 852 1163 897 clamat
1184 853 1403 898 verissima
1427 853 1552 896 ratio.

163 923 219 964 At
242 936 345 965 vero
366 919 439 964 illa
461 929 600 965 vestra
625 935 727 979 gens
756 919 885 975 mali,
911 936 1043 980 quam
1071 921 1203 966 vultis
1225 938 1314 968 esse
1338 937 1558 967 summum

168 991 359 1047 malum,
400 990 622 1052 quomodo
657 991 739 1035 erit
773 1000 923 1036 contra
952 1001 1178 1048 naturam,
1215 992 1259 1037 id
1290 1002 1375 1048 est,
1409 1001 1560 1038 contra

165 1063 475 1117 substantiam,
501 1077 602 1106 cum
632 1077 727 1106 eam
757 1071 956 1107 naturam
986 1072 1117 1124 atque
1147 1063 1437 1108 substantiam
1468 1078 1558 1108 esse

159 1135 343 1178 dicatis?
369 1133 411 1178 Si
431 1134 547 1179 enim
567 1142 714 1178 contra
737 1149 780 1178 se
804 1132 909 1179 facit
926 1170 936 1189 ,
968 1134 1113 1194 ipsum
1143 1150 1232 1180 esse
1255 1134 1337 1179 sibi
1367 1133 1521 1179 adimit
1549 1152 1558 1178 :

161 1204 281 1266 quod
312 1205 345 1248 si
376 1203 626 1264 perfecerit,
664 1212 769 1249 tunc
799 1203 977 1249 demum
1001 1206 1224 1265 perveniet
1254 1205 1309 1249 ad
1335 1219 1558 1250 summum

130 1302 136 1311 κ
163 1277 343 1320 malum.
370 1279 468 1322 Non
491 1285 637 1320 autem
660 1276 854 1336 perficiet
870 1312 880 1332 ,
918 1277 1019 1337 quia
1043 1292 1137 1321 eam
1173 1293 1262 1322 non
1281 1277 1414 1320 modo
1437 1291 1528 1319 esse
1545 1309 1556 1330 ,

163 1348 448 1393 verumetiam
485 1349 791 1408 sempiternam
823 1363 912 1393 esse
941 1347 1088 1393 vultis.
1127 1350 1225 1392 Non
1254 1355 1395 1406 potest
1427 1346 1559 1404 igitur
1604 1406 1607 1407 ⁷

162 1434 252 1463 esse
271 1434 493 1463 summum
515 1419 697 1473 malum,
724 1418 845 1478 quod
868 1418 1124 1478 perhibetur
1146 1432 1236 1461 esse
1254 1417 1514 1461 substantia.

224 1491 299 1532 IV.
338 1489 421 1533 Sed
440 1488 548 1547 quid
563 1488 716 1531 faciam
733 1491 751 1530 Ξ)
777 1489 872 1531 Scio
890 1487 1034 1546 plures
1049 1502 1139 1532 esse
1155 1488 1201 1531 in
1219 1488 1356 1543 vobis,
1376 1487 1452 1547 qui
1466 1487 1560 1531 haec

166 1559 408 1620 intelligere
431 1559 610 1604 omnino
633 1567 869 1619 nequeant.
899 1559 996 1603 Scio
1025 1574 1171 1603 rursus
1198 1574 1287 1603 esse
1317 1557 1528 1619 quosdam
1545 1592 1556 1613 ,

166 1633 240 1693 qui
263 1646 518 1692 quanquam
541 1631 659 1674 bono
680 1630 857 1689 ingenio
880 1638 1120 1690 utcumque
1140 1631 1220 1675 ista
1235 1629 1427 1684 videant,
1448 1628 1561 1673 mala

169 1713 312 1748 tamen
334 1703 560 1747 voluntate
577 1737 586 1755 ,
613 1717 700 1761 qua
717 1702 859 1760 ipsum
874 1717 1051 1761 quoque
1067 1702 1294 1760 ingenium
1310 1710 1411 1746 sunt
1430 1700 1559 1744 amis-

168 1775 277 1828 suri,
303 1772 581 1833 pertinaciter
599 1780 754 1828 agant,
781 1781 824 1815 et
845 1781 1046 1831 quaerant
1063 1773 1205 1831 potius
1228 1771 1335 1831 quid
1354 1771 1559 1816 adversus

167 1845 246 1889 ista
271 1844 444 1897 dicant,
466 1841 585 1901 quod
608 1840 741 1885 tardis
764 1850 806 1885 et
828 1841 1053 1885 imbecillis
1074 1841 1202 1885 facile
1226 1842 1556 1900 persuadeatur,

168 1932 300 1976 quam
338 1930 437 1960 vera
481 1928 569 1958 esse
606 1912 892 1957 consentiant.
935 1914 1032 1956 Non
1066 1927 1134 1954 me
1167 1921 1315 1955 tamen
1344 1912 1558 1971 scripsisse

170 1987 425 2047 poenitebit,
452 1985 568 2046 quod
594 1992 667 2028 aut
689 1983 918 2044 quisquam
944 1983 991 2025 in
1014 1982 1136 2026 vobis
1159 1982 1336 2027 tandem
1360 1998 1449 2026 non
1473 1982 1557 2027 ini-

170 2076 257 2118 quo
275 2057 439 2118 judicio
468 2053 738 2108 consideret,
773 2062 1055 2112 vestrumque
1092 2052 1311 2113 relinquat
1339 2068 1556 2111 errorem3

170 2140 243 2174 aut
265 2128 386 2190 quod
402 2127 611 2186 ingeniosi
630 2135 673 2170 et
696 2129 784 2170 Deo
803 2123 994 2179 subditi,
1021 2133 1150 2184 atque
1173 2124 1316 2168 adhuc
1339 2125 1395 2168 ab
1414 2124 1559 2169 studio

170 2211 311 2246 vestro
338 2201 496 2260 integri
523 2213 624 2244 cum
645 2196 851 2256 legerint,
878 2211 967 2240 non
987 2197 1153 2255 possint
1173 2196 1322 2240 vestris
1344 2197 1557 2241 sermoni-

170 2273 252 2317 bus
276 2272 431 2329 decipi.

226 2347 279 2388 V.
313 2347 568 2397 Quaeramus
595 2355 698 2399 ergo
730 2340 809 2383 ista
841 2338 1118 2397 diligentius,
1145 2346 1187 2381 et
1217 2347 1431 2398 quantum
1465 2338 1558 2382 fieri

170 2424 311 2472 potest
326 2450 336 2470 ,
369 2414 551 2473 planius.
580 2415 845 2456 Percunctor
866 2424 941 2453 vos
964 2409 1121 2453 iterum
1144 2409 1253 2468 quid
1282 2409 1336 2453 sit
1359 2408 1557 2453 malum?

173 2486 214 2529 Si
238 2484 430 2529 dixeritis
452 2503 461 2529 ι
487 2483 538 2527 Id
562 2483 679 2543 quod
703 2489 832 2526 nocet
854 2499 863 2525 :
889 2495 1031 2540 neque
1062 2479 1133 2523 hic
1161 2479 1443 2523 mentiemini.
1471 2478 1555 2523 Sed

170 2570 318 2615 quaeso
357 2553 709 2607 animadvertite,
742 2555 895 2612 ‘quaeso
932 2550 1130 2609 vigilate,
1165 2566 1313 2611 quaeso
1350 2548 1554 2609 deponite
