1729 3143
479 276 534 303 1111
565 275 781 313 5111111010,
815 275 952 304 sunno
982 276 1031 303 11.
1391 265 1447 305 59

70 343 236 398 cimus,
259 343 363 402 quia
394 342 602 398 sanguine
632 340 793 384 Christi
819 340 1032 400 redempti
1061 354 1224 384 sumus.
1260 343 1450 400 Agamus

70 412 293 474 quomodo
329 412 406 455 tali
440 411 626 455 Domino
660 425 750 453 non
789 410 1106 468 displiceamus.
1148 412 1261 455 Ecce
1294 413 1452 456 amavit

67 498 214 528 servos
229 517 240 539 ‚
265 492 310 527 et
326 495 435 541 quos
457 479 639 524 redemit
654 494 797 523 servos
811 513 823 533 ‚
847 479 950 523 fecit
968 480 1141 525 liberos.
1167 483 1280 525 Ecce
1297 497 1450 540 parum

67 562 131 598 est
144 587 155 608 ,
175 552 279 612 quia
299 551 436 595 donat
463 549 709 594 libertatem
729 564 850 594 suam
867 569 878 606 3
907 549 1084 594 exhibet
1105 551 1417 595 fraternitatem
1437 586 1448 606 ,

65 623 281 683 promittit
302 621 431 665 etiam
447 619 761 665 haereditatem.
786 620 931 663 Habes
953 620 1138 679 amplius
1160 622 1280 680 quod
1297 636 1454 681 expec-

62 694 160 736 tes?
182 691 378 749 Suscepit
392 689 608 734 veniendo
625 699 810 734 mortem
829 698 967 745 tuam,
987 689 1168 734 donavit
1184 691 1452 749 resurgendo

63 761 196 806 vitam
216 775 356 805 suam.
378 760 522 804 Habes
543 760 728 819 amplius
747 761 868 819 quod
888 761 1116 819 expectes?
1139 759 1218 804 Ille
1238 794 1249 815 ‚
1285 759 1358 804 ille
1377 762 1454 820 qui

0 835 25 841 “”
63 830 292 875 crucifixus
317 838 382 874 est
402 844 482 888 pro
503 838 546 874 te
563 863 574 884 ,
600 829 672 874 die
693 831 820 874 tertio
849 845 872 872 a
893 830 1076 874 mortuis
1097 844 1326 888 resurgens
1342 864 1353 885 ‚
1378 845 1453 874 su-

61 914 141 960 per
171 898 306 944 coelos
334 899 540 944 exaltavit
567 908 640 957 te3
676 899 817 943 filium
841 900 920 943 Dei
949 899 1054 944 fecit
1081 909 1140 944 te.
1185 900 1328 943 Habes
1362 915 1454 944 am-

61 969 177 1028 plius
216 968 339 1028 quod
376 978 576 1027 expectes
601 971 620 1013 Ρ
667 969 786 1022 Quid
823 970 1114 1013 retribuemus
1147 969 1334 1014 Domino
1375 985 1455 1029 pro

62 1038 268 1083 omnibus
301 1053 402 1097 quae
430 1038 634 1082 retribuit
652 1039 840 1082 1101115ῑὶὶ
868 1039 992 1083 Fecit
1014 1054 1093 1083 nos
1121 1048 1356 1099 antequam
1386 1054 1455 1083 es-

61 1122 205 1151 semus
222 1140 234 1161 ,
262 1107 442 1149 donavit
459 1108 594 1150 vitam
611 1141 622 1160 ‚
650 1108 831 1151 donavit
849 1117 1022 1151 aetatem
1039 1141 1051 1161 ,
1075 1109 1253 1152 donavit
1274 1108 1455 1153 liberam

61 1176 361 1229 voluntatem,
404 1175 584 1219 donavit
621 1176 910 1220 substantiam
930 1210 942 1230 ‚
986 1175 1168 1221 donavit
1198 1178 1422 1235 ingenium
1441 1213 1451 1233 ‚

64 1245 244 1290 donavit
280 1244 494 1288 rationem
522 1279 533 1299 ,
578 1244 761 1289 donavit
799 1246 1021 1289 scientiam
1044 1280 1055 1300 ,
1095 1246 1275 1290 donavit
1311 1250 1454 1291 omnia

63 1331 139 1360 sua
174 1325 224 1359 ut
265 1323 406 1359 essent
440 1323 542 1370 tua3
574 1324 618 1358 et
646 1316 712 1358 his
740 1315 866 1358 bonis
901 1316 1106 1359 omnibus
1133 1316 1247 1360 male
1282 1318 1349 1360 usi
1380 1333 1455 1361 su-

63 1401 160 1430 mus
179 1419 190 1439 ‚
229 1384 408 1444 superbi
444 1383 589 1427 effecti
613 1398 778 1427 sumus.
804 1385 1056 1428 Creatorem
1080 1394 1203 1430 tanta
1231 1387 1347 1431 bona
1370 1386 1457 1430 lar-

63 1456 253 1513 gientem
273 1489 284 1508 ,
313 1454 468 1497 merito
487 1454 854 1511 praevaricationis
878 1453 1143 1497 offendimus
1167 1473 1174 1497 :
1200 1458 1451 1512 perivimus,

62 1525 288 1585 quaesivit3
317 1524 477 1582 captivi
514 1524 635 1566 ducti
676 1538 828 1566 sumus
854 1557 865 1577 ‚
907 1524 1140 1580 subvenit3
1175 1524 1230 1567 ad
1268 1536 1452 1570 mortem

64 1604 319 1654 perpetuam
352 1593 624 1636 ducebamur
640 1627 651 1645 ‚
675 1593 894 1635 liberavit.
920 1593 1036 1645 Quid
1062 1594 1144 1636 tibi
1166 1595 1311 1638 minus
1333 1597 1455 1639 exhi-

64 1665 162 1708 buit
178 1699 190 1718 ‚
215 1664 292 1723 qui
314 1678 358 1706 se
380 1664 523 1721 ipsum
545 1677 624 1720 pro
647 1671 690 1705 te
711 1661 926 1706 tradidit?
948 1665 1004 1706 Et
1027 1661 1201 1706 dubitas
1226 1665 1347 1723 quod
1375 1667 1455 1709 tibi

65 1734 198 1778 donet
229 1733 362 1777 vitam
406 1746 526 1775 suam
551 1766 562 1786 ,
607 1732 683 1791 qui
714 1740 860 1775 tecum
897 1733 1238 1778 communicavit
1269 1745 1453 1779 mortem

64 1818 187 1847 suam
205 1804 223 1844 ²?
244 1801 357 1854 Quid
379 1801 671 1845 retribuemus
691 1802 762 1844 ei?
787 1802 830 1846 Si
852 1817 941 1846 non
960 1811 1024 1846 est
1046 1802 1166 1862 quod
1188 1803 1226 1846 ei
1248 1806 1458 1849 retribua-

65 1888 184 1926 mus,
211 1872 381 1930 abipso
413 1871 675 1930 accipiamus
711 1873 832 1932 quod
871 1873 909 1915 ei
944 1873 1193 1917 offeramus.
1231 1876 1325 1919 Hoc
1356 1891 1378 1919 a
1414 1885 1456 1920 te

65 1942 224 2002 quaerit
239 1942 435 1987 Christus
453 1976 464 1996 ,
490 1942 572 1986 hoc
594 1942 673 1985 tibi
695 1942 800 1986 dicit
821 1962 830 1986 ε
855 1943 986 1996 Quod
1003 1943 1088 1987 feci
1110 1959 1189 2002 pro
1211 1953 1255 1989 te
1272 1979 1283 2000 ‚
1307 1946 1392 1990 hoc
1414 1956 1457 1991 et

67 2022 117 2057 tu
138 2012 206 2056 fac
235 2027 314 2071 pro
337 2027 407 2056 me
437 2031 446 2056 :
486 2013 675 2056 animam
696 2028 837 2057 meam
871 2014 995 2073 posui
1018 2030 1096 2073 pro
1119 2023 1162 2058 te
1179 2049 1189 2069 ,
1227 2026 1270 2060 et
1301 2025 1351 2061 tu
1374 2033 1452 2075 pro

67 2081 274 2126 fratribus
307 2082 393 2126 tuis
421 2082 609 2126 animam
630 2091 751 2127 tuam
774 2098 904 2142 pone.
936 2083 1034 2129 Noli
1060 2084 1212 2128 timere
1233 2095 1419 2129 mortem
1439 2121 1450 2141 ‚

67 2152 170 2213 quia
200 2166 299 2196 cum
325 2151 499 2195 vincere
520 2168 608 2196 non
643 2169 787 2212 posses
806 2188 817 2209 ,
854 2168 934 2212 ego
957 2169 1052 2198 sum
1080 2164 1278 2199 mortuus
1295 2191 1306 2211 ,
1331 2164 1381 2200 ut
1405 2166 1453 2200 tu

66 2222 259 2267 vinceres
280 2240 288 2265 :
313 2221 530 2275 vinceres,
557 2237 645 2266 non
666 2237 744 2280 per
763 2232 807 2266 te
826 2257 838 2277 ,
871 2223 946 2267 sed
967 2239 1044 2283 per
1065 2240 1161 2283 me3
1186 2227 1287 2285 quia
1309 2235 1351 2270 et
1373 2241 1454 2284 ego

68 2292 190 2350 quod
210 2305 308 2334 sum
330 2300 529 2334 mortuus
545 2326 556 2345 ‚
581 2307 671 2335 non
694 2300 758 2335 est
778 2301 954 2350 propter
973 2309 1043 2337 me
1057 2329 1067 2348 ‚
1101 2296 1175 2338 sed
1195 2304 1370 2354 propter
1391 2305 1449 2339 16.

72 2363 138 2404 Tu
160 2361 275 2404 enim
297 2362 408 2405 mori
440 2377 621 2406 noveras
639 2397 650 2417 ,
675 2377 898 2421 resurgere
928 2379 1016 2408 non
1046 2381 1226 2409 noveras
1252 2384 1261 2410 ε
1287 2368 1453 2426 suscepi

70 2438 257 2474 mortem
271 2446 401 2489 quam
415 2447 595 2476 noveras
606 2466 617 2487 ‚
638 2431 929 2477 demonstravi
948 2436 1304 2479 resurrectionem
1321 2451 1453 2495 quam

70 2499 316 2557 ignorabas
347 2499 579 2546 Gredendo
613 2517 708 2546 ama
735 2512 1029 2561 resurgentem
1050 2538 1061 2559 ‚
1093 2513 1144 2549 ut
1166 2519 1242 2564 per
1264 2504 1387 2549 illum
1410 2515 1453 2549 et

117 2582 131 2601 ἵ
151 2581 229 2614 Psal.
251 2592 344 2623 cxxv,
368 2591 417 2615 12.
