1729 3143
506 202 560 229 DE
591 203 805 241 sYMBoLo,
839 204 977 232 smum
1008 206 1055 231 11.
1419 196 1474 233 69

94 268 270 329 quando
307 282 408 313 eum
435 269 638 314 formavit
667 277 797 327 atque
834 269 1080 326 benedixit,
1114 278 1158 314 et
1193 271 1387 315 inveniet
1418 273 1476 316 ita

92 339 302 399 scriptum
319 340 364 383 in
380 338 493 384 libro
502 341 738 383 Geneseos:
754 356 774 379 «
792 339 914 384 Fecit
927 343 1041 385 Deus
1054 341 1293 396 hominem,
1305 341 1361 385 ad
1375 342 1479 386 ima-

94 427 115 452 »
141 411 286 469 ginem
308 424 430 454 suam
445 409 550 453 fecit
563 408 704 464 illum,
719 408 959 453 masculum
976 421 1019 455 et
1035 410 1259 456 foeminam
1269 410 1373 456 fecit
1387 427 1475 466 eos,

92 498 114 522 »
141 490 185 524 et
204 479 424 525 benedixit
445 480 504 523 eis
536 478 684 523 dicens
705 497 714 523 ε
739 480 931 524 Crescite
952 490 995 524 et
1026 481 1403 541 multiplicamini,
1437 491 1478 526 et

91 568 112 592 »
138 550 301 610 replete
329 559 502 604 terram,
527 557 571 594 et
591 548 876 594 dominamini
894 550 985 609 ejus
1001 584 1013 605 ,
1038 560 1082 594 et
1102 552 1260 595 habete
1281 561 1475 610 potesta-

90 638 112 663 »
137 630 225 666 tem
240 620 423 679 piscium
439 620 567 664 maris
581 654 592 674 ‚
613 635 821 679 pecorum
840 627 989 672 terrae,
1014 620 1260 665 volatilium
1280 621 1380 666 coeli
1397 624 1429 665 1.
1450 641 1470 663 »

86 692 174 735 Ista
196 705 299 748 ergo
322 690 468 734 omnia
489 699 668 749 propter
689 705 792 735 usus
814 699 973 735 nostrae
994 690 1274 745 infirmitatis,
1297 700 1345 734 ut
1367 692 1470 746 dixi,

85 769 228 805 creata
249 769 366 805 sunt.
404 758 488 805 Sed
511 759 887 820 quemadmodum
924 776 1014 806 non
1042 761 1272 805 nobiscum
1293 763 1480 819 resurgi?

84 839 229 876 nostra
252 831 499 890 corruptio,
536 846 681 891 neque
702 832 931 876 infirmitas
952 851 962 878 ε
988 833 1048 877 ita
1070 847 1151 876 nec
1184 847 1232 876 ea
1256 847 1356 891 quae
1377 843 1477 876 suni

82 901 318 945 necessaria
359 916 478 946 nunc
517 911 676 948 nostrae
718 903 975 948 infirmitati.
1014 902 1169 957 Qualia
1211 901 1360 946 futura
1394 904 1476 949 sint

82 981 229 1017 nostra
250 985 448 1032 corpora,
473 972 635 1018 Paulus
656 973 762 1019 dicit
784 973 1033 1034 apostolus:
1063 993 1084 1016 «
1112 974 1383 1028 Seminatur,
1406 974 1477 1016 in—

83 1059 104 1083 »
125 1042 238 1101 quit,
259 1043 305 1085 in
319 1043 615 1099 corruptione,
629 1054 824 1101 resurget
843 1046 888 1088 in
905 1044 1235 1103 incorruptione
1258 1064 1266 1088 :
1290 1044 1474 1088 semina-

83 1128 104 1151 »
129 1119 202 1153 tur
223 1109 270 1152 in
291 1109 560 1165 infirmitate,
583 1119 732 1168 surget
752 1111 798 1154 in
815 1112 978 1155 virtute
1004 1130 1015 1156 ;
1041 1113 1281 1155 seminatur
1297 1113 1344 1155 in
1375 1127 1480 1156 con-u

81 1197 103 1222 »
127 1178 325 1232 tumelia,
361 1188 508 1237 surget
541 1180 586 1223 in
609 1179 771 1238 gloria:
796 1180 1036 1224 seminatur
1075 1195 1232 1239 corpus
1254 1181 1441 1224 animale
1462 1215 1472 1234 ,

77 1269 99 1292 »
125 1258 272 1308 surget
293 1264 449 1308 corpus
471 1250 661 1308 spiritale
685 1253 717 1293 ².
743 1268 763 1291 n
789 1251 1067 1309 Incorruptio
1097 1251 1214 1306 haec,
1241 1251 1402 1305 virtus,
1430 1260 1469 1294 et

79 1319 231 1379 gloria,
256 1328 299 1362 et
322 1319 497 1378 spiritus
519 1319 757 1373 vivificans,
778 1318 907 1364 faciet
928 1335 1023 1375 nos,
1040 1320 1254 1380 sicutipse
1264 1321 1473 1364 Dominus

77 1392 331 1450 promittere
349 1391 554 1448 dignatus
577 1398 656 1443 est,
681 1388 872 1448 aequalcs
894 1389 1071 1446 Angelis
1085 1391 1163 1432 Dei
1184 1401 1260 1434 :ut
1281 1392 1476 1435 vivamus

77 1477 177 1506 cum
194 1461 294 1520 ipsis
315 1461 362 1504 in
383 1469 547 1504 aeterna
569 1460 657 1504 vita
674 1493 685 1513 ‚
705 1462 752 1502 in
774 1474 862 1502 una
886 1458 1214 1501 immortalitate
1237 1474 1285 1501 ac
1313 1462 1475 1519 sempi-

76 1542 198 1577 terna
215 1533 397 1591 patriass.
425 1534 477 1574 In
494 1545 582 1590 qua
605 1529 746 1588 patria
763 1529 853 1573 vita
872 1537 1018 1572 nostra
1040 1537 1202 1572 aeterna
1224 1528 1315 1586 ipse
1329 1531 1473 1574 Chris-

76 1612 146 1647 tus
164 1603 245 1646 erit
273 1621 281 1647 ε
312 1621 331 1644 «
352 1604 452 1660 Ipse
475 1600 591 1644 enim
614 1608 678 1643 est
698 1613 826 1643 verus
844 1601 958 1642 Deus
981 1607 1024 1642 et
1045 1599 1133 1642 vita
1155 1607 1318 1642 aeterna
1332 1600 1363 1641 4.
1394 1618 1413 1640 »

133 1674 301 1716 XXIII.
328 1673 422 1715 Hoc
435 1671 631 1729 sequitur
642 1669 772 1713 etiam
785 1669 832 1711 in
848 1668 930 1712 isto
947 1677 1095 1712 sancto
1111 1667 1338 1724 Symbolo,
1350 1670 1469 1727 quod

75 1753 174 1802 post
188 1742 550 1786 resurrectionem
562 1740 702 1784 carnis
712 1739 955 1783 credamus.
973 1742 1030 1783 Et
1042 1739 1088 1782 in
1099 1739 1230 1783 vitam
1246 1749 1469 1784 aeternam.

75 1815 172 1858 Non
193 1813 328 1857 nostri
348 1813 438 1871 jam
461 1810 759 1855 dominabitur
781 1810 1003 1869 corruptio
1020 1844 1031 1864 ,
1068 1809 1372 1854 immortaliter
1405 1811 1468 1854 vi-

75 1883 293 1937 ventibus,
319 1891 362 1926 et
393 1896 494 1926 cum
535 1882 627 1940 ipsa
666 1889 828 1924 aeterna
862 1881 949 1925 vita
984 1881 1276 1925 manentibus.
1320 1884 1469 1940 Neque

76 1953 189 1997 enim
216 1952 509 2011 indigebimus
538 1950 627 1995 illic
648 1951 925 2005 vestimento,
951 1952 1029 1995 ubi
1063 1952 1223 1996 erimus
1242 1953 1468 1995 immor-ta·

78 2022 199 2067 litate
220 2023 364 2067 vestiti
384 2041 392 2066 :
428 2037 509 2066 nec
530 2021 653 2065 cibus
676 2021 803 2065 nobis
826 2021 963 2065 deerit
979 2056 990 2076 ,
1033 2021 1211 2080 quando
1234 2022 1323 2080 ipse
1346 2023 1467 2080 panis

77 2093 216 2147 vivus,
242 2092 318 2151 qui
339 2101 518 2151 propter
538 2107 616 2137 nos
638 2092 693 2136 de
715 2091 828 2136 coelo
851 2091 906 2136 ad
928 2101 1061 2136 terras
1073 2107 1211 2151 usque
1226 2091 1465 2145 descendit,

76 2163 144 2206 sui
180 2162 409 2222 praesentia
448 2170 614 2206 nostras
651 2162 815 2206 animas
836 2162 1009 2206 satiabit
1029 2182 1038 2207 ε
1075 2177 1156 2206 nec
1191 2171 1318 2221 potus
1341 2162 1465 2205 nobis

77 2232 231 2287 deerit,
257 2240 469 2291 praesente
490 2230 613 2276 fonte
629 2231 745 2275 vitae.
769 2232 989 2277 Saturabit
1006 2234 1121 2277 enim
1144 2247 1222 2277 nos
1247 2233 1301 2276 ab
1334 2232 1465 2275 uber-

77 2312 167 2347 tate
193 2302 349 2348 domus
370 2318 459 2347 suae
477 2337 488 2357 ,
526 2310 570 2345 et
606 2309 801 2346 torrente
822 2300 1079 2346 deliciarum
1121 2317 1298 2347 suarum
1335 2302 1462 2346 corda

77 2382 224 2419 nostra
246 2373 406 2432 rigabit
420 2375 452 2416 ⁵.
495 2375 642 2418 AEstus
663 2372 753 2417 illic
774 2387 863 2417 non
885 2373 1101 2431 patiemur
1120 2392 1128 2417 :
1154 2372 1242 2416 illic
1263 2381 1326 2417 est
1347 2373 1460 2416 enim

125 2477 136 2494 ¹
151 2472 230 2504 Gen.
254 2482 276 2511 1,
304 2481 342 2513 29
364 2474 397 2503 et
419 2470 473 2502 28.
494 2486 535 2493 -
550 2477 563 2493 ²
585 2482 598 2503 1
621 2472 694 2504 Cor.
713 2481 769 2511 xv,
789 2469 898 2511 42.-·
913 2468 927 2494 3
945 2470 1063 2502 Matth.
1087 2481 1152 2502 xm
1166 2495 1175 2511 ,
1195 2468 1328 2502 ’δα-4
1345 2481 1355 2501 1
1371 2472 1447 2501 Jcm*

79 2538 109 2561 v.
131 2535 183 2560 20.
202 2543 243 2552 ·—
258 2525 273 2551 5
292 2526 372 2560 Psal.
391 2536 489 2567 xxxv,
509 2537 541 2568 9.
