1729 3143
426 234 508 260 Lm.
545 234 592 259 11.
628 234 682 259 DE
714 233 901 260 §romnus
933 234 1274 261 MANICHAEORUM.
1459 223 1539 261 597

224 299 402 342 LXXV.
441 299 546 341 Haec
565 298 600 341 si
621 297 727 342 falsa
749 312 837 342 esse
857 298 996 342 dicitis
1009 334 1020 354 ‚
1054 299 1181 342 nimis
1208 299 1364 358 apertis
1385 307 1429 342 et
1450 313 1550 357 per-

163 368 347 428 vulgatis
377 369 504 412 rebus
536 368 755 413 obsistitis.
797 368 881 414 Sed
911 369 1077 414 utinam
1106 370 1190 414 hoc
1224 369 1392 413 dicatis.
1435 370 1549 414 Cum

165 441 282 485 enim
304 439 389 483 sint
409 439 488 483 ista
511 438 756 494 manifesta,
782 449 824 484 et
845 440 894 484 iis
916 440 992 500 qui
1012 441 1117 484 scire
1132 440 1356 485 voluerint
1371 439 1553 499 cognitu

165 510 395 566 facillima,
426 509 682 568 intelligitur
703 526 835 570 quam
858 526 959 556 vera
978 510 1120 555 dicere
1143 510 1336 566 soleant,
1361 511 1438 571 qui
1459 511 1554 555 haec

165 597 266 626 vera
287 596 376 625 esse
398 582 664 639 negaverint.
685 582 767 626 Sed
782 580 872 625 aliis
890 580 1212 626 defensionibus
1230 581 1424 636 utimini,
1444 596 1551 641 quas

165 669 247 713 ego
267 669 357 698 non
375 653 593 712 improbo.
612 657 700 697 Aut
714 653 829 696 enim
852 652 991 696 dicitis
1010 652 1175 712 aliquos
1193 653 1268 712 qui
1282 661 1423 697 vestra
1433 667 1551 712 prae-

166 733 291 784 cepta
311 723 586 780 custodiant,
613 740 693 768 nec
714 739 786 768 eos
809 723 993 768 aliorum
1010 723 1262 768 criminibus
1284 722 1442 767 debere
1453 738 1554 782 per·
1586 754 1589 757 ·

164 795 290 840 fundi
311 815 323 853 3
347 804 423 840 aut
443 811 534 840 non
556 804 756 854 oportere
779 794 956 839 omnino
978 793 1115 852 quaeri
1134 793 1282 851 quales
1302 794 1387 837 sint
1405 793 1550 837 homi-

166 882 259 921 nes,
277 867 353 926 qui
368 877 554 910 vestram
572 875 729 909 sectam
740 865 1016 924 profitentur,
1035 863 1110 908 sed
1122 863 1260 924 qualis
1276 864 1328 908 sit
1344 865 1436 923 ipsa
1451 880 1554 924 pro-

167 936 308 981 fessio.
335 939 533 990 Quorum
551 951 631 995 ego
650 945 886 995 utrumque
909 950 1006 979 cum
1032 934 1259 987 admisero,
1282 936 1552 994 (quanquam

169 1024 248 1053 nec
286 1007 382 1053 illos
424 1007 533 1052 fidos
576 1006 881 1051 mandatorum
912 1006 1204 1050 observatores
1238 1006 1551 1061 demonstrare,

170 1096 250 1124 nec
272 1081 410 1140 ipsam
440 1081 636 1124 haeresim
660 1096 679 1122 a
706 1088 769 1122 tot
800 1089 841 1122 et
870 1079 996 1122 tantis
1027 1077 1150 1135 nugis
1174 1085 1305 1135 atque
1328 1075 1559 1120 sceleribus

170 1168 356 1211 purgare
366 1153 575 1211 possitis),
592 1151 702 1195 illud
718 1143 896 1195 tamena
911 1150 1030 1193 vobis
1043 1163 1303 1207 magnopere
1317 1148 1552 1208 requiram,

170 1239 248 1267 cur
268 1222 510 1266 maledictis
538 1221 807 1266 insectemini
829 1221 1094 1265 Christianos
1115 1218 1313 1263 catholici
1331 1219 1520 1263 nominis
1536 1253 1547 1274 ,

169 1293 461 1354 quorumdam
484 1294 701 1336 intuentes
721 1291 934 1350 perditam
948 1292 1096 1343 vitam,
1114 1305 1213 1333 cum
1234 1289 1288 1332 de
1307 1289 1458 1333 vestris
1476 1290 1556 1334 ho-

168 1363 358 1407 minibus
390 1363 538 1407 haberi
570 1363 880 1422 quaestionem,
907 1370 981 1404 aut
1013 1360 1289 1420 impudenter
1317 1361 1550 1414 recusetis,

168 1443 243 1478 aut
264 1434 561 1493 impudentius
578 1448 666 1476 non
689 1432 907 1486 recusetis,
932 1430 1158 1490 velitisque
1172 1429 1354 1487 intelligi
1371 1430 1416 1474 in
1434 1439 1552 1473 tanta

166 1513 307 1550 vestra
328 1505 546 1564 paucitate
564 1503 698 1548 latere
715 1503 858 1547 nescio
876 1518 999 1562 quos,
1021 1501 1097 1561 qui
1121 1517 1195 1545 sua
1216 1510 1433 1560 praecepta
1452 1516 1551 1545 cus-

168 1574 366 1629 todiunt,
391 1585 434 1620 et
452 1576 497 1618 in
515 1583 634 1619 tanta
658 1573 882 1619 catholicae
898 1569 1179 1616 multitudine
1200 1586 1289 1614 non
1304 1569 1473 1615 velitis?

440 2110 542 2141 FINIS
565 2110 662 2140 Tomi
688 2107 899 2140 CENTESIMI
923 2103 1306 2139 TntGESIMI-QEARTI.
