1729 3143
412 200 466 228 DE
497 200 650 229 menno
680 195 895 239 Assumo,
929 198 1013 228 Lm.
1048 199 1099 226 11.
1360 187 1444 228 335

120 266 301 311 XXXV.
337 268 623 314 Promiseram
644 275 791 311 autem
808 300 819 321 ,
844 266 878 310 si
898 264 1158 320 meministi,
1183 277 1253 308 me
1270 263 1352 308 tibi
1369 264 1449 309 de-

60 347 403 383 monstraturum
426 354 516 383 esse
543 338 708 398 aliquid
726 371 740 393 ‚
767 337 888 396 quod
907 337 962 381 sit
980 345 1127 381 mente
1147 344 1294 380 nostra
1315 345 1448 396 atque

60 407 228 453 ratione
254 409 495 453 sublimius.
520 411 633 453 Ecce
658 406 740 452 tibi
772 415 837 451 est
856 406 948 465 ipsa
969 406 1127 451 veritas
1154 425 1164 451 ι
1187 405 1449 466 amplectere

61 476 182 522 illam
207 479 241 522 si
263 488 385 538 potes
399 514 411 535 ‚
436 488 479 524 et
500 478 647 523 fruere
668 476 743 520 illa
760 510 771 530 ,
797 485 841 519 et
863 475 1079 520 delectare
1096 477 1143 520 in
1163 477 1351 521 Domino
1368 511 1380 532 ‚
1406 485 1450 521 et

62 547 185 592 dabit
216 550 296 593 tibi
318 550 546 609 petitiones
574 547 715 592 cordis
742 547 821 591 tui.
849 545 967 599 Quid
994 547 1110 590 enim
1131 548 1241 606 petis
1264 547 1448 607 amphus

63 633 195 676 quam
216 628 267 663 ut
287 620 440 663 beatus
462 619 548 662 sis?
572 620 627 661 Et
647 616 756 676 quid
771 615 941 660 beatius
964 631 1014 660 eo
1034 617 1110 675 qui
1122 616 1284 661 fruitur
1296 618 1450 662 incon-

63 703 185 733 cussa
218 699 262 733 et
291 687 642 734 incommutabili
677 697 720 732 et
754 686 1111 731 excellentissima
1143 688 1354 732 veritate?
1382 691 1450 733 An

61 773 165 803 vero
185 759 374 803 clamant
394 759 590 803 homines
613 759 763 803 beatos
784 774 829 803 se
846 773 951 812 esse,
969 773 1069 802 cum
1085 759 1251 817 puchra
1268 774 1449 817 corpora

63 843 218 886 magno
248 829 460 874 desiderio
488 830 744 887 concupita,
782 829 870 872 sive
906 829 1171 888 conjugum,
1198 829 1286 872 sive
1318 828 1448 871 etiam

63 899 341 943 meretricum
359 899 658 958 amplexantur
672 934 682 952 ,
705 907 749 942 et
765 914 842 942 nos
861 899 906 942 in
920 897 1125 957 amplexu
1138 897 1329 942 veritatis
1346 897 1450 940 bea-

0 989 1 1026 3
65 976 128 1011 tos
149 981 239 1010 esse
261 965 512 1010 dubitamus
530 971 547 1008 ’ἲ
566 969 767 1011 Clamant
782 965 978 1009 homines
992 980 1036 1009 se
1050 966 1201 1010 beatos
1222 981 1328 1021 esse,
1349 982 1450 1011 cum

0 1031 1 1074 ἶ
63 1045 172 1080 aestu
199 1037 327 1081 aridis
349 1035 516 1080 facibus
539 1037 596 1080 ad
616 1035 786 1080 fontem
814 1034 1115 1079 abundantem
1142 1035 1451 1096 salubremque

63 1107 344 1166 perveniunt,
378 1116 454 1150 aut
483 1107 718 1150 esurientes
750 1106 982 1164 prandium
1005 1122 1232 1150 coenamve
1253 1117 1451 1151 ornatam

63 1176 369 1235 copiosamque
389 1177 612 1233 reperiunt
643 1195 651 1219 ε
683 1184 726 1218 et
756 1190 834 1219 nos
868 1176 1121 1233 negabimus
1148 1176 1297 1220 beatos
1327 1192 1416 1220 esse
1435 1211 1447 1232 ,

64 1261 164 1290 cum
185 1246 412 1303 irrigamur
431 1245 737 1304 pascimurque
760 1246 972 1289 veritate?
996 1245 1193 1290 Solemus
1209 1246 1360 1289 audire
1378 1262 1450 1290 vo-

65 1331 133 1361 ces
155 1315 438 1360 clamantium
459 1331 503 1359 se
525 1315 701 1370 beatOS,
727 1315 761 1359 si
777 1316 950 1374 jaceant
971 1317 1017 1361 in
1039 1332 1134 1361 rosa
1153 1327 1195 1361 et
1217 1317 1309 1361 aliis
1330 1317 1451 1361 flori-

65 1388 148 1432 bus
165 1422 176 1442 ,
199 1387 271 1432 vel
286 1388 416 1431 etiam
436 1386 671 1445 unguentis
687 1385 994 1431 odoratissimis
1011 1387 1293 1445 perfruantur
1312 1405 1320 1429 :
1341 1388 1451 1448 quid

65 1458 324 1516 fragrantius
339 1493 350 1512 ,
376 1457 483 1518 quid
499 1457 738 1516 jucundius
758 1456 1038 1515 inspiratione
1054 1457 1245 1501 veritatis
1262 1460 1280 1499 ἱ)
1302 1468 1346 1502 et
1367 1458 1452 1502 du-

62 1528 252 1572 bitamus
276 1543 353 1572 nos
376 1543 476 1572 cum
498 1528 552 1570 ab
571 1526 644 1570 illa
658 1527 919 1585 inspiramur
935 1561 945 1581 ,
966 1525 1109 1570 dicere
1123 1526 1302 1572 beatos?
1319 1527 1452 1571 Multi

63 1598 235 1642 beatam
261 1598 394 1642 vitam
423 1597 470 1641 in
491 1605 625 1641 cantu
654 1611 812 1641 vocum
846 1606 890 1640 et
919 1611 1155 1641 nervorum
1179 1605 1223 1641 et
1245 1597 1450 1641 tibiarum

64 1669 146 1712 sibi
164 1669 438 1713 constituunt
459 1703 469 1722 ,
495 1677 538 1711 et
559 1682 660 1711 cum
682 1682 730 1711 ea
753 1667 834 1710 sibi
854 1668 1040 1722 desunt,
1066 1682 1109 1711 se
1131 1667 1308 1712 miseros
1326 1668 1448 1727 judi-

64 1749 187 1792 cant,
213 1754 315 1783 cum
336 1748 482 1783 autem
499 1738 682 1792 adsunt,
709 1738 954 1782 efferuntur
980 1737 1131 1782 laetitia
1154 1757 1163 1783 :
1188 1747 1232 1783 et
1253 1754 1332 1782 nos
1348 1754 1451 1783 cum

63 1808 281 1853 mentibus
311 1808 466 1852 nostris
486 1808 577 1851 sine
604 1807 697 1851 ullo
719 1808 928 1866 strepitu,
960 1816 1009 1851 ut
1040 1808 1100 1852 ita
1123 1807 1265 1852 dicam
1281 1843 1292 1863 ,
1317 1824 1451 1854 cano·

63 1894 161 1922 rum
182 1887 226 1922 et
247 1878 487 1922 facundum
508 1877 729 1938 quoddam
749 1878 970 1922 silentium
1000 1878 1190 1923 veritatis
1219 1878 1418 1923 illabitur
1434 1913 1446 1935 ,

64 1947 190 1993 aliam
216 1949 389 1993 beatam
409 1949 543 1993 vitam
562 1948 821 2007 quaerimus,
847 1958 890 1993 et
918 1958 1007 1992 tam
1028 1958 1145 1993 certa
1171 1958 1214 1992 et
1236 1958 1449 2008 praesente

64 2035 154 2064 non
176 2019 396 2063 fruimur?
419 2022 535 2063 Luce
557 2020 651 2063 auri
678 2029 721 2063 et
750 2020 949 2078 argenti,
979 2019 1075 2063 luce
1108 2035 1377 2078 gemmarum
1406 2029 1450 2064 et

65 2089 246 2134 aliorum
267 2089 464 2134 colorum
481 2124 491 2143 ,
513 2090 600 2133 sive
617 2089 748 2148 ipsius
770 2089 878 2134 lucis
900 2106 999 2150 quae
1018 2089 1073 2134 ad
1091 2091 1169 2134 hos
1183 2090 1332 2135 oculos
1349 2106 1449 2149 per-

63 2160 173 2204 tinet
189 2194 201 2213 ,
226 2159 313 2203 sive
331 2160 376 2202 in
396 2158 570 2216 ignibus
592 2159 772 2202 terrenis
787 2193 797 2213 ,
823 2159 911 2202 sive
935 2160 980 2202 in
1002 2158 1135 2204 stellis
1156 2159 1226 2203 vel
1247 2160 1351 2204 luna
1379 2160 1448 2204 vel

64 2230 153 2274 sole
174 2230 368 2274 claritate
399 2239 442 2273 et
459 2228 736 2289 jucunditate
769 2229 971 2274 delectati
1005 2230 1227 2285 homines,
1261 2246 1362 2275 cum
1390 2230 1446 2274 ab

62 2300 143 2344 ista
162 2298 312 2344 laetitia
332 2298 464 2343 nullis
486 2298 691 2343 molestiis
708 2333 719 2353 ,
746 2298 865 2342 nulla
886 2299 1125 2357 indigentia
1154 2309 1415 2345 revocantur
1431 2334 1443 2353 ,

63 2369 181 2414 beati
202 2370 282 2413 sibi
303 2369 524 2424 videntur,
547 2378 589 2412 et
608 2378 785 2427 propter
806 2369 900 2413 haec
916 2384 1085 2428 semper
1103 2370 1256 2415 volunt
1274 2369 1442 2415 vivere:

65 2449 107 2484 et
137 2455 216 2484 nos
250 2440 296 2484 in
324 2439 423 2484 luce
452 2439 642 2484 veritatis
674 2439 844 2483 beatam
871 2439 1005 2484 vitam
1039 2439 1252 2485 collocare
1284 2440 1445 2485 metui-

67 2524 162 2555 mus
176 2512 194 2554 Ξ)
