1729 3143
216 238 299 281 534
650 244 684 275 s.
718 242 801 273 Aue
807 244 950 273 trs-nm
981 245 1164 274 nmscom

215 314 562 362 Christianorum
578 345 590 368 ,
631 309 792 372 quibus
824 323 994 355 summa
1030 307 1228 368 castitas,
1259 325 1349 357 non
1381 311 1599 360 laudanda

216 395 387 431 tantum
402 416 413 438 ,
453 381 529 427 sed
562 382 694 426 etiam
727 380 992 441 capessenda
1012 382 1101 426 visa
1122 391 1212 437 est,
1236 397 1377 427 mores
1397 391 1440 427 et
1461 385 1602 429 conti-

217 455 410 501 nentiam
424 451 687 512 singularem
708 467 878 499 :naevos
890 451 1170 513 impudenter
1185 454 1347 514 jactare
1369 453 1487 514 apud
1508 455 1603 501 ani-

216 540 310 570 mos
341 524 646 584 imperitorum
662 558 674 579 ,
702 525 826 583 quasi
856 524 1113 569 difficillima
1134 539 1279 570 rerum
1308 525 1599 584 abstinentia,

215 598 250 641 si
269 595 379 656 quid
397 596 444 639 in
464 594 587 640 vobis
605 593 782 655 pudoris
802 604 865 640 est
879 631 891 651 ,
911 596 1119 640 audeatis.
1138 598 1229 641 Nec
1246 612 1295 641 ea
1311 597 1452 641 dicam
1469 632 1481 653 ,
1502 612 1603 658 quae

215 682 292 713 vos
313 666 519 727 ignoratis
533 701 545 722 ,
571 666 644 710 sed
667 681 768 726 quae
788 665 914 710 nobis
936 666 1177 711 occultatis.
1202 667 1309 720 Quis
1330 667 1447 711 enim
1468 668 1604 713 nescit

215 752 398 782 summae
419 736 701 781 continentiae
722 736 949 781 hominum
977 737 1325 783 Christianorum
1351 737 1603 783 multitudi-

215 823 317 852 nem
347 822 426 867 per
456 815 599 852 totum
627 807 780 852 orbem
810 807 856 851 in
878 805 967 850 dies
988 809 1123 868 magis
1144 808 1367 868 magisque
1388 807 1601 865 diffundi,

213 887 257 923 et
290 878 337 922 in
373 876 551 921 Oriente
582 878 769 920 maxime
803 883 936 935 atque
965 876 1186 935 AEgypt0‚
1219 878 1341 936 quod
1371 893 1449 924 vos
1480 878 1606 925 nullo

215 947 348 994 modo
369 956 513 1007 potest
534 945 684 990 latere.

273 1020 432 1063 LXVI.
456 1016 575 1062 Nihil
595 1015 651 1060 de
682 1015 732 1059 iis
766 1013 910 1059 dicam
931 1029 1041 1075 quos
1063 1014 1196 1075 paulo
1217 1024 1319 1060 ante
1339 1030 1607 1063 commemo-

217 1089 338 1144 ravi,
369 1088 446 1149 qui
476 1085 748 1131 secretissimi
781 1085 954 1143 penitus
986 1085 1041 1130 ab
1071 1086 1191 1131 omni
1217 1086 1448 1131 hominum
1479 1103 1608 1133 cons-

215 1168 350 1220 pectu
370 1193 382 1215 ,
412 1173 526 1218 pane
548 1156 640 1203 solo
656 1192 667 1213 ‚
692 1157 770 1216 qui
792 1158 850 1201 eis
871 1171 949 1217 per
969 1165 1086 1201 certa
1108 1156 1336 1203 intervalla
1360 1167 1608 1218 temporum

218 1230 401 1274 affertur
417 1263 428 1285 ,
454 1238 498 1273 et
521 1243 634 1290 aqua
651 1228 874 1283 contenti,
899 1226 1207 1272 desertissimas
1229 1236 1363 1272 terras
1384 1228 1606 1286 incolunt,

220 1298 493 1359 perfruentes
509 1297 729 1359 colloquio
742 1298 846 1353 Dei,
866 1297 937 1342 cui
954 1297 1073 1357 puris
1089 1297 1311 1341 mentibus
1324 1297 1606 1354 inhaeserunt,

221 1381 264 1415 et
298 1375 390 1432 ejus
423 1369 765 1431 pulchritudinis
805 1369 1174 1428 contemplatione
1212 1366 1476 1423 beatissimi,
1511 1384 1611 1430 quae

219 1443 299 1485 nisi
336 1451 587 1487 sanctorum
622 1439 849 1486 intellectu
878 1438 1043 1497 percipi
1068 1453 1158 1482 non
1185 1446 1344 1497 potest.
1372 1438 1489 1484 Nihil
1506 1475 1517 1496 ,
1540 1440 1610 1484 in-

219 1523 353 1570 quam
375 1543 386 1564 ,
423 1508 478 1552 de
499 1507 565 1552 his
594 1507 750 1567 loquar
783 1527 793 1552 :
821 1507 1028 1552 videntur
1055 1508 1171 1552 enim
1199 1507 1422 1553 nonnullis
1443 1524 1510 1554 res
1530 1510 1611 1554 hu-

220 1595 369 1625 manas
391 1578 624 1639 plusquam
644 1586 863 1638 oporteret
878 1577 1139 1634 deseruisse,
1163 1593 1253 1623 non
1266 1578 1610 1638 intelligentibus

220 1659 437 1712 quantum
467 1649 595 1695 nobis
629 1664 781 1694 eorum
806 1650 976 1694 animus
1002 1649 1049 1694 in
1077 1650 1346 1695 orationibus
1381 1651 1543 1711 prosit,
1567 1661 1611 1696 et

218 1722 308 1767 vita
333 1720 389 1764 ad
411 1720 660 1779 exemplum
678 1754 689 1775 ‚
715 1734 903 1779 quorum
925 1735 1107 1779 corpora
1128 1719 1276 1765 videre
1297 1736 1388 1766 non
1409 1721 1607 1766 sinimur.

223 1789 308 1836 Sed
329 1790 433 1833 hinc
449 1787 670 1848 disputare
693 1787 875 1847 longum
895 1798 938 1833 et
961 1804 1329 1849 supervacaneum
1351 1799 1485 1850 puto:
1508 1807 1609 1846 nam

221 1863 305 1906 hoc
322 1868 411 1904 tam
431 1858 643 1903 excellens
661 1857 880 1917 fastigium
894 1860 1131 1902 sanctitatis
1142 1892 1153 1913 ‚
1173 1861 1245 1902 cui
1259 1873 1349 1903 non
1366 1875 1443 1904 sua
1458 1871 1613 1920 sponte

222 1929 472 1975 mirandum
505 1938 548 1974 et
576 1928 885 1974 honorandum
907 1928 1082 1973 videtur
1099 1962 1110 1984 ,
1147 1929 1344 1974 oratione
1372 1939 1519 1975 nostra
1543 1932 1613 1977 vi-

223 2001 314 2046 deri
336 2000 413 2060 qui
434 2001 607 2059 potest?
630 2002 819 2044 Tantum
850 1999 919 2043 isti
953 1998 1219 2044 admonendi
1247 2009 1378 2056 sunt,
1415 2001 1493 2061 qui
1521 2016 1612 2047 sese
1662 2046 1664 2049 ,

223 2071 409 2116 inaniter
434 2072 629 2131 jactant,
665 2070 710 2114 in
739 2078 911 2115 tantum
939 2068 1192 2129 processisse
1218 2071 1546 2130 temperantiam
1569 2081 1612 2116 et

224 2142 539 2187 continentiam
561 2140 929 2186 sanctissimorum
950 2140 1176 2186 catholicae
1208 2141 1312 2186 fidei
1344 2141 1613 2187 Christiano—

223 2228 339 2269 rum,
358 2222 407 2257 ut
425 2212 726 2271 restringenda
742 2210 981 2267 nonnullis,
1001 2221 1043 2256 et
1060 2211 1182 2272 quasi
1200 2210 1256 2256 ad
1272 2211 1486 2257 humanos
1503 2212 1611 2257 fines

224 2282 467 2329 revocanda
501 2282 700 2328 videatur
726 2301 736 2328 :
761 2298 899 2343 usque
921 2282 1029 2327 adeo
1058 2297 1187 2342 supra
1218 2282 1415 2327 homines
1435 2281 1611 2327 illorum

225 2355 390 2400 animos
412 2354 618 2411 evasisse,
643 2354 699 2399 ab
729 2354 780 2399 iis
812 2354 942 2398 etiam
974 2352 1134 2414 quibus
1167 2352 1213 2399 id
1241 2351 1467 2413 displicet,
1486 2351 1608 2413 judi-

228 2433 365 2469 catur.

284 2497 462 2539 LXVII.
497 2493 582 2541 Sed
604 2495 639 2539 si
658 2495 742 2540 hoc
762 2492 931 2538 excedit
963 2501 1155 2538 nostram
1181 2491 1460 2538 tolerantiam
1475 2525 1487 2548 ,
1511 2491 1607 2551 quis

229 2578 314 2607 non
346 2563 643 2621 illosjmiretur
666 2574 708 2608 et
736 2563 966 2622 praedicet,
997 2563 1072 2622 qui
1094 2563 1352 2621 contemptis
1377 2571 1508 2621 atque
1529 2560 1607 2605 de-
