1729 3143
564 257 618 282 DE
649 256 815 292 cunum,
853 257 932 282 Lis.
971 257 998 281 1.
1389 241 1465 279 421

95 323 199 381 ipsae
221 321 412 365 tenebrae
433 336 562 380 super
582 322 780 378 abyssum
800 356 810 374 ,
836 330 1066 380 antequam
1090 319 1250 363 faceret
1271 322 1384 363 Deus
1407 319 1476 362 lu-

95 394 221 437 cem?
243 393 346 445 Quis
366 392 459 436 illas
481 393 643 436 fecerat
661 391 731 435 vel
755 393 991 448 genuerat?
1013 399 1087 433 aut
1108 391 1141 434 si
1164 405 1291 434 nemo
1315 390 1475 434 fecerat

95 463 164 508 vel
196 472 403 522 genuerat
430 478 526 517 eas,
561 471 733 506 aeternae
765 470 885 504 erant
907 461 1111 504 tenebrae.
1150 461 1280 514 Quasi
1312 461 1476 521 aliquid

95 534 182 578 sint
198 535 389 578 tenebrae
409 553 416 578 ι
438 533 511 578 sed
527 544 576 578 ut
590 533 753 577 dictum
770 529 832 576 est
849 567 859 587 ,
884 532 990 576 lucis
1007 533 1198 576 absentia
1215 534 1299 578 hoc
1315 548 1478 578 nomen

95 605 274 664 accepit.
303 604 384 650 Sed
404 606 505 664 quia
520 605 600 664 ipsi
618 603 774 648 fabulis
791 604 876 647 suis
893 602 1063 662 decepti
1080 604 1359 649 crediderunt
1372 620 1479 664 gen-

93 684 180 720 tem
203 690 292 719 esse
308 674 586 718 tenebrarum
601 710 611 730 ,
639 675 685 718 in
707 690 793 735 qua
811 685 854 720 et
875 690 1054 734 corpora
1079 685 1121 719 et
1137 674 1297 719 formas
1318 684 1360 719 et
1382 675 1478 719 ani-

94 761 186 790 mas
221 746 268 789 in
298 745 380 789 illis
413 747 668 805 corporibus
703 745 833 791 fuisse
865 745 1157 801 arbitrantur,
1193 745 1292 790 ideo
1321 754 1479 804 putant

94 817 215 877 quod
237 817 429 860 tenebrae
451 816 617 876 aliquid
639 818 723 861 sint
747 836 755 862 :
782 826 824 861 et
841 832 929 861 non
947 816 1199 876 intelligunt
1220 832 1309 860 non
1332 815 1485 859 sentiri

93 888 319 942 tenebras,
345 888 426 932 nisi
456 887 633 947 quando
662 903 752 931 non
776 888 969 932 videmus
986 919 998 936 ,
1040 887 1151 925 sicut
1177 902 1268 929 non
1295 886 1481 930 sentitur

93 956 313 1001 silentium
332 990 343 1009 ,
371 958 451 998 nisi
472 954 648 1014 quando
671 969 758 997 non
783 952 999 997 audimus.
1034 952 1154 997 Sicut
1175 961 1322 996 autem
1349 953 1480 998 silen-

94 1027 204 1070 tium
225 1024 334 1068 nihil
357 1034 443 1079 est,
469 1024 527 1068 sic
551 1033 594 1067 et
616 1024 806 1067 tenebrae
829 1023 1075 1070 nihilsunt.
1104 1023 1225 1068 Sicut
1247 1032 1390 1067 autem
1413 1024 1482 1068 isti

96 1096 247 1140 dicunt
271 1105 442 1152 gentem
466 1095 743 1139 tenebrarum
776 1104 924 1138 contra
953 1094 1096 1138 lucem
1126 1094 1204 1137 Dei
1236 1109 1477 1152 pugnasse,

96 1168 155 1211 sic
177 1175 320 1226 potest
341 1174 383 1209 et
409 1164 515 1208 alius
535 1164 730 1209 similiter
751 1180 887 1208 vanus
910 1165 1078 1216 dicere,
1105 1174 1277 1222 gentem
1295 1164 1483 1209 silentio-

96 1253 194 1282 rum
212 1246 361 1281 contra
379 1251 531 1280 vocem
554 1236 629 1279 Dei
653 1251 878 1294 pugnasse.
908 1237 991 1280 Sed
1013 1236 1106 1280 illas
1122 1237 1332 1280 vanitates
1349 1237 1482 1281 modo

97 1324 186 1353 non
203 1307 466 1367 suscepimus
488 1306 684 1350 refellere
703 1316 832 1366 atque
853 1307 1126 1351 convincere.
1153 1309 1278 1351 Nunc
1301 1307 1414 1350 enim
1434 1323 1482 1351 ea

97 1395 195 1440 quae
220 1377 545 1438 reprehendunt
566 1378 612 1421 in
639 1377 785 1420 Veteri
809 1381 1084 1421 Testamento
1103 1413 1113 1431 ,
1147 1377 1375 1421 statuimus
1403 1377 1482 1421 de-

98 1449 276 1494 fendere
297 1458 512 1509 quantum
530 1449 641 1492 vires
660 1448 869 1492 Dominus
891 1458 1095 1508 praestare
1118 1448 1324 1507 dignatur
1341 1483 1351 1503 ,
1378 1449 1483 1499 etin

98 1521 156 1565 eis
179 1521 405 1564 ostendere
429 1529 579 1564 contra
603 1519 829 1563 veritatem
854 1520 930 1563 Dei
957 1519 1067 1563 nihil
1089 1519 1230 1564 valere
1252 1513 1483 1564 hominum

97 1591 352 1636 caecitatem.

156 1663 277 1705 VIII.
305 1659 434 1713 Quod
459 1669 603 1704 autem
627 1659 836 1718 scriptum
862 1668 926 1703 est
952 1680 960 1703 :
989 1678 1006 1699 «
1031 1663 1087 1704 Et
1112 1661 1286 1719 spiritus
1307 1660 1385 1703 Dei
1408 1675 1483 1703 su-

100 1751 120 1774 »
147 1730 446 1790 perferebatur
482 1745 612 1788 super
645 1745 827 1789 aquam,
856 1748 876 1770 »
911 1730 970 1773 sic
1002 1730 1140 1775 solent
1163 1731 1393 1775 Manichaei
1417 1746 1485 1774 re-

97 1799 366 1861 prehendere
391 1835 401 1854 ,
439 1809 489 1844 ut
523 1799 670 1843 dicant
705 1819 714 1844 z
752 1803 877 1859 Aqua
915 1815 1018 1858 ergo
1058 1810 1150 1844 erat
1183 1800 1484 1845 habitaculum

101 1872 282 1931 Spiritus
307 1871 407 1926 Dei,
434 1880 477 1915 et
497 1871 588 1930 ipsa
608 1871 861 1915 continebat
884 1872 1089 1931 Spiritum
1109 1872 1216 1916 Dei?
1240 1875 1397 1916 Totum
1417 1888 1488 1917 co-

94 1952 256 1986 nantur
275 1957 470 2000 perversa
490 1950 634 1985 mente
657 1951 901 2001 pervertere
917 1977 927 1996 ,
956 1951 998 1985 et
1020 1951 1292 1986 excaecantur
1318 1941 1484 1986 malitia

99 2028 189 2056 sua.
219 2014 331 2056 Cum
354 2011 471 2054 enim
494 2012 678 2055 dicimus
700 2030 710 2056 ι
733 2011 805 2056 Sol
832 2010 1101 2071 superfertur
1133 2027 1262 2071 super
1295 2021 1454 2055 terram
1472 2045 1484 2064 ,

42 2106 54 2114 ·
98 2082 316 2142 numquid
346 2083 430 2126 hoc
462 2081 648 2140 intelligi
679 2081 907 2136 volumus,
944 2082 1062 2142 quod
1092 2082 1138 2125 in
1173 2091 1284 2126 terra
1318 2081 1487 2125 habitet

99 2152 188 2208 sol,
214 2162 256 2197 et
284 2162 397 2197 terra
426 2151 561 2196 solem
587 2152 839 2196 contineat?
863 2155 918 2196 Et
939 2162 1084 2197 tamen
1107 2169 1195 2197 non
1219 2154 1279 2197 sic
1305 2152 1486 2211 Spiritus

100 2225 178 2269 Dei
200 2224 552 2284 superferebatur
569 2239 698 2283 super
716 2240 872 2284 aquam
888 2260 898 2279 ,
922 2226 1033 2269 sicut
1050 2224 1321 2285 superfertur
1334 2223 1397 2268 sol
1419 2237 1489 2266 su-

99 2310 176 2355 per
198 2304 356 2339 terram
381 2317 393 2353 3
428 2294 505 2339 sed
524 2294 607 2339 alio
631 2294 762 2339 modo
785 2310 913 2355 quem
937 2296 1066 2354 pauci
1094 2295 1357 2352 intelligunt.
1388 2295 1486 2336 Non

101 2365 217 2409 enim
238 2380 316 2424 per
343 2365 478 2424 spatia
506 2364 700 2409 locorum
734 2365 1087 2425 superferebatur
1109 2382 1231 2425 aquae
1253 2361 1326 2405 ille
1352 2362 1488 2421 Spiri-

103 2444 171 2480 tus
189 2471 199 2490 ‚
225 2436 336 2480 sicut
360 2435 424 2480 sol
446 2445 574 2480 terrae
599 2435 869 2495 superfertur
885 2471 895 2490 ,
922 2437 997 2480 sed
1021 2453 1097 2495 per
1117 2433 1355 2493 potentiam
1378 2431 1492 2477 invi·

103 2505 238 2551 sibilis
258 2505 534 2550 sublimitatis
551 2522 656 2551 suae.
681 2507 835 2550 Dicant
853 2517 997 2550 autem
1013 2504 1139 2548 nobis
1156 2505 1247 2558 isti,
1266 2502 1489 2563 quomodo

104 2576 153 2618 iis
182 2577 338 2631 rebus,
375 2592 473 2635 quae
508 2575 774 2619 fabricandae
809 2586 932 2618 suut.
969 2574 1262 2633 superferatur
1290 2573 1490 2616 voluntas
