1729 3143
228 214 311 253 336
663 219 697 248 s.
733 218 963 247 Auens-nm
984 217 1166 246 EPISCOPI

282 289 488 334 XXXVI.
524 287 722 328 Imovero
750 284 956 343 quoniam
984 283 1031 325 in
1058 283 1239 326 veritate
1261 282 1532 340 cognoscitur
1561 288 1605 325 et

225 367 396 403 tenetur
431 369 647 398 summum
683 354 848 397 bonum
867 388 878 407 ,
915 367 1051 412 eaque
1093 352 1246 395 veritas
1272 351 1480 410 sapientia
1511 359 1600 405 est,

223 440 448 472 cernamus
472 425 517 467 in
543 438 592 467 ea
610 459 621 479 ,
652 432 962 482 teneamusque
993 436 1210 466 summum
1236 422 1401 465 bonum
1421 455 1432 475 ,
1464 435 1605 480 eoque

222 496 511 555 perfruamur.
544 497 700 538 Beatus
722 502 787 537 est
806 493 968 553 quippe
991 493 1068 552 qui
1089 491 1250 536 fruitur
1275 505 1446 535 summo
1466 491 1599 535 bono.

222 569 326 610 Haec
347 565 462 608 enim
482 564 638 609 veritas
656 563 846 609 ostendit
868 563 1013 607 omnia
1036 563 1152 606 bona
1169 597 1180 615 ,
1215 577 1313 621 quae
1342 576 1444 605 vera
1472 569 1573 604 sunt
1590 593 1602 614 ,

221 652 320 696 quae
342 636 420 680 sibi
442 651 522 695 pro
544 651 622 680 suo
644 644 774 694 captu
794 633 1084 691 intelligentes
1100 633 1311 686 homines,
1332 631 1402 675 vel
1417 631 1601 690 singula,

221 706 291 750 vel
312 705 438 766 plura
458 706 626 764 eligunt
643 741 653 760 ,
689 705 849 764 quibus
871 704 1089 747 fruantur.
1126 702 1210 747 Sed
1231 700 1607 762 quemadmodum

220 776 283 820 illi
305 779 380 837 qui
400 777 447 821 in
460 777 558 822 luce
580 777 679 821 solis
699 776 867 834 eligunt
891 773 1011 834 quod
1028 773 1215 817 libenter
1233 774 1462 831 aspiciant,
1488 781 1532 816 et
1554 786 1605 815 eo

221 858 397 907 aspectu
414 847 708 901 laetificantur,
733 847 779 889 in
801 845 960 905 quibus
994 845 1028 888 si
1051 845 1127 903 qui
1149 843 1260 888 forte
1287 843 1450 887 fuerint
1471 859 1602 902 vege-

219 918 399 962 tioribus
416 920 616 975 sanisque
639 927 681 960 et
702 915 941 960 fortissimis
960 914 1095 958 oculis
1117 913 1287 972 praediti
1304 948 1315 966 ,
1340 913 1450 956 nihil
1465 913 1604 957 liben-

220 988 303 1031 tius
339 1001 471 1045 quam
505 986 648 1043 ipsum
681 981 816 1025 solem
852 991 1116 1026 contuentur
1132 1016 1142 1035 ,
1177 983 1254 1040 qui
1286 982 1415 1024 etiam
1450 991 1603 1026 caetera

218 1057 378 1116 quibus
397 1054 655 1099 infirmiores
677 1051 794 1096 oculi
816 1050 1111 1105 delectantur,
1143 1050 1332 1095 illustrat
1353 1070 1361 1095 :
1390 1052 1449 1095 sic
1479 1051 1602 1095 fortis

218 1128 329 1171 acies
350 1126 505 1169 mentis
527 1134 570 1168 et
585 1132 755 1182 vegeta,
778 1137 874 1167 cum
896 1121 1034 1166 multa
1056 1137 1157 1166 vera
1175 1121 1602 1166 etincommutahilia

218 1206 333 1241 certa
355 1197 520 1240 ratione
544 1193 836 1253 conspexerit,
871 1193 1017 1250 dirigit
1039 1207 1082 1236 se
1108 1193 1154 1235 in
1182 1193 1318 1250 ipsam
1347 1194 1571 1236 veritatem
1587 1226 1598 1244 ‚

217 1281 305 1325 qua
327 1274 486 1310 cuncta
508 1273 802 1308 monstrantur
819 1298 829 1313 ,
855 1263 982 1320 eique
1015 1262 1228 1304 inhaerens
1254 1270 1461 1320 tanquam
1490 1261 1601 1305 obli-

216 1337 393 1380 viscitur
415 1344 595 1388 caetera,
625 1343 667 1378 et
689 1333 733 1376 in
755 1332 828 1375 illa
856 1331 984 1374 simul
1019 1331 1221 1374 omnibus
1255 1330 1431 1374 fruitur.
1461 1331 1600 1384 Quid-

216 1404 323 1465 quid
344 1407 457 1449 enim
479 1403 726 1463 jucundum
750 1409 812 1444 est
833 1401 878 1444 in
900 1400 1064 1444 caeteris
1081 1401 1213 1455 veris,
1240 1400 1330 1459 ipsa
1352 1401 1505 1460 utique
1522 1415 1600 1445 ve-

217 1477 342 1519 ritate
359 1472 609 1533 jucundum
628 1481 705 1515 est.

273 1545 485 1587 XXXVII
495 1577 502 1586 .
539 1545 643 1585 Ilaec
666 1549 729 1584 est
749 1540 923 1584 libertas
951 1550 1095 1584 nostra
1112 1577 1121 1595 ,
1152 1556 1253 1584 cum
1282 1541 1351 1584 isti
1372 1539 1599 1584 subdimur

215 1613 385 1657 veritati
406 1631 414 1656 :
440 1621 482 1655 et
504 1612 593 1669 ipse
615 1619 678 1654 est
700 1613 812 1653 Deus
831 1619 998 1664 noster,
1025 1611 1101 1670 qui
1122 1610 1371 1654 nosliberat
1388 1627 1411 1654 a
1429 1619 1568 1654 morte
1585 1644 1595 1664 ,

215 1683 259 1726 id
277 1692 361 1736 est,
384 1699 406 1725 a
421 1681 670 1726 conditione
686 1683 864 1739 peccati.
893 1684 988 1739 Ipsa
1004 1682 1120 1724 enim
1132 1681 1298 1725 Veritas
1320 1681 1448 1725 etiam
1468 1681 1599 1725 homo

214 1767 314 1796 cum
337 1750 584 1794 hominibus
604 1748 786 1808 loquens
804 1783 814 1802 .,
841 1750 900 1793 ait
922 1750 1201 1793 credentibus
1219 1751 1299 1793 sibi
1321 1770 1330 1794 ;
1361 1770 1381 1792 «
1409 1751 1451 1794 Si
1472 1765 1598 1794 man-

219 1841 237 1862 »
270 1822 406 1866 seritis
427 1821 473 1863 in
495 1820 629 1865 verbo
653 1835 774 1873 meo,
803 1835 902 1863 vere
931 1820 1132 1876 discipuli
1160 1820 1243 1863 mei
1272 1821 1367 1863 estis
1386 1854 1396 1873 ,
1423 1831 1466 1866 et
1493 1835 1599 1878 cog-

218 1912 236 1933 »
265 1892 447 1936 noscetis
479 1892 701 1934 veritatem
729 1924 739 1944 ,
771 1899 813 1933 et
850 1889 1004 1933 veritas
1040 1889 1243 1932 liberabit
1271 1892 1388 1932 νοεῖ.
1410 1908 1428 1930 »
1468 1889 1598 1934 Nulla

216 1962 331 2005 enim
355 1977 399 2004 re
419 1960 580 2004 fruitur
598 1960 739 2003 anima
757 1974 856 2003 cum
875 1958 1091 2011 libertate,
1113 1959 1191 2001 nisi
1215 1974 1301 2017 qua
1319 1958 1480 2001 fruitur
1497 1973 1599 2002 cum

216 2032 459 2076 securitate.
486 2031 621 2074 Nemo
645 2039 789 2073 aute-m
810 2044 984 2072 securus
1002 2038 1065 2071 est
1086 2028 1131 2071 in
1159 2028 1208 2071 iis
1232 2028 1356 2072 bonis
1386 2044 1486 2088 quae
1516 2044 1597 2087 po-

218 2112 300 2146 test
320 2103 481 2145 invitus
504 2103 715 2144 amittere.
742 2100 977 2143 Veritatem
1006 2109 1151 2143 autem
1180 2108 1309 2158 atque
1343 2100 1598 2158 sapientiam

218 2187 345 2216 nemo
368 2172 525 2215 amittit
542 2171 704 2213 invitus
724 2186 732 2209 z
759 2185 846 2213 non
865 2170 980 2213 enim
999 2169 1104 2213 locis
1120 2171 1305 2227 separari
1329 2169 1384 2212 ab
1406 2184 1455 2212 ea
1477 2170 1597 2228 quis-

218 2259 345 2300 quam
370 2251 537 2301 potest3
563 2240 638 2284 sed
660 2255 707 2284 ea
733 2256 831 2299 quae
854 2239 1010 2283 <licitur
1033 2255 1054 2281 a
1076 2240 1255 2282 veritate
1276 2248 1406 2298 atque
1423 2241 1597 2298 sapien-

223 2314 274 2354 tia
299 2313 537 2370 separatio,
574 2325 771 2370 perversa
804 2309 1002 2353 voluntas
1037 2318 1124 2362 est,
1151 2324 1235 2367 qua
1270 2307 1471 2352 inferiora
1495 2308 1596 2351 dili-

223 2392 396 2437 guntur.
419 2385 556 2427 Nemo
577 2391 719 2424 autem
742 2380 835 2423 vult
858 2379 1021 2438 aliquid
1044 2379 1208 2422 nolens.
1233 2379 1448 2422 Habemus
1466 2378 1596 2435 igitur

221 2466 307 2508 qua
330 2452 523 2495 fruamur
546 2466 694 2495 omnes
719 2449 941 2509 aequaliter
962 2458 1090 2508 atque
1121 2449 1408 2493 communiter
1429 2467 1437 2490 :
1463 2445 1594 2490 nullse

276 2538 281 2553 ¹
301 2535 388 2565 ἅψαι).
409 2546 478 2575 vin,
500 2535 550 2565 31.
