1729 3143
462 196 516 223 DE
547 193 775 223 UTILITATE
806 194 987 222 summu.
1335 183 1414 221 191

31 259 220 314 Christi,
256 273 349 302 non
370 274 487 303 amas
514 260 744 304 unitatem.
783 262 881 304 Non
916 259 1002 302 hoc
1040 269 1344 316 expavesceres
1374 256 1423 300 in

31 328 239 374 membris
279 329 395 374 tuis?
418 330 462 374 Si
498 329 731 374 distortum
769 328 954 385 digitum
989 327 1169 371 haberes
1184 361 1196 381 ‚
1240 340 1330 370 non
1366 324 1424 369 ad

30 408 320 444 correctorem
350 399 477 458 digiti
503 400 569 443 tui
599 400 816 443 medicum
838 400 1067 443 curreres?
1099 400 1228 442 Certe
1249 405 1356 440 tunc
1378 409 1424 440 se

29 468 166 514 habet
185 470 298 514 bene
317 484 473 527 corpus
494 478 622 513 tuum
637 504 649 524 ‚
674 467 852 528 quando
885 468 967 511 sibi
989 466 1261 512 concordant
1281 481 1424 510 mem-

29 537 108 583 bra
141 549 247 584 tua:
272 548 379 584 tunc
410 538 565 583 diceris
596 554 724 583 sanus
741 574 751 593 ‚
777 548 883 583 tunc
906 539 1019 582 bene
1040 537 1173 582 vales.
1203 538 1246 582 Si
1279 545 1426 581 autem

29 607 196 668 aliquid
215 610 261 653 in
279 618 357 653 tuo
375 625 556 669 corpore
578 609 801 654 dissentiat
817 609 873 653 ab
896 608 989 654 aliis
1010 608 1208 669 partibus
1224 643 1236 663 ‚
1262 607 1423 668 quaeris

0 706 1 711 =
27 678 106 737 qui
126 678 344 724 emendet.
370 682 461 725 Cur
483 695 586 739 ergo
610 696 700 726 non
718 681 876 741 quaeris
899 680 1154 735 emendari,
1178 688 1229 723 ut
1247 693 1424 737 compa·-

29 748 119 807 gini
153 750 454 795 membrorum
483 752 644 797 Christi
673 753 882 797 revoceris
900 787 911 808 ‚
949 760 994 796 et
1019 765 1232 808 congruas
1265 750 1311 793 in
1332 750 1427 808 ipso

28 834 209 879 corpore
230 830 274 865 et
294 824 401 866 tuo?
423 824 551 867 Certe
570 822 743 868 viliores
769 833 873 867 sunt
907 822 1074 867 caeteris
1111 820 1320 865 membris
1351 833 1428 862 ca-

27 888 120 946 pilli
152 890 233 932 tui.
273 891 392 943 Quid
427 892 554 937 vilius
588 893 636 937 in
667 908 849 952 corpore
879 902 955 937 tuo
986 891 1152 951 capillis
1184 889 1299 934 tuis?
1321 886 1429 948 quid

26 960 317 1013 contemptius
335 963 355 1001 Ρ
381 962 491 1013 quid
517 964 760 1011 abjectius?
782 966 839 1006 Et
868 973 1019 1007 tamen
1051 964 1087 1006 si
1120 960 1235 1005 male
1262 968 1307 1002 te
1329 968 1430 1001 ton-

27 1026 153 1080 deat,
177 1025 369 1069 irasceris
399 1024 594 1078 tonsori,
633 1022 736 1083 quia
771 1022 818 1065 in
851 1021 1018 1080 capillis
1049 1021 1135 1065 tuis
1158 1036 1250 1065 non
1285 1032 1430 1067 servat

27 1095 323 1155 aequalitatem
350 1114 360 1138 ε
385 1104 428 1138 et
451 1104 500 1138 tu
520 1094 568 1137 in
588 1093 794 1137 membris
823 1091 986 1136 Christi
1018 1106 1108 1135 non
1132 1100 1253 1135 tenes
1277 1092 1429 1136 unita-

26 1167 143 1210 tem?
164 1166 278 1219 Quid
295 1173 398 1209 sunt
414 1179 517 1223 ergo
533 1198 545 1219 ⁷
571 1172 647 1206 aut
664 1163 737 1206 cui
756 1161 818 1205 rei
835 1169 1018 1220 prosunt
1035 1161 1200 1220 jejunia
1223 1163 1332 1205 tua?
1350 1165 1427 1207 In-

27 1236 208 1294 dignum
229 1239 366 1279 Deum
385 1244 510 1294 putas
526 1269 538 1290 ,
563 1233 634 1278 cui
650 1233 706 1277 ab
723 1233 927 1277 omnibus
944 1231 1021 1291 qui
1039 1232 1085 1274 in
1099 1247 1200 1275 eum
1218 1231 1424 1287 credunt,

28 1306 75 1350 in
100 1306 270 1349 unitate
303 1305 514 1349 serviatur
547 1323 559 1349 z
593 1313 636 1348 et
667 1312 814 1347 tamen
847 1302 910 1347 vis
942 1302 988 1345 in
1017 1302 1225 1345 membris
1247 1301 1356 1356 tuis,
1380 1302 1425 1346 in

30 1391 214 1435 corpore
231 1385 308 1421 tuo
327 1411 338 1431 ,
363 1376 410 1419 in
431 1374 597 1434 capillis
620 1375 704 1418 tuis
728 1375 940 1417 unitatem
962 1373 1136 1416 servari.
1162 1376 1428 1431 Loquuntur

29 1446 195 1492 viscera
225 1456 330 1502 tua,
364 1446 563 1489 membra
598 1454 674 1488 tua
703 1452 853 1488 contra
881 1451 924 1486 te
953 1442 1107 1486 dicunt
1126 1457 1280 1486 verum
1306 1443 1426 1488 testi-

31 1517 253 1570 monium,
274 1525 317 1560 et
339 1525 387 1559 tu
409 1515 569 1559 falsum
592 1523 743 1558 contra
762 1514 956 1557 membra
975 1512 1152 1557 Christi.

90 1589 170 1630 IX.
197 1587 441 1631 Discrevisti
463 1595 505 1629 te
523 1586 691 1646 jejunio
716 1585 1023 1644 Paganorum?
1046 1586 1140 1627 Hoc
1163 1593 1328 1641 aputas
1344 1617 1355 1638 ‚
1382 1592 1426 1628 et

28 1655 129 1700 ideo
150 1672 326 1701 securus
347 1657 427 1700 tibi
448 1656 622 1699 videris,
656 1658 751 1712 Ego
784 1655 900 1697 enim
917 1688 928 1708 ‚
965 1653 1108 1712 inquis
1124 1687 1134 1707 ‚
1168 1653 1341 1697 Christo
1359 1654 1427 1712 Je-

24 1728 134 1787 juno
146 1761 162 1782 ,
181 1727 245 1770 illi
264 1736 410 1771 autem
427 1726 554 1770 idolis
570 1735 614 1769 et
631 1726 859 1769 demoniis.
881 1724 1061 1783 Accipio
1079 1723 1201 1783 quod
1219 1724 1326 1768 dicis
1345 1758 1356 1778 ‚
1383 1733 1426 1768 et

27 1811 175 1841 revera
197 1813 286 1842 non
308 1813 447 1856 nego,
486 1797 722 1841 discretum
757 1806 836 1841 est.
878 1797 965 1841 Sed
998 1811 1098 1840 ecce
1131 1795 1425 1856 quemadmo-

27 1867 136 1911 dum
166 1877 318 1912 contra
347 1877 391 1911 te
420 1867 552 1926 paulo
575 1877 675 1911 ante
698 1882 769 1910 me
793 1876 1165 1911 commemorante
1182 1901 1193 1921 ‚
1218 1866 1425 1910 dicebant

25 1938 324 1982 testimonium
348 1939 544 1982 membra
569 1947 641 1982 tua
661 1973 672 1992 ‚
707 1947 757 1981 ut
780 1939 1062 1982 admonerem
1090 1947 1133 1981 te
1165 1937 1305 1996 qualis
1333 1951 1424 1980 esse

26 2005 186 2050 debeas
219 2022 319 2050 cum
343 2008 548 2051 membris
569 2007 731 2051 Christi
757 2009 831 2050 Dei
853 2009 915 2052 tui
936 2028 948 2064 ς
989 2016 1032 2050 et
1065 2007 1145 2065 ipsi
1178 2007 1340 2064 Pagani
1360 2040 1371 2061 ,
1398 2021 1423 2050 a

28 2077 191 2136 quibus
213 2091 382 2134 separas
402 2077 615 2134 jejunium
642 2085 766 2120 tuum
788 2111 799 2130 ,
832 2075 1096 2120 admoneant
1114 2084 1156 2118 te
1179 2075 1346 2135 aliquid
1366 2076 1422 2119 de

27 2146 196 2190 unitate
228 2145 390 2190 Christi
425 2145 505 2187 tui.
541 2148 654 2188 Ecce
681 2145 744 2188 illi
772 2145 934 2190 multos
956 2146 1060 2190 deos
1083 2144 1212 2190 falsos
1235 2162 1325 2190 non
1353 2145 1421 2189 di-

30 2216 110 2261 visi
131 2216 284 2260 colunt
308 2234 317 2259 :
343 2215 561 2275 numquid
582 2230 661 2259 nos
687 2231 826 2259 unum
849 2231 999 2260 verum
1023 2217 1122 2261 ideo
1144 2217 1388 2261 invenimus
1406 2251 1417 2271 ,

33 2295 83 2330 ut
104 2286 185 2330 sub
217 2302 306 2330 uno
333 2287 380 2330 in
411 2287 577 2331 unitate
598 2303 688 2331 non
710 2287 875 2331 simus?
896 2287 1058 2332 Multos
1088 2288 1150 2332 illi
1183 2298 1227 2332 et
1257 2288 1386 2332 falsos
1405 2322 1418 2340 ,

30 2371 110 2400 nos
130 2371 270 2400 unum
293 2366 336 2400 et
356 2372 507 2401 verum
533 2376 541 2402 :
566 2367 609 2401 et
636 2356 700 2401 illi
728 2358 810 2401 sub
835 2358 982 2402 multis
1006 2358 1121 2402 falsis
1144 2375 1232 2402 non
1256 2359 1420 2402 habent

33 2425 286 2471 divisionem
305 2462 316 2483 ,
356 2444 434 2472 nos
465 2429 546 2473 sub
579 2445 668 2474 uno
700 2444 802 2474 vero
831 2445 922 2474 non
957 2439 1154 2475 tenemus
1185 2430 1413 2474 unitatem.

34 2496 133 2543 Non
147 2496 268 2543 doles
288 2532 300 2554 ,
325 2513 414 2544 non
434 2500 565 2557 gemis
581 2533 593 2555 ,
617 2515 708 2545 non
729 2500 977 2546 erubescis?
998 2499 1132 2546 Aliud
1152 2500 1267 2548 addo
1291 2518 1301 2547 ε
1319 2502 1417 2547 Non
