1729 3143
235 177 319 217 202
667 183 698 210 s.
734 181 966 212 AUGus'rmr
997 184 1179 212 Errscorr

233 250 344 296 didit
364 270 372 295 :
401 249 633 295 Sodomam
656 247 830 306 penitus
849 247 956 313 {gne
978 250 1270 309 consumpsit,
1300 266 1434 311 quam
1467 253 1522 296 ad
1545 254 1621 313 ju-

234 322 398 366 dicium
415 333 505 363 non
521 317 717 373 distulit,
741 317 817 363 sed
837 318 883 363 in
897 333 994 363 eam
1009 319 1224 375 exercuit,
1249 319 1372 379 quod
1390 321 1482 366 aliis
1498 323 1623 368 malis

236 391 291 435 ad
306 389 526 450 judicium
547 390 796 434 reservavit.
822 392 1000 434 Prorsus
1017 389 1164 434 nullus
1180 389 1235 434 de
1256 390 1454 436 Sodomis
1471 394 1620 449 evasit,

232 459 342 504 nihil
365 458 553 502 hominis
567 457 769 503 relictum
785 467 865 514 est,
890 458 1001 503 nihil
1020 460 1210 518 pecoris,
1234 460 1346 504 nihil
1363 460 1595 507 domorum
1613 483 1622 508 :

231 536 391 573 cuncta
413 528 595 573 omnino
617 528 728 587 ignis
747 528 990 574 absorbuit.
1015 531 1130 574 Ecce
1146 530 1371 590 quomodo
1387 533 1504 576 Deus
1525 547 1628 591 per-

230 596 349 643 didit
371 597 608 643 civitatem.
635 598 705 644 Ab
727 598 839 643 urbe
867 607 1013 644 autem
1037 601 1178 644 Roma
1202 613 1336 659 quam
1361 598 1492 644 multi
1513 601 1630 644 exie-

231 680 336 716 runt
367 681 411 717 et
444 671 629 716 redituri
657 671 784 717 sunt!
810 686 942 732 quam
969 670 1099 716 multi
1121 679 1376 715 manserunt
1401 680 1446 716 et
1477 685 1625 716 evase-

225 742 360 787 runt!
387 758 521 803 quam
542 741 671 787 multi
692 742 740 786 in
767 741 873 787 locis
901 742 1058 786 sanctis
1088 756 1170 786 nec
1201 741 1321 798 tangi
1352 743 1620 800 potuerunt!

227 812 314 857 Sed
337 813 496 872 captivi
514 847 525 868 ,
558 813 766 873 inquiunt
785 846 797 868 ,
821 810 949 857 multi
971 811 1093 857 ducti
1115 820 1233 857 suut.
1263 813 1358 856 Hoc
1378 820 1421 855 et
1445 811 1621 866 Daniel,

221 897 315 927 non
341 882 400 927 ad
430 883 694 942 supplicium
726 898 880 938 suum,
919 882 996 927 sed
1030 884 1088 927 ad
1117 881 1322 926 solatium
1346 889 1621 925 caeterorum.

223 950 311 992 sed
332 951 485 996 multi,
510 952 745 998 inquiunt,
777 951 908 984 occisi
935 958 1053 984 sum.
1091 952 1188 985 noc
1220 952 1264 985 et
1295 950 1361 986 tot
1376 949 1483 1003 justi
1517 951 1626 992 Pro-

222 1016 366 1073 phetae
388 1026 413 1055 a
433 1009 647 1070 sanguine
669 1008 782 1054 Abel
809 1024 949 1070 usque
971 1010 1028 1054 ad
1056 1012 1315 1070 sanguinem
1344 1014 1563 1058 Zachariae
1578 1018 1592 1042 ¹
1611 1035 1620 1062 :

222 1086 308 1130 hoc
328 1083 460 1127 etiam
486 1089 553 1126 tot
586 1079 806 1140 Apostoli,
843 1081 927 1126 hoc
956 1081 1047 1142 ipse
1069 1083 1284 1128 Dominus
1305 1085 1625 1144 Prophetarum

224 1163 267 1199 et
289 1151 619 1213 Apostolorum.
654 1150 741 1196 Sed
769 1150 926 1207 multi,
963 1151 1173 1212 inquiunt
1187 1187 1199 1208 ,
1240 1154 1467 1198 tormentis
1499 1156 1624 1200 variis

223 1223 458 1270 excruciati
480 1231 597 1266 sunt.
632 1224 923 1267 Putamus-ne
945 1223 1180 1283 quisquam
1208 1232 1384 1269 tantum
1406 1234 1624 1285 quantum

228 1297 254 1340 J
257 1295 314 1340 ob
330 1296 349 1339 Ρ

284 1364 366 1407 ΙΙΙ.
404 1362 633 1407 Horrenda
656 1362 784 1407 nobis
808 1363 1009 1408 nuntiata
1045 1372 1163 1419 sunt,
1198 1372 1360 1422 strages
1390 1364 1559 1421 tacta,
1548 1382 1620 1410 in-

222 1433 392 1488 cendia,
421 1432 601 1491 rapinae,
632 1433 974 1505 interfectiones,
999 1433 1342 1478 excruciationes
1366 1435 1614 1480 hominum.

221 1508 387 1550 Verum
409 1512 488 1559 est,
508 1503 647 1548 multa
669 1487 931 1560 audivimus,
951 1505 1096 1551 omnia
1116 1505 1377 1562 gemuimus,
1402 1521 1516 1566 saepe
1536 1507 1619 1550 fle-

220 1589 378 1628 vimus,
403 1574 473 1618 vix
490 1574 701 1619 consolati
717 1589 898 1629 sumus,
932 1590 1023 1620 non
1045 1576 1208 1630 abnuo,
1233 1591 1325 1620 non
1345 1590 1458 1634 nego
1480 1577 1619 1621 multa

221 1659 300 1690 nos
318 1644 503 1698 audisse,
514 1643 788 1688 multainilla
805 1643 915 1686 urbe
927 1657 1015 1687 esse
1028 1644 1272 1688 commissa.
1289 1646 1616 1703 Verumtamen,

222 1714 374 1759 fratres
396 1713 496 1768 mei,
519 1712 737 1770 (intendat
749 1712 947 1757 Charitas
969 1715 1124 1757 Vestra
1141 1713 1263 1772 quod
1286 1713 1424 1772 dico,)
1445 1715 1620 1761 audivi-

221 1799 318 1829 mus
330 1783 494 1828 librum
511 1785 648 1828 sancti
662 1785 686 1826 J
689 1783 746 1827 ob
757 1785 789 1837 ¹,
807 1783 925 1843 quod
944 1782 1124 1842 perditis
1141 1782 1287 1838 rebus,
1305 1783 1486 1841 perditis
1499 1784 1614 1842 filiis,

221 1870 303 1899 nec
325 1855 465 1913 ipsam
485 1868 662 1898 carnem
680 1868 778 1913 quae
795 1851 856 1896 illi
875 1852 964 1897 sola
984 1862 1267 1908 remanserat,
1293 1852 1456 1897 salvam
1473 1855 1619 1913 potuit

222 1925 435 1979 obtinere,
467 1923 544 1968 sed
575 1938 802 1983 percussus
831 1923 950 1982 gravi
983 1921 1164 1967 vulnere
1186 1938 1210 1967 a
1232 1923 1373 1982 capite
1401 1938 1541 1984 usque
1563 1924 1619 1969 ad

222 1996 353 2056 pedes
374 1995 554 2040 sedebat
575 1995 622 2039 in
642 2004 845 2050 stercore,
866 2002 1118 2053 putrescens
1136 1994 1299 2050 ulcere,
1320 1995 1438 2039 sanie
1455 1996 1613 2051 fluens,

221 2067 442 2113 vermibus
463 2075 648 2121 scatens,
674 2065 901 2111 tormentis
925 2065 1210 2110 acerbissimis
1227 2064 1432 2110 dolorum
1453 2067 1618 2112 crucia-

223 2147 307 2182 tus.
325 2138 368 2183 Si
382 2136 509 2182 nobis
522 2136 581 2181 sic
593 2136 869 2180 nuntiaretur
883 2136 1085 2180 universa
1098 2135 1247 2180 civitas
1263 2135 1429 2185 sedere,
1445 2135 1613 2191 sedere,

225 2208 419 2269 inquam,
439 2207 588 2252 civitas
604 2207 819 2261 universa,
839 2205 963 2250 nullo
978 2205 1038 2250 ibi
1055 2220 1159 2250 sano
1178 2205 1225 2249 in
1245 2205 1497 2264 gravissimo
1513 2203 1615 2250 vul-

227 2291 342 2333 nere,
367 2287 411 2322 et
431 2277 491 2322 sic
513 2286 759 2336 putrescere
779 2276 1002 2320 vermibus
1034 2276 1171 2331 vivos,
1204 2273 1429 2335 quomodo
1451 2275 1615 2319 mortui

230 2355 516 2404 putruerunt:
542 2347 663 2408 quod
684 2356 775 2392 erat
797 2347 984 2406 gravius,
1009 2347 1184 2402 hoc-ne,
1210 2362 1265 2390 an
1282 2345 1395 2391 illud
1417 2345 1617 2390 bellum?

232 2418 345 2460 Puto
375 2418 495 2478 quod
522 2419 670 2464 mitius
692 2419 739 2463 in
758 2433 932 2463 carnem
963 2419 1201 2464 humanam
1229 2416 1396 2463 ferrum
1427 2417 1611 2471 saeviret,

279 2506 290 2523 ¹
310 2501 429 2535 Matth.
445 2513 534 2544 xxm,
553 2502 606 2535 35.
627 2518 668 2527 -·
683 2509 696 2526 ²
711 2502 786 2544 Job,
801 2512 836 2544 n,
857 2512 887 2544 7.

1077 2975 1729 3143 ᾼᾼ
