1729 3143
504 230 556 256 DE
587 230 796 266 sYMBOLo,
831 230 968 257 sERMo
1002 231 1031 256 1.
1405 224 1456 261 3:2¹

88 286 269 326 Prorsus
286 280 418 341 dupla
436 291 553 336 sunt,
569 282 670 341 quia
683 290 725 325 et
738 281 802 325 illi
813 283 1031 328 vivebant.
1043 284 1105 329 Ne
1116 284 1212 343 quis
1233 284 1369 331 dicat:
1387 292 1419 331 F
1425 304 1469 332 c-

82 367 174 396 ram
182 351 311 408 mala,
324 361 367 396 et
374 350 527 396 reddet
534 351 640 395 mihi
653 354 766 395 Deus
780 353 1149 411 quemadmodum
1162 355 1351 400 reddidit
1359 359 1383 401 J
1387 358 1462 404 ob:

80 431 131 466 ut
148 423 239 482 jam
260 437 349 467 non
375 423 430 466 sit
455 421 684 481 patientia,
710 421 786 465 sed
806 424 998 468 avaritia.
1024 427 1134 471 Nam
1155 426 1190 470 si
1210 427 1464 484 patientiam

79 491 153 535 ille
166 494 346 537 Sanctus
361 506 451 536 non
466 490 664 545 haberet,
680 505 760 534 nec
781 505 830 535 ea
850 507 948 551 quae
965 495 1278 553 contingebant
1293 496 1464 542 fortiter

79 563 336 620 sustineret,
369 561 665 606 testimonium
686 560 807 620 quod
827 562 866 605 ei
887 563 1096 607 Dominus
1117 565 1322 623 reddidit,
1347 568 1464 613 unde

80 632 283 676 haberet?
302 649 321 672 ι(
337 629 707 684 Animadvertisti,
725 631 784 674 ait
806 631 1027 686 Dominus,
1049 631 1104 676 ad
1119 648 1304 691 puerum
1317 652 1463 682 meum

83 718 104 741 »
137 700 246 744 Job?
267 701 365 745 Non
386 700 502 743 enim
523 708 586 743 est
607 698 670 743 illi
691 699 840 743 similis
861 701 1094 760 quisquam
1111 702 1156 744 in
1178 705 1317 758 terris,
1333 707 1465 752 homo

81 786 102 810 »
138 769 229 813 sine
251 769 444 829 querela,
469 784 594 813 verus
616 770 694 813 Dei
716 769 897 814 cultor1.
923 788 943 810 »
964 770 1117 825 Quale,
1142 770 1311 825 fratres,
1343 777 1466 818 testi—

79 839 276 883 monium
292 839 362 882 hic
383 847 554 883 sanctus
573 839 638 883 vir
660 855 683 882 a
706 840 891 883 Domino
907 840 1098 884 meruit?
1120 842 1175 884 Et
1198 851 1344 887 tamen
1366 860 1467 889 eum

77 923 153 953 sua
190 909 464 967 persuasione
500 907 614 952 mala
645 909 802 953 mulier
834 909 1033 968 decipere
1054 910 1210 966 voluit,
1239 913 1404 958 habens
1427 925 1470 959 et

77 979 173 1023 haec
204 980 389 1036 figuram
422 977 538 1022 illius
572 979 796 1037 serpentis,
821 981 898 1037 qui
921 981 1031 1024 sicut
1053 981 1098 1024 in
1121 981 1318 1039 paradiso
1339 983 1469 1028 dece-

77 1049 166 1108 pit2
187 1049 406 1093 hominem
424 1048 613 1107 primum
632 1047 794 1092 factum
813 1065 836 1092 a
856 1052 960 1103 Deo,
985 1047 1045 1092 ita
1067 1051 1197 1094 etiam
1217 1067 1335 1096 nunc
1357 1053 1467 1097 blas-

77 1119 298 1177 phemiam
334 1116 606 1175 suggerendo
635 1118 806 1176 putavit
839 1132 961 1175 posse
993 1119 1193 1177 decipere
1224 1121 1468 1179 placentem

76 1187 296 1231 hominem
331 1189 436 1229 Deo.
473 1187 646 1237 Quanta
680 1200 825 1242 passus
859 1195 938 1239 est,
984 1188 1162 1231 fratres?
1195 1191 1296 1240 Quis
1327 1202 1469 1249 potest

77 1264 199 1300 tanta
220 1254 310 1313 pati
332 1253 378 1297 in
400 1267 445 1296 re
468 1268 561 1306 sua,
584 1253 631 1296 in
652 1252 783 1296 domo
805 1269 897 1306 sua,
932 1254 978 1296 in
1007 1254 1106 1297 filiis
1140 1256 1241 1310 suis,
1266 1258 1312 1300 in
1340 1276 1469 1304 carne

76 1341 168 1380 sua,
205 1325 252 1367 in
277 1325 368 1382 ipsa
399 1337 498 1382 quae
534 1331 798 1364 remanserat
830 1322 1056 1365 tentatrice
1085 1339 1217 1367 uxore
1248 1331 1350 1370 sua?
1384 1330 1469 1374 Sed

77 1395 207 1439 etiam
228 1393 366 1452 ipsam
388 1406 488 1450 quae
510 1398 790 1444 remanserat,
816 1389 922 1433 olim
950 1390 1155 1446 auferret,
1181 1394 1259 1438 nisi
1284 1397 1467 1456 adjutri-

76 1479 169 1509 cem
183 1463 264 1506 sibi
279 1470 506 1505 servasset;
526 1460 628 1519 quia
639 1460 829 1518 primum
842 1460 1065 1503 hominem
1080 1476 1155 1519 per
1170 1466 1308 1508 Evam
1321 1468 1469 1513 (jehel-

74 1534 255 1587 laverat,
272 1534 410 1575 Evam
423 1537 680 1574 servaverat.
697 1531 870 1581 Quanta
887 1544 989 1587 ergo
1006 1545 1151 1588 passus
1165 1536 1254 1577 est?
1274 1537 1468 1583 Perdidit

76 1603 222 1647 omnia
233 1616 331 1660 quae
343 1599 550 1653 habebat,
565 1598 720 1642 domus
735 1598 867 1656 ipsius
883 1598 1054 1653 cecidit,
1070 1601 1239 1645 utinam
1255 1604 1343 1648 sola
1361 1625 1367 1649 :
1387 1623 1468 1666 op-

76 1672 228 1731 pressit
244 1679 286 1714 et
299 1669 423 1714 filios.
440 1670 498 1712 Et
510 1667 611 1727 quia
629 1667 675 1709 in
697 1666 771 1709 illo
786 1667 994 1725 patientia
1010 1684 1220 1728 magnum
1236 1671 1382 1718 locum
1399 1686 1466 1720 te-

75 1749 246 1794 nuerat,
275 1737 383 1798 quid
415 1735 685 1795 responderit
711 1735 800 1789 ille,
836 1737 1007 1781 audite:
1040 1757 1060 1780 «
1088 1742 1298 1786 Dominus
1327 1744 1463 1800 dedit,

77 1829 98 1854 »
118 1811 327 1855 Dominus
351 1806 549 1864 abstulit,
576 1807 688 1851 sicut
704 1807 890 1851 Domino
905 1808 1082 1866 placuit,
1105 1810 1163 1854 ita
1187 1811 1352 1858 factum
1370 1827 1459 1862 cst:

78 1898 98 1922 »
127 1881 180 1925 sit
200 1894 361 1924 nomen
391 1877 565 1922 Domini
591 1877 915 1920 benedictum3.
943 1879 1173 1924 »Abstulit
1202 1898 1302 1941 quae
1326 1885 1461 1943 dedit

75 1949 290 2010 numquid
302 1949 428 2009 periit
437 1964 513 2008 qui
501 1946 669 1991 dedit<³
686 1947 865 1991 abstulit
879 1964 978 2007 quae
992 1949 1136 1994 dedit!
1155 1954 1379 2013 Tanquam
1402 1958 1466 2001 di-

75 2030 212 2066 ceret:
231 2018 423 2065 Abstulit
438 2017 600 2072 omnia,
620 2016 788 2061 auferat
801 2019 962 2073 omnia,
981 2019 1151 2065 nudum
1164 2022 1355 2069 dimittat
1377 2043 1444 2071 me

75 2099 119 2134 et
136 2099 276 2134 servet
287 2090 394 2133 mihi
406 2104 466 2133 se.
484 2087 600 2141 Quid
618 2089 734 2131 enim
743 2088 850 2132 mihi
867 2053 1021 2144 deeiit,
1037 2091 1070 2134 si
1084 2094 1224 2136 Deum
1237 2095 1289 2138 ha
1298 2096 1381 2139 bu
1361 2099 1465 2141 ϊοΡ

73 2158 278 2219 Autquid
294 2156 696 2214 mihialiaprosunt,
707 2158 988 2203 siDeumnon
1002 2160 1214 2206 habuero
1232 2166 1463 2210 Accessum

74 2230 210 2275 estad
226 2243 416 2282 carnem,
436 2241 662 2286 percussus
680 2236 745 2270 est
760 2228 939 2272 vulnere
953 2245 976 2273 a
994 2231 1136 2290 capite
1154 2248 1292 2293 usque
1308 2237 1360 2279 ad
1387 2253 1464 2295 pe-

75 2299 166 2354 des,
186 2299 302 2344 sanie
319 2296 564 2351 diffluebat,
588 2296 809 2340 vermibus
831 2298 1022 2342 scatebat
1041 2317 1052 2344 .·
1075 2309 1118 2344 et
1139 2317 1184 2345 se
1205 2303 1250 2346 in
1274 2308 1362 2349 Deo
1384 2322 1462 2352 suo

75 2367 345 2414 immobilem
361 2365 688 2410 demonstrabat
705 2374 836 2425 atque
854 2366 1028 2425 figebat.
1050 2369 1272 2416 Voluitilli
1284 2375 1458 2432 mulier,

86 2438 248 2485 diaboli
270 2436 472 2497 adjutrix,
500 2450 589 2480 non
612 2435 753 2479 mariti
774 2435 1048 2490 consolatrix,
1066 2440 1322 2498 persuadere
1343 2445 1460 2491 blas-

124 2526 135 2546 ¹
155 2523 228 2555 Job.
246 2533 271 2559 1,
293 2521 378 2553 8.—
395 2527 409 2544 ²
429 2522 508 2554 Gen.
527 2531 579 2561 111,
603 2519 634 2552 5.
656 2535 697 2543 -·
712 2517 725 2542 ³
741 2519 815 2560 Job,
838 2531 862 2561 1,
885 2529 938 2553 21.

236 2586 424 2616 CXXXIV.
1278 2584 1301 2621 3
