1729 3143
234 184 288 222 30
663 194 695 219 s.
731 189 960 217 ,mensum
991 188 1171 215 Emscom

228 270 272 304 et
293 258 472 304 cecidit:
490 256 734 301 humiliavit
751 269 794 297 se
814 257 944 307 Deus,
960 261 1002 296 et
1024 252 1172 295 erexit.
1187 253 1417 298 Humilitas
1442 255 1604 300 Christi

225 330 333 390 quid
372 330 463 372 est?
510 330 686 370 Manum
717 327 829 366 Deus
863 323 1029 367 homini
1057 323 1220 382 jacenti
1262 327 1465 382 porrexit.
1517 328 1604 370 Nos

227 397 478 449 cecidimus,
503 396 576 438 ille
598 392 820 436 descendit
838 411 846 436 ε
873 408 951 436 nos
963 393 1215 451 jacebamus
1231 427 1241 447 ,
1269 392 1340 435 ille
1356 408 1399 436 se
1420 394 1608 439 inclina-

225 469 303 513 vit.
329 467 595 511 Prendamus
612 472 655 507 et
678 478 921 521 surgamus,
946 471 996 506 ut
1018 477 1108 506 non
1129 463 1172 505 in
1189 478 1365 521 poenam
1384 464 1603 509 cadamus.

223 540 338 595 Ergo
361 534 583 579 inclinatio
618 534 748 591 ipsius
785 533 879 576 haec
916 541 1006 586 est,
1037 550 1058 573 «
1096 534 1231 577 Natus
1263 541 1325 576 est
1363 533 1418 576 de
1443 534 1607 592 Spiritu

224 625 244 648 »
265 614 412 649 sancto
433 613 475 648 et
496 604 662 662 virgine
679 602 830 647 Maria.
855 620 876 642 »
897 604 953 645 Et
974 603 1064 660 ipsa
1079 603 1279 646 nativitas
1295 603 1503 658 humana,
1525 604 1608 647 hu-

220 675 333 719 milis
354 685 397 720 et
423 674 602 719 excelsa.
641 673 766 718 Unde
788 671 996 716 humilis?
1018 672 1127 725 Quia
1150 673 1282 716 homo
1312 682 1439 717 natus
1461 683 1525 718 est
1554 689 1604 718 ex

217 746 484 790 hominibus.
511 745 634 790 Unde
657 743 853 788 excelsa?
872 743 982 796 Quia
1004 742 1060 785 de
1080 743 1261 800 virgine.
1279 743 1413 801 Virgo
1447 759 1606 788 conce-

216 815 297 873 pit,
323 816 443 873 virgo
464 816 647 874 peperit,
672 824 716 858 et
727 823 823 873 post
843 823 1014 872 partum
1034 813 1155 871 virgo
1179 814 1428 870 permansit.

273 888 375 929 VII.
417 884 531 938 Quid
552 884 739 928 deinde?
760 888 908 927 Passus
925 883 1005 927 sub
1037 883 1192 927 Pontio
1212 883 1365 927 Pilata
1397 882 1604 927 Praesida-

183 955 198 964 “
215 963 310 998 tum
329 955 510 1011 agebat,
536 963 575 998 et
602 953 737 1012 judex
760 962 851 997 erat
872 954 961 1011 ipse
994 954 1174 996 Pontius
1197 951 1360 996 Pilatus
1375 987 1386 1006 ,
1422 951 1603 1012 quando

212 1039 362 1083 passus
382 1034 446 1069 est
463 1025 674 1069 Christus.
698 1026 720 1067 J
728 1023 864 1066 udicis
886 1023 1063 1066 nomine
1077 1023 1242 1081 signata
1260 1031 1362 1065 sunt
1383 1032 1601 1081 tempora„

209 1093 388 1153 quando
409 1109 557 1154 passus
574 1102 638 1137 est
653 1093 734 1136 sub
756 1092 912 1137 Pontio
936 1091 1074 1136 Pilato
1098 1111 1107 1137 :
1133 1092 1315 1150 quando
1339 1107 1485 1149 passus
1506 1100 1595 1146 est,

208 1165 456 1217 crucifixus,
494 1173 693 1209 mortuus
708 1198 719 1215 ,
751 1172 795 1206 et
823 1162 1035 1219 sepultus.
1070 1160 1211 1212 Quis?
1235 1160 1373 1219 quid?
1394 1177 1474 1220 pro
1497 1162 1601 1221 qui·

210 1233 322 1278 bus?
345 1232 476 1284 Quis?
513 1230 650 1275 Filius
694 1232 768 1274 Dei
802 1231 981 1283 unicus,
1013 1230 1223 1273 Dominus
1259 1239 1419 1274 noster.
1456 1230 1604 1284 Quid?

213 1301 494 1347 «Crucifixus
511 1335 522 1355 ,
554 1308 780 1354 mortuus,
812 1309 855 1344 et
884 1299 1095 1357 sepultus.
1132 1317 1152 1340 »
1181 1303 1265 1343 Pro
1293 1300 1483 1359 quibus?
1514 1304 1598 1345 Pro

207 1370 351 1429 impiis
388 1379 432 1414 et
463 1370 778 1428 peccatoribus.
813 1371 971 1426 Magna
1003 1368 1229 1426 dignatio,
1261 1384 1421 1427 magna
1442 1371 1594 1428 gratia.

211 1460 233 1483 ‹<
261 1440 374 1493 Quid
411 1440 649 1484 retribuam
680 1438 868 1483 Domino
914 1453 993 1496 pro
1021 1438 1224 1482 omnibus
1258 1455 1357 1498 quae
1393 1440 1596 1485 retribuit

208 1529 229 1553 »
252 1510 412 1555 mihi¹P
439 1529 459 1551 »

264 1582 387 1623 VIII.
422 1581 557 1623 Natus
579 1587 643 1622 est
664 1587 763 1622 ante
781 1577 926 1621 omnia
947 1585 1158 1636 tempora,
1174 1587 1301 1622 natus
1324 1587 1425 1622 ante
1446 1580 1594 1624 omnia

204 1649 379 1694 saecula.
405 1650 541 1693 Natus
559 1657 673 1691 ante.
700 1652 813 1691 Ante
835 1647 957 1706 quid,
984 1648 1059 1690 ubi
1075 1663 1163 1690 non
1179 1657 1242 1690 est
1258 1650 1391 1691 ante?
1415 1653 1594 1694 Prorsus

202 1720 338 1764 nolite
359 1719 551 1777 cogitare
573 1717 750 1777 aliquod
781 1726 952 1775 tempus
979 1725 1079 1760 ante
1102 1717 1374 1761 nativitatem
1398 1720 1587 1775 Christi,

203 1805 289 1849 qua
307 1798 436 1833 natus
456 1798 518 1832 est
535 1788 590 1831 de
613 1791 738 1831 Patre
756 1805 764 1830 ε
782 1786 836 1829 de
851 1787 940 1844 ipsa
958 1786 1183 1829 nativitate
1200 1786 1358 1846 loquor
1374 1822 1385 1841 ,
1416 1803 1503 1847 qua
1525 1799 1592 1833 est

200 1858 338 1903 Filius
367 1859 442 1902 Dei
467 1857 776 1916 omnipotentis
799 1857 953 1899 unicus
976 1856 1186 1899 Dominus
1213 1866 1380 1907 noster,
1420 1858 1475 1901 de
1493 1859 1586 1917 ipsa

202 1929 321 1988 prius
336 1928 510 1988 loquor.
526 1927 668 1973 Nolite
682 1926 869 1983 cogitare
891 1926 935 1968 in
949 1926 1029 1969 hac
1052 1926 1276 1970 nativitate
1292 1927 1467 1970 initium
1479 1938 1590 1971 tem-

200 2000 318 2059 poris
342 2018 351 2044 :
377 1999 512 2043 nolite
527 1998 717 2057 cogitare
732 1997 870 2040 ullum
898 1996 1082 2053 spatium
1111 1997 1376 2051 aeternitatis,
1407 1998 1586 2057 quando

200 2080 292 2114 erat
308 2073 434 2114 Pater
449 2078 492 2113 et
514 2084 605 2113 non
635 2077 727 2111 erat
744 2067 892 2110 Filius.
915 2068 977 2109 Ex
1000 2082 1088 2125 quo
1113 2070 1237 2110 Pater
1253 2102 1264 2121 ,
1284 2083 1336 2111 ex
1355 2083 1406 2111 eo
1428 2068 1579 2113 Filius.

198 2142 256 2184 Et
269 2139 379 2198 quid
401 2148 491 2194 est,
525 2154 576 2182 ex
596 2153 684 2197 quo
701 2172 711 2190 ,
745 2137 822 2180 ubi
847 2152 935 2179 non
959 2146 1022 2180 est
1047 2137 1247 2181 initium?
1270 2141 1384 2197 Ergo
1413 2154 1582 2197 semper

198 2213 325 2254 Pater
350 2210 441 2254 sine
463 2209 604 2263 initio,
629 2222 798 2266 semper
820 2206 946 2249 Filius
971 2206 1062 2250 sine
1086 2207 1224 2250 initio.
1253 2210 1309 2251 Et
1340 2208 1579 2266 quomodo,

196 2279 394 2339 inquies,
432 2288 560 2323 natus
591 2286 681 2330 est,
712 2277 746 2320 si
787 2292 878 2319 non
912 2276 1045 2319 habet
1071 2277 1274 2320 initium?
1310 2280 1370 2320 De
1406 2288 1572 2322 aeterno

196 2359 451 2394 coaeternus.
473 2351 706 2406 Nunquam
728 2346 812 2389 fuit
825 2349 948 2388 Pater
970 2354 1012 2388 et
1040 2361 1130 2389 non
1146 2355 1236 2389 erat
1256 2346 1391 2390 Filius
1407 2381 1418 2400 ,
1442 2356 1484 2390 et
1502 2357 1570 2391 ta-

196 2433 298 2462 men
319 2418 454 2462 Filius
475 2435 500 2463 a
523 2421 649 2462 Patre
670 2425 735 2460 est
768 2415 953 2472 genitus,
995 2414 1119 2458 Unde
1147 2413 1275 2458 datur
1306 2415 1575 2474 qualiscum-

244 2508 253 2525 ¹
271 2501 352 2535 Psal.
373 2511 445 2543 cxv,
467 2512 519 2535 12.
