1729 3143
209 228 291 265 292
642 238 674 262 s.
712 236 939 261 Aue-usum
975 236 1152 263 EPlsCOPl

199 301 394 353 decidet,
420 302 580 357 fietque
602 299 752 341 vitiosa
778 313 922 353 mens,
949 315 1048 358 quae
1076 300 1201 343 aliam
1229 299 1370 344 facere
1400 304 1581 345 conabi-

201 379 274 414 tur
289 405 299 423 ,
325 383 464 427 eoque
485 369 578 425 ipso
601 367 681 410 erit
696 367 926 411 infirmior.

259 441 378 481 XXI.
415 440 466 480 A.
499 438 613 480 Bene
642 435 845 495 intelligis
871 456 879 481 :
911 452 1045 496 quare
1077 436 1188 482 illud
1216 447 1349 483 restat
1370 474 1380 492 ,
1412 448 1462 482 ut
1493 454 1583 483 res-

201 506 391 567 pondeas
412 539 422 558 ,
458 505 493 548 si
520 514 668 563 potes,
703 515 851 550 utrum
883 507 963 550 tibi
993 507 1191 551 videatur
1222 508 1422 552 rationali
1450 517 1493 551 et
1515 523 1584 552 sa-

198 575 336 635 pienti
360 585 506 618 mente
541 576 783 634 quidquam
816 591 904 619 esse
936 578 1225 635 praestantius.
1258 581 1311 622 E.
1339 577 1456 623 Nihil
1478 593 1584 636 prae-

198 656 265 689 ter
303 649 441 689 Deum
480 647 681 690 arbitror.
723 649 775 690 A.
815 649 872 690 Et
904 661 1000 691 mea
1033 649 1113 692 ista
1147 649 1361 693 sententia
1393 657 1471 691 est.
1501 648 1585 691 Sed

199 717 408 775 quoniam
431 730 497 759 res
519 715 653 759 ardua
672 724 736 759 est
752 750 763 770 ‚
789 731 932 775 neque
954 732 1072 762 nunc
1090 728 1337 777 opportune
1354 718 1582 777 quaeritur,

198 795 246 829 ut
268 785 324 829 ad
351 785 684 844 intelligentiam
717 787 883 837 veniat,
916 803 1168 847 quanquam
1193 788 1489 832 robustissima
1517 796 1585 831 te-

196 863 352 898 neatur
372 855 459 897 fide
475 889 486 909 ,
511 855 678 911 integra
700 855 826 898 nobis
847 856 902 898 sit
917 856 1049 914 hujus
1070 857 1321 915 quaestionis
1338 856 1520 913 diligens
1543 865 1587 899 et

195 933 322 968 cauta
333 923 549 967 tractatio.
567 926 617 965 In
628 924 856 980 praesentia
873 925 989 964 enim
1001 925 1108 966 scire
1119 938 1348 981 possumus
1364 939 1584 982 quaecum-

195 1009 281 1053 que
303 993 376 1037 illa
405 1001 560 1036 natura
588 993 666 1045 sit,
701 1006 833 1050 quam
862 992 999 1034 menti
1026 992 1186 1035 virtute
1208 991 1392 1051 pollenti
1424 992 1488 1037 fas
1521 1003 1585 1037 est

194 1063 401 1107 excellere
418 1098 429 1117 ,
458 1064 658 1121 injustam
682 1076 772 1104 esse
797 1060 921 1104 nullo
938 1062 1070 1105 modo
1096 1077 1233 1120 posse.
1261 1066 1401 1114 Quare
1423 1078 1478 1106 ne
1504 1064 1585 1106 ista

194 1133 393 1191 quidem,
421 1131 591 1174 tametsi
612 1130 772 1174 habeat
800 1140 1058 1189 potestatem
1078 1166 1088 1185 ,
1120 1140 1248 1189 coget
1281 1141 1473 1175 mentem
1496 1147 1585 1175 ser—

196 1204 285 1246 vire
304 1201 491 1245 libidini.
517 1204 567 1245 E.
594 1201 717 1245 Istud
739 1216 914 1259 prorsus
931 1217 1060 1245 nemo
1078 1211 1156 1255 est,
1177 1203 1252 1261 qui
1275 1217 1365 1246 non
1382 1203 1472 1246 sine
1495 1202 1584 1247 ulla

194 1273 470 1317 cunctatione
504 1270 706 1314 fateatur.
740 1275 791 1314 A.
827 1274 942 1329 Ergo
975 1272 1263 1331 relinquitur,
1299 1281 1351 1314 ut
1373 1273 1582 1331 quoniam

194 1343 391 1401 regnanti
431 1342 566 1384 menti
597 1341 875 1398 compotique
905 1341 1098 1396 virtutis,
1138 1340 1355 1400 quidquid
1389 1357 1467 1399 par
1506 1350 1583 1384 aut

192 1413 421 1472 praelatum
456 1420 518 1454 est
545 1445 556 1463 ,
593 1426 683 1453 non
718 1424 812 1452 eam
845 1409 950 1453 facit
981 1425 1147 1453 servam
1179 1411 1372 1478 libidinjs
1403 1421 1583 1470 propter

188 1480 432 1543 justitiam?
454 1478 670 1539 quidquid
704 1487 847 1521 autem
876 1478 1057 1522 inferius
1094 1488 1179 1533 est,
1214 1495 1302 1523 non
1332 1482 1464 1538 possit
1495 1481 1580 1525 hoc

192 1552 333 1596 facere
351 1558 528 1609 propter
546 1549 841 1592 infirmitatem
858 1583 869 1602 ,
892 1549 1004 1592 sicut
1025 1563 1074 1592 ea
1095 1564 1195 1607 quae
1216 1549 1330 1592 inter
1352 1565 1430 1593 nos
1451 1565 1577 1594 cons-

148 1636 153 1667 2.
194 1624 375 1666 titerunt
397 1621 555 1663 docent
575 1640 586 1675 3
615 1618 737 1661 nulla
760 1633 826 1661 res
847 1618 930 1661 alia
951 1627 1142 1661 mentem
1173 1618 1422 1677 cupiditatis
1445 1621 1582 1663 comi-

57 1673 65 1682 i
89 1708 93 1709 ⁷
150 1688 156 1722 ἶ
195 1703 279 1736 tem
298 1690 449 1744 faciat,
475 1704 605 1748 quam
629 1689 803 1746 propria
826 1687 1026 1731 voluntas
1054 1697 1097 1731 et
1119 1687 1305 1731 liberum
1330 1689 1577 1733 arbitrium.

194 1765 245 1805 E.
272 1759 387 1804 Nihil
405 1768 493 1802 tam
515 1757 799 1802 necessarium
817 1765 977 1800 restare
994 1757 1137 1800 video.

252 1832 398 1873 XXII.
437 1832 486 1872 A.
511 1827 715 1886 Sequitur
731 1828 820 1886 jam
837 1835 887 1869 ut
907 1826 987 1870 tibi
1008 1825 1206 1870 videatur
1224 1827 1339 1885 juste
1361 1827 1480 1870 illam
1498 1844 1580 1887 pro

193 1909 370 1961 peccato
403 1907 524 1941 tanto
555 1911 707 1955 poenas
741 1894 942 1953 pendere.
978 1898 1030 1938 E.
1066 1898 1229 1952 Negare
1258 1911 1346 1939 non
1380 1912 1572 1953 possum.

193 1976 245 2016 Α.
273 1970 386 2023 Quid
415 1968 577 2026 igitur?
598 1970 714 2011 Num
737 1967 816 2009 ista
850 1966 940 2024 ipsa
972 1980 1102 2024 poena
1130 1980 1260 2023 parva
1292 1966 1578 2010 existimanda

157 2029 163 2084 1'
193 2051 279 2094 ost,
316 2038 434 2098 quod
471 2039 506 2080 ei
541 2037 679 2079 libido
711 2035 987 2088 dominatur,
1023 2034 1372 2093 expoliatamque
1404 2036 1576 2079 virtutis

151 2164 154 2167 ¹
191 2109 438 2167 opulentia,
473 2122 548 2166 per
570 2106 734 2149 diversa
763 2106 938 2163 inopem
960 2113 1089 2163 atque
1110 2104 1381 2162 indigentem
1409 2106 1542 2148 trahit
1560 2139 1571 2159 ‚

193 2196 309 2223 nunc
343 2178 449 2223 falsa
478 2193 556 2236 pro
591 2177 700 2219 veris
731 2175 1073 2234 approbantem,
1110 2189 1227 2218 nunc
1260 2175 1387 2217 etiam
1421 2175 1576 2218 defen-

193 2252 392 2293 sitantem
414 2283 425 2302 ,
458 2262 575 2290 nunc
602 2246 919 2304 improbantem
943 2260 1040 2302 quae
1062 2253 1187 2287 antea
1212 2244 1508 2301 probavisset,
1533 2253 1578 2288 et

196 2318 475 2361 nihilominus
504 2317 547 2359 in
581 2315 661 2357 alia
702 2314 805 2358 falsa
840 2314 1107 2370 irruentem3
1137 2327 1254 2356 nunc
1285 2313 1574 2356 assensionem

196 2390 529 2445 suspendentem
547 2401 666 2430 suam
681 2421 691 2440 ,
717 2394 758 2428 et
781 2385 1040 2443 plerumque
1063 2384 1309 2442 perspicuas
1343 2383 1575 2426 ratiocina-

194 2460 331 2502 tiones
346 2458 649 2502 formidantem
669 2479 678 2513 3
704 2472 819 2499 nunc
833 2456 1131 2514 desperantem
1146 2454 1199 2496 dc
1217 2463 1303 2497 tota
1321 2454 1569 2497 inventione

192 2530 379 2574 veritatis
395 2563 409 2582 ,
435 2537 477 2570 et
499 2528 692 2571 stultitiae
713 2526 900 2570 tenebris
919 2526 1090 2583 penitus
1116 2524 1423 2578 inhaerentem‚
1453 2538 1568 2566 nunc
