1729 3143
224 183 310 236 302
647 202 682 231 s.
716 201 949 230 Aucusnm
980 203 1162 232 Emscom

219 287 311 317 non
332 271 448 315 enim
472 282 573 313 eum
589 267 758 311 bonum
774 265 1051 310 melioremve
1074 266 1255 321 faciunt,
1277 267 1353 312 sed
1375 269 1430 313 ab
1452 283 1503 313 eo
1519 283 1603 328 po-

183 350 192 364 '·'
218 341 303 385 tius
321 341 454 383 fiunt:
474 346 517 381 et
535 337 634 381 ideo
647 351 738 380 non
755 336 813 380 eis
829 351 976 381 amore
994 336 1306 395 agglutinetur,
1325 353 1468 397 neque
1482 338 1606 382 velut

219 409 412 452 membra
433 406 500 451 sui
520 406 651 450 animi
671 404 823 460 faciat,
848 406 966 466 quod
990 406 1039 450 fit
1061 405 1263 461 amando,
1291 421 1346 450 ne
1366 422 1468 450 cum
1488 422 1606 451 rese-

220 478 305 521 cari
323 477 550 535 coeperint,
573 491 673 520 eum
695 476 891 520 cruciatu
911 491 960 520 ac
982 476 1085 520 tabe
1104 475 1297 533 foedent3
1319 477 1395 520 sed
1414 476 1473 521 eis
1490 485 1607 521 totus

220 546 529 605 superferatur,
569 555 613 590 et
648 546 810 590 habere
836 544 912 590 illa
943 554 1075 606 atque
1104 560 1252 605 regere
1279 561 1379 590 cum
1411 560 1521 603 opus
1544 553 1609 589 est

221 626 410 675 paratus,
449 626 493 662 et
524 616 720 661 amittere
748 632 798 661 ac
825 632 915 661 non
942 617 1102 660 habere
1131 616 1336 676 paratior.
1362 617 1475 660 Cum
1505 630 1609 673 ergo

218 687 313 731 haec
336 690 392 731 ita
414 687 515 742 sint,
540 702 648 731 num
670 695 745 731 aut
767 695 994 744 argentum
1017 696 1060 731 et
1083 702 1237 731 aurum
1260 695 1437 746 propter
1459 699 1610 729 avaros

220 755 511 801 accusandum
534 766 682 816 putas,
707 765 782 800 aut
802 756 920 800 cibos
943 766 1120 816 propter
1141 771 1340 810 voraces,
1366 763 1442 799 aut
1458 754 1609 798 vinum

218 835 397 885 propter
418 826 622 881 ebriosos,
644 835 718 870 aut
734 825 968 871 muliebres
983 826 1142 870 formas
1161 835 1338 885 propter
1353 832 1610 869 scortatores

220 903 264 939 et
280 894 515 946 adulteros,
541 905 673 950 atque
697 895 782 934 hoc
804 894 937 933 modo
959 904 1130 945 caetera,
1156 906 1256 934 cum
1280 894 1519 949 praesertim
1541 892 1610 934 vi-

220 963 321 1007 deas
342 972 384 1007 et
406 963 504 1020 igne
526 962 639 1004 bene
661 960 725 1003 uti
749 958 993 1014 medicum,
1018 967 1061 1002 et
1082 974 1195 1018 pane
1218 959 1421 1002 scelerate
1444 959 1613 1003 venefi-

161 1028 177 1074 ’,ἒ
220 1048 336 1078 cum.
372 1035 424 1076 E.
462 1030 742 1075 Verissimum
764 1037 844 1082 est,
870 1044 958 1073 non
981 1044 1046 1074 res
1067 1029 1192 1088 ipsas,
1219 1027 1296 1073 sed
1316 1029 1513 1073 homines
1531 1029 1609 1088 qui

219 1103 280 1146 eis
295 1101 408 1145 male
426 1109 612 1144 utuntur
629 1115 718 1144 esse
735 1098 991 1159 culpandos.

277 1173 484 1216 XXXIV.
520 1175 572 1216 A.
598 1175 758 1216 Recte:
779 1170 856 1215 sed
873 1171 1081 1230 quoniam
1103 1179 1146 1214 et
1169 1170 1276 1230 quid
1289 1169 1431 1214 valeat
1448 1178 1614 1214 aeterna

217 1242 304 1295 lex,
324 1252 374 1285 ut
393 1241 564 1300 opinor,
586 1241 732 1285 videre
742 1242 834 1300 jam
852 1241 1082 1299 coepimus,
1109 1250 1151 1284 et
1170 1250 1386 1301 quantum
1410 1240 1480 1283 lex
1500 1249 1615 1284 tem-

220 1311 378 1370 poralis
408 1312 453 1355 in
484 1309 748 1354 vindicando
782 1310 984 1368 progredi
1016 1312 1162 1368 possit,
1199 1311 1428 1353 inventum
1449 1319 1539 1354 est:
1570 1319 1614 1354 et

220 1396 366 1424 rerum
395 1380 485 1424 duo
513 1394 668 1436 genera
684 1413 694 1433 ,
725 1387 985 1422 aeternarum
1008 1389 1051 1422 et
1073 1379 1406 1438 temporalium,
1431 1379 1612 1439 duoque

219 1463 367 1493 rursus
399 1448 645 1502 hominum,
682 1447 867 1491 aliorum
905 1457 1104 1502 aeternas,
1135 1448 1321 1492 aliorum
1354 1449 1613 1508 temporales

219 1517 494 1578 sequentium
511 1525 554 1561 et
565 1515 855 1575 diligentium,
874 1519 972 1562 satis
990 1527 1224 1578 aperteque
1238 1518 1440 1563 distincta
1454 1521 1579 1563 sunt¹
1597 1537 1606 1562 :

221 1586 328 1647 quid
358 1596 505 1630 autem
532 1587 718 1646 quisque
740 1586 996 1631 sectandum
1018 1597 1062 1631 et
1083 1587 1438 1647 amplectendum
1461 1587 1606 1645 eligat,

220 1659 266 1701 in
293 1656 519 1701 voluntate
542 1671 630 1700 esse
651 1658 843 1715 positum
865 1658 1081 1715 constitit3
1118 1658 1327 1717 nullaque
1358 1674 1404 1702 re
1433 1658 1487 1702 de
1516 1672 1612 1701 arce

221 1726 494 1781 dominandi,
526 1735 732 1785 rectoque
754 1726 908 1770 ordine
930 1736 1122 1770 mentem
1145 1726 1323 1785 deponi,
1349 1727 1431 1770 nisi
1453 1727 1614 1770 volun-

222 1807 311 1842 tate
329 1816 337 1841 ε
363 1806 406 1841 et
427 1806 490 1840 est
512 1796 791 1841 manifestum
813 1812 903 1840 non
925 1812 1015 1840 rem
1046 1796 1202 1851 ullam,
1234 1811 1335 1840 cum
1358 1812 1407 1840 ea
1428 1797 1614 1856 quisque

223 1867 335 1911 male
367 1867 521 1920 utitur,
555 1866 630 1910 sed
663 1867 806 1925 ipsum
833 1866 944 1910 male
972 1875 1167 1910 utentem
1193 1881 1282 1910 esse
1307 1866 1577 1923 arguendum
1599 1885 1609 1910 ε

181 1929 187 1939 ³
223 1936 459 1980 referamus
481 1951 575 1990 nos,
600 1937 633 1979 si
655 1935 812 1994 placet,
834 1936 889 1979 ad
907 1936 1193 1994 quaestionem
1213 1936 1258 1978 in
1280 1935 1456 1980 exordio
1478 1936 1612 1994 hujus

223 2006 431 2050 sermonis
456 2005 734 2064 propositam,
761 2014 805 2049 et
824 2004 1048 2048 videamus
1069 2014 1218 2049 utrum
1243 2005 1384 2050 soluta
1406 2006 1484 2061 sit,
1510 2019 1615 2048 nam

223 2091 419 2138 quaerere
435 2077 758 2120 institueramus
776 2074 883 2135 quid
897 2076 951 2120 sit
969 2075 1082 2119 male
1097 2075 1255 2130 facere,
1276 2085 1318 2120 et
1336 2084 1514 2135 propter
1530 2075 1615 2119 hoc

225 2148 370 2193 omnia
393 2163 492 2207 quae
513 2146 628 2191 dicta
650 2156 767 2201 sunt,
791 2145 992 2190 diximus.
1019 2147 1232 2199 Quocirca
1253 2145 1356 2191 licet
1377 2161 1498 2190 nunc
1521 2145 1614 2189 ani-

225 2220 496 2263 madvertere
520 2227 563 2262 et
589 2218 883 2272 considerare,
920 2227 1071 2262 utrum
1093 2218 1148 2261 sit
1169 2217 1288 2261 aliud
1310 2217 1424 2260 male
1445 2215 1610 2270 facere,

226 2304 359 2348 quam
381 2288 601 2346 neglectus
623 2288 752 2331 rebus
772 2287 958 2339 anemis,
985 2287 1145 2346 quibus
1168 2302 1244 2345 per
1264 2301 1309 2329 se
1326 2286 1465 2345 ipsam
1490 2299 1611 2328 mens

227 2359 400 2414 fruitur,
426 2369 469 2404 et
492 2375 565 2418 per
586 2375 630 2403 se
652 2360 787 2418 ipsam
808 2358 1014 2417 percipit,
1047 2367 1091 2402 et
1111 2373 1217 2416 quas
1241 2372 1389 2401 amans
1413 2356 1612 2400 amittere

229 2444 318 2472 non
337 2438 493 2487 potest,
511 2428 765 2488 temporalia
779 2437 822 2473 et
843 2444 942 2488 quae
964 2443 1040 2487 per
1061 2442 1217 2487 corpus
1239 2426 1426 2473 hominis
1444 2434 1611 2485 partem

274 2513 287 2534 ἵ
309 2523 322 2544 ι
342 2515 486 2546 Βεῒτειοῑ..
509 2525 579 2556 cap.
599 2524 645 2555 lx,
664 2524 695 2546 n.
719 2514 750 2546 3.
