1729 3143
173 207 256 247 408
593 216 626 245 s.
663 215 893 245 Auctisnm
925 217 1106 246 EPISCOPI

172 278 336 330 fantem
354 320 364 339 ‚
389 283 584 343 quamvis
606 283 660 326 sit
686 282 913 327 absurdior
945 284 979 328 si
1012 283 1115 328 velit
1139 284 1356 343 appellare
1384 286 1553 345 sapien-

172 367 272 402 tem.
301 358 357 399 Ut
378 370 480 412 ergo
511 352 652 398 infans
682 369 762 398 nec
796 353 954 399 stultus
986 370 1066 400 nec
1088 355 1256 414 sapiens
1278 354 1363 400 dici
1384 365 1550 415 potest,
1574 347 1579 349 .

171 427 366 487 quamvis
383 428 475 485 jam
499 426 630 470 homo
653 427 734 484 sit3
758 442 808 470 ex
827 442 915 487 quo
938 436 1117 486 apparet
1142 436 1342 471 naturam
1368 427 1555 471 hominis

172 498 360 556 recipere
383 495 550 556 aliquid
570 496 785 552 medium,
810 498 931 558 quod
952 513 1095 558 neque
1121 497 1350 542 stultitiam
1367 530 1378 552 ,
1413 511 1556 556 neque

169 567 424 626 sapientiam
461 575 576 611 recte
609 568 827 612 vocaveris
855 587 863 613 :
896 569 955 613 ita
990 569 1119 612 etiam
1155 568 1188 612 si
1224 568 1454 627 quisquam
1483 565 1557 611 tali

169 637 400 681 affectione
421 637 635 681 animatus
654 646 789 693 esset,
816 638 991 697 qualem
1009 639 1174 683 habent
1195 637 1259 682 illi
1284 638 1361 698 qui
1382 653 1459 697 per
1480 652 1558 681 ne·-

170 707 419 767 gligentiam
442 708 650 767 sapientia
672 717 821 752 carent
837 743 848 763 ,
873 724 1002 753 1161110
1023 725 1122 753 611111
1146 708 1328 753 stultum
1350 717 1466 753 recte
1488 707 1558 751 di-

168 787 286 823 ceret
306 793 438 838 quem
459 793 550 823 non
570 778 675 823 vitio
691 813 702 833 ‚
728 777 804 822 sed
818 788 975 823 natura
992 779 1124 825 talem
1144 780 1328 825 videret.
1350 781 1427 823 Est
1441 778 1559 822 enirn

169 848 353 913 stultitia
375 864 519 893 rerum
546 848 891 908 appetendarum
919 859 963 893 et
982 850 1260 894 vitandarum
1291 865 1381 893 non
1403 848 1560 909 quaeli-

167 919 257 974 bet,
283 918 358 963 sed
380 918 533 963 vitiosa
551 919 812 975 ignorantia.
834 919 960 961 Unde
977 933 1121 977 neque
1134 920 1294 962 animal
1310 919 1561 962 irrationale

170 989 353 1034 stultum
378 988 562 1033 dicimus
578 1022 588 1042 ,
615 988 717 1048 quia
742 1003 831 1032 non
853 989 1017 1048 accepit
1040 997 1088 1032 ut
1111 989 1280 1048 sapiens
1297 1004 1386 1033 esse
1401 997 1558 1048 posset.

172 1059 455 1119 Appellamus
477 1067 621 1102 tamen
647 1056 906 1118 plerumque
924 1073 974 1101 ex
991 1057 1275 1103 similitudine
1288 1057 1454 1118 aliquid
1474 1073 1562 1102 11011
1625 1069 1629 1072 ’
1692 1072 1716 1081 “’

171 1131 360 1190 proprie.
387 1131 496 1175 Nam
519 1138 562 1172 et
587 1129 757 1173 caecitas
778 1144 879 1173 cum
901 1129 1136 1173 maximum
1158 1130 1313 1173 vitium
1338 1130 1391 1173 sit
1409 1128 1563 1173 001110-

173 1216 295 1254 rum,
332 1214 422 1243 non
454 1208 599 1243 tamen
626 1199 673 1243 in
694 1199 846 1243 catulis
869 1199 1147 1243 nascentibus
1178 1199 1332 1244 vitium
1355 1208 1446 1254 651,
1482 1213 1562 1243 1160

175 1270 348 1331 pioprie
370 1270 538 1314 caecitas
558 1269 643 1314 dici
661 1279 817 1329 potest.

234 1343 413 1385 LXXII
452 1340 493 1384 Si
512 1355 614 1399 ergo
630 1340 691 1384 ita
707 1339 847 1384 factus
868 1348 931 1384 est
950 1340 1098 1395 homo,
1117 1349 1166 1384 ut
1182 1340 1378 1417 quamvis
1395 1316 1563 1418 sapiens

175 1411 372 1457 nondum
393 1419 518 1465 esset,
543 1419 812 1470 praeceptum
829 1419 976 1455 tamen
992 1419 1135 1469 posset
1150 1411 1358 1469 accipere,
1385 1411 1460 1470 qui
1477 1411 1565 1454 uti-

176 1492 259 1543 que
281 1482 583 1540 obtemperare
606 1480 811 1536 deberet,
832 1495 912 1524 nec
933 1479 1043 1524 illud
1056 1481 1147 1540 jam
1165 1480 1325 1524 mirum
1347 1489 1425 1536 est,
1444 1480 1565 1540 quod

178 1553 324 1598 seduci
357 1552 522 1612 potuit3
554 1567 633 1596 nec
662 1550 773 1595 illud
799 1551 1038 1612 injustum,
1074 1551 1194 1612 quod
1226 1561 1443 1611 praecepto
1475 1567 1565 1596 non

179 1624 482 1683 obtemperans
504 1638 656 1683 poenas
677 1621 790 1680 luit3
828 1638 909 1667 nec
931 1624 1110 1668 Creator
1139 1624 1231 1683 ejus
1261 1631 1411 1667 auctor
1438 1622 1567 1666 vitio·

178 1710 277 1739 rum
299 1703 386 1749 est,
422 1693 524 1753 quia
550 1708 639 1738 non
660 1693 820 1737 habere
842 1693 1096 1753 sapientiam
1114 1728 1125 1748 ,
1161 1692 1360 1737 nondum
1383 1702 1474 1737 erat
1502 1693 1567 1737 vi·

182 1766 292 1810 tium
320 1765 531 1818 hominis,
563 1765 596 1807 si
627 1764 826 1807 nondum
848 1773 898 1808 ut
920 1764 1079 1807 habere
1113 1773 1281 1823 posset,
1322 1772 1561 1822 acceperat.

185 1836 269 1881 Sed
291 1843 436 1879 tamen
458 1833 649 1877 habebat
673 1833 862 1892 aliquid,
888 1848 976 1894 quo
994 1833 1029 1877 si
1050 1833 1161 1877 bene
1178 1833 1243 1877 uti
1266 1831 1423 1888 vellet,
1451 1832 1505 1877 ad
1521 1832 1567 1878 id

185 1906 308 1966 quod
331 1921 420 1950 non
435 1905 621 1949 1131161131
642 1905 907 1949 ascenderet.
921 1904 1054 1949 Aliud
1068 1913 1131 1949 est
1143 1904 1256 1948 enim
1276 1919 1365 1948 6556
1379 1905 1569 1949 13110113-

182 1977 291 2031 lem,
318 1975 436 2020 aliud
458 1991 546 2020 esse
574 1976 828 2035 sapientem.
862 1974 1048 2019 Ratione
1079 1974 1130 2018 fit
1157 1975 1339 2035 quisque
1362 1975 1568 2034 praecepti

184 2063 344 2107 capax,
369 2047 441 2091 cui
458 2045 588 2090 fidem
611 2045 758 2101 dehet,
784 2055 834 2090 ut
854 2045 973 2105 quod
992 2045 1258 2105 praecipitur,
1277 2045 1421 2090 faciat.
1450 2045 1571 2091 Sicut

184 2127 330 2162 autem
351 2127 505 2162 natura
528 2117 704 2161 rationis
724 2126 993 2176 praeceptum
1017 2117 1155 2176 capit,
1181 2117 1241 2161 sic
1264 2117 1470 2176 praecepti
1494 2116 1572 2161 ob—

185 2190 368 2234 servatio
387 2190 657 2249 sapientiam.
679 2189 804 2242 Quod
822 2197 886 2232 est
902 2197 1048 2232 autem
1066 2197 1220 2232 natura
1237 2187 1293 2232 ad
1307 2185 1570 2247 capiendum

186 2270 479 2320 praeceptum,
504 2261 588 2305 1100
611 2268 675 2304 651
704 2258 906 2304 voluntas
935 2258 990 2303 ad
1013 2258 1349 2303 observandum.
1382 2260 1435 2302 Et
1460 2258 1571 2302 sicut

187 2331 404 2375 rationalis
443 2340 597 2375 natura
633 2340 843 2391 tanquam
880 2330 1083 2374 meritum
1120 2338 1184 2373 est
1217 2329 1424 2388 praecepti
1459 2327 1572 2372 acci-

189 2402 361 2459 piendi,
386 2404 444 2447 sic
473 2403 679 2462 praecepti
709 2402 951 2446 observatio
985 2401 1188 2445 meritum
1219 2410 1282 2444 est
1311 2398 1570 2459 accipiendae

191 2473 422 2530 sapientise.
450 2476 513 2516 Ex
535 2490 623 2533 quo
645 2483 790 2517 autem
812 2472 962 2532 incipit
988 2473 1121 2516 homo
1144 2471 1350 2530 praecepti
1379 2484 1468 2514 esse
1496 2484 1571 2513 ca-

194 2558 299 2600 pax,
327 2558 375 2585 ex
396 2543 471 2586 illo
503 2545 652 2602 incipit
685 2559 806 2602 posse
837 2558 1028 2602 peccare.
1062 2542 1240 2587 Duobus
1258 2545 1410 2598 {autem
1432 2538 1571 2584 modis
