1729 3143
335 252 417 279 LIB.
453 252 484 278 1.
519 251 574 278 DE
605 251 789 278 MORIBUS
820 248 1019 278 ECCLESIAE
1048 243 1304 276 CATHOLICAE.
1429 236 1511 276 537

199 318 354 361 LXIX.
382 317 531 375 Neque
558 324 705 360 tamen
732 315 792 359 ita
812 329 900 358 sese
923 322 1103 373 anguste
1123 313 1288 358 habent
1309 312 1512 358 Ecclesiae

139 387 361 432 catholicae
393 402 532 431 mores
572 387 753 446 optimi,
787 394 838 429 ut
867 400 1016 429 eorum
1053 394 1225 429 tantum
1252 385 1367 440 vita,
1405 401 1513 445 quos

137 458 472 503 commemoravi
489 492 500 512 ,
526 457 708 501 arbitrer
728 470 818 500 esse
838 455 1092 500 laudandos.
1115 457 1255 508 Quam
1270 456 1386 500 enim
1399 456 1514 501 mul-

135 537 202 573 tos
244 527 466 586 episcopos
508 528 694 586 optimos
734 526 847 569 viros
882 525 1259 586 sanctissimosque
1297 526 1510 585 cognovi,

136 613 268 659 quam
289 597 450 643 multos
468 598 743 657 presbyteros
758 630 769 652 ‚
794 611 927 656 quam
943 595 1104 640 multos
1122 595 1348 652 diaconos,
1370 606 1413 641 et
1434 613 1514 642 cu·

129 668 371 730 juscemodi
391 670 609 714 ministros
631 668 879 713 divinorum
902 669 1274 712 Sacramentorum
1290 703 1301 724 ‚
1326 684 1514 728 quorum

134 742 269 786 virtus
295 755 347 785 eo
374 740 482 784 mihi
504 739 740 785 mirabilior
763 748 806 783 et
826 739 989 798 majore
1010 739 1320 797 praedicatione
1344 739 1515 799 dignior

133 811 333 867 videtur,
358 826 446 872 quo
479 811 698 856 difficilius
730 819 792 854 est
825 825 918 855 eam
951 812 997 854 in
1027 810 1256 870 multiplici
1286 811 1513 856 hominum

133 897 317 941 genere,
348 890 397 926 et
428 882 474 925 in
506 881 586 925 ista
616 882 705 923 vita
733 879 1052 924 turbulentiore
1075 896 1256 925 servare.
1282 884 1380 926 Non
1400 882 1514 926 enim

130 952 288 996 sanatis
311 953 445 1008 magis
467 964 600 1009 qnam
622 948 821 993 sanandis
841 949 1092 993 hominibus
1116 959 1323 1009 praesunt.
1353 954 1514 1011 Perpe-

131 1020 280 1066 tienda
303 1030 405 1065 sunt
425 1021 528 1065 vitia
551 1019 845 1064 multitudinis
867 1029 917 1064 ut
946 1029 1176 1077 curentur,
1202 1030 1245 1065 et
1262 1022 1379 1080 prius
1402 1021 1512 1066 tole-

131 1091 266 1136 randa
289 1107 420 1152 quam
444 1091 634 1136 sedanda
659 1100 722 1135 est
742 1091 1000 1150 pestilentia.
1027 1091 1340 1136 Difficillimum
1364 1102 1427 1137 est
1442 1093 1514 1137 hic

130 1171 279 1206 tenere
298 1163 514 1221 optimum
536 1162 635 1206 vitae
657 1161 853 1216 modum,
880 1171 923 1206 et
945 1160 1138 1206 animum
1160 1171 1362 1222 pacatum
1384 1171 1514 1223 atque

129 1232 429 1289 tranquillum.
456 1232 646 1292 Quippe,
671 1240 721 1275 ut
743 1231 930 1276 breviter
953 1232 1185 1292 explicem,
1210 1233 1256 1276 hi
1278 1242 1413 1291 agunt
1433 1232 1511 1277 ubi

126 1303 270 1346 vivere
287 1299 468 1345 discitur
484 1336 494 1355 ‚
520 1302 584 1344 illi
604 1302 682 1346 ubi
702 1303 876 1347 vivitur.

186 1373 322 1416 LXX.
353 1373 441 1416 Nec
470 1369 568 1415 ideo
596 1381 742 1416 tamen
770 1373 987 1418 laudabile
1008 1374 1353 1420 Christianorum
1378 1391 1512 1436 genus

126 1441 460 1501 contempserim
491 1475 501 1496 ,
544 1455 693 1485 eorum
732 1442 892 1485 scilicet
930 1445 1007 1503 qui
1063 1446 1110 1489 in
1152 1445 1399 1490 civitatibus
1435 1447 1513 1490 de-

127 1522 262 1572 gunt,
289 1528 311 1555 a
334 1510 500 1569 vulgari
530 1511 617 1556 vita
649 1511 937 1555 remotissimi.
969 1511 1069 1555 Vidi
1102 1525 1202 1570 ergo
1225 1513 1512 1558 diversorium

125 1591 374 1628 sanctorum
408 1580 674 1637 Mediolani,
712 1596 802 1625 non
840 1596 1079 1640 paucorum
1108 1582 1336 1627 hominum
1358 1619 1369 1639 ,
1410 1585 1511 1644 qui-

128 1648 207 1698 bus
229 1668 343 1697 unus
365 1653 592 1712 presbyter
622 1661 806 1711 praeerat
838 1652 903 1695 vir
937 1652 1125 1711 optimus
1153 1661 1196 1697 et
1218 1652 1507 1699 doctissimus.

125 1727 278 1770 Romae
317 1724 445 1768 etiam
478 1723 605 1784 plura
638 1723 851 1782 cognovi,
889 1723 936 1766 in
968 1723 1129 1782 quibus
1169 1724 1328 1782 singuli
1370 1726 1511 1783 gravi-

125 1803 212 1839 tate
249 1804 380 1855 atque
416 1793 651 1853 prudentia
688 1802 732 1836 et
774 1792 920 1836 divina
962 1792 1138 1836 scientia
1175 1793 1477 1852 praepollentes
1498 1830 1509 1850 ,

123 1866 287 1909 caeteris
324 1878 472 1908 secum
514 1863 813 1907 habitantibus
848 1872 1066 1921 praesunt,
1102 1862 1333 1908 christiana
1374 1866 1513 1911 chari-

124 1943 239 1989 tate,
273 1933 500 1976 sanctitate
531 1940 574 1975 et
609 1931 809 1975 libertate
838 1931 1085 1975 viventibus
1118 1951 1127 1977 :
1158 1948 1213 1975 ne
1236 1934 1317 1993 ipsi
1335 1936 1513 1994 quidem

125 2005 332 2063 cuiquam
367 2001 537 2046 onerosi
576 2010 677 2045 sunt
699 2036 710 2056 ,
766 2000 841 2045 sed
879 2001 1063 2045 Orientis
1100 2017 1220 2046 more
1244 2038 1255 2058 ,
1310 2013 1353 2048 et
1390 2005 1512 2050 Pauli

125 2073 308 2134 apostoli
333 2072 589 2117 auctoritate
620 2071 821 2115 manibus
850 2071 937 2115 suis
972 2087 1015 2116 se
1044 2072 1303 2132 transigunt.
1342 2076 1512 2135 Jejunia

126 2144 325 2205 quotidie
356 2143 490 2188 semel
518 2141 788 2187 incredibilia
819 2141 980 2187 multos
1010 2157 1206 2188 exercere
1238 2143 1396 2202 didici,
1421 2162 1512 2192 non

125 2215 255 2259 etiam
283 2229 458 2274 prorsus
492 2213 574 2257 sub
611 2222 784 2257 noctem
821 2212 1055 2257 reficiendo
1089 2229 1270 2274 corpus,
1296 2217 1416 2276 quod
1448 2227 1511 2263 est

124 2299 441 2344 usquequaque
489 2283 814 2328 usitatissimum
832 2318 842 2338 ,
884 2282 960 2327 sed
1007 2284 1266 2328 continuum
1314 2287 1510 2332 triduum

123 2354 194 2401 vel
223 2355 408 2413 amplius
444 2353 675 2413 saepissime
703 2353 792 2396 sine
817 2353 915 2397 cibo
943 2369 991 2398 ac
1023 2363 1132 2413 potu
1150 2354 1323 2400 ducere.
1357 2359 1508 2417 Neque

124 2427 272 2470 hocin
299 2426 398 2469 viris
426 2433 596 2470 tantum
614 2459 625 2480 ,
649 2424 724 2468 sed
747 2425 876 2469 etiam
903 2425 949 2469 in
978 2423 1198 2484 foeminis3
1222 2427 1382 2487 quibus
1403 2428 1507 2473 item

124 2495 272 2539 multis
292 2495 433 2540 viduis
469 2504 511 2539 et
547 2494 787 2554 virginibus
824 2493 952 2539 simul
973 2495 1294 2554 habitantibus,
1341 2507 1384 2542 et
1409 2497 1507 2543 lana

126 2583 175 2612 ac
209 2566 292 2612 tela
321 2568 485 2613 victum
515 2566 846 2627 quaeritantibus
866 2602 878 2623 ,
913 2576 1106 2627 praesunt
1132 2568 1313 2627 singulae
1345 2569 1506 2627 gravis-
