1729 3143
386 189 440 216 DE
472 189 622 217 Linssrto
660 185 874 226 Anssiriuo,
910 189 991 215 ΜΒ.
1028 188 1075 214 11.
1342 173 1426 213 349

45 263 140 300 test.
165 255 273 299 Nam
295 254 389 299 haec
419 255 616 315 quamvis
636 268 792 312 magna
812 253 858 297 in
880 252 1057 297 homine
1078 258 1122 295 et
1145 250 1284 310 prima
1312 249 1426 305 sint,

43 325 219 384 propria
241 334 386 369 tamen
409 340 497 370 esse
521 324 862 383 uniuscujusque
882 323 1072 367 hominis
1088 357 1099 377 ,
1126 337 1216 366 non
1238 335 1431 365 commu-

44 395 115 439 nia
132 429 143 450 ,
168 396 267 440 satis
288 396 559 454 intelligitur.
586 395 776 439 Veritate
799 394 914 437 enim
937 402 1069 453 atque
1083 391 1307 452 sapientia,
1333 407 1433 452 quae

45 467 287 512 communis
309 477 372 512 est
393 466 595 513 omnibus
612 500 623 521 ‚
656 479 805 510 omnes
837 464 1049 524 sapientes
1084 473 1127 508 et
1155 463 1272 508 beati
1294 464 1407 509 fiunt
1422 499 1432 519 2

43 535 300 581 inhaerendo
331 536 410 581 illi.
447 533 724 581 Beatitudine
757 542 902 579 autem
938 533 1114 578 alterius
1135 534 1324 579 hominis
1346 549 1436 579 non

44 606 96 651 fit
117 607 225 652 alter
245 608 398 652 beatus
416 643 427 662 ‚
455 607 556 667 quia
586 616 629 651 et
662 620 763 650 cum
794 620 895 649 eum
923 604 1121 649 imitatur
1152 614 1200 649 ut
1223 606 1299 660 sit,
1334 604 1438 649 inde

45 677 210 736 appetit
227 677 379 722 beatus
396 677 488 721 fieri
503 711 514 732 ,
540 676 658 721 unde
679 675 805 720 illum
828 675 995 720 factum
1018 674 1152 729 videt,
1179 674 1253 719 illa
1275 675 1439 720 scilicet

45 745 398 791 incommutabili
435 747 746 806 communique
784 746 979 790 veritate.
1024 748 1176 805 Neque
1208 745 1439 805 prudentia

45 817 303 876 cujusquam
325 818 375 860 fit
396 816 589 876 prudens
613 815 720 860 alius
739 850 750 872 ,
781 825 858 860 aut
885 815 1009 860 fortis
1039 814 1300 860 fortitudine
1317 851 1328 871 ,
1364 826 1443 860 aut

45 894 290 946 temperans
313 887 600 947 temperantia
618 922 628 942 ‚
660 895 735 931 aut
763 888 906 947 justus
932 886 1098 946 justitia
1120 886 1311 930 hominis
1327 885 1438 930 alte-

45 957 133 1000 rius
165 958 398 1015 quisquam
422 957 633 1013 efficitur3
659 956 736 1000 sed
758 955 1003 1013 coaptando
1029 956 1223 1000 animum
1256 956 1341 1000 illis
1372 958 1442 1001 in-

46 1025 435 1071 commutabilibus
457 1025 617 1083 regulis
635 1024 966 1084 luminibusque
987 1024 1227 1081 virtutum,
1254 1042 1354 1087 quae
1372 1026 1446 1070 in-

46 1096 387 1155 corruptibiliter
414 1096 570 1140 vivunt
599 1096 644 1138 in
670 1095 761 1154 ipsa
782 1095 965 1139 veritate
994 1096 1295 1157 sapientiaque
1319 1114 1443 1143 eom-

0 1182 1 1199 2
46 1167 197 1221 muni,
233 1165 394 1225 quibus
427 1173 470 1208 et
498 1165 573 1207 ille
601 1165 821 1224 coaptavit
850 1174 893 1209 et
929 1166 1023 1209 fixit
1055 1167 1274 1223 animum,
1311 1184 1449 1229 quem:

47 1237 137 1282 istis
157 1236 394 1281 virtutibus
412 1233 647 1293 praeditum
672 1234 753 1278 sibi
773 1234 828 1279 ad
851 1235 1111 1280 imitandum
1136 1240 1381 1298 proposuit.

108 1309 227 1351 LIII.
262 1304 476 1349 Voluntas
494 1319 597 1363 ergo
620 1303 848 1348 adhaerens
877 1308 1101 1351 communi
1125 1317 1258 1368 atque
1276 1309 1449 1355 incom-

48 1377 250 1423 mutabili
272 1378 390 1422 bono
406 1411 417 1433 ,
442 1378 646 1435 impetrat
673 1376 813 1435 prima
836 1385 880 1421 et
900 1391 1058 1436 magna
1080 1379 1269 1424 hominis
1298 1381 1412 1427 bona
1431 1418 1443 1438 ‚

49 1463 152 1494 cum
175 1449 268 1507 ipsa
290 1448 344 1492 sit
365 1445 560 1491 medium
585 1445 809 1506 quoddam
835 1446 1017 1491 bonum.
1049 1448 1263 1494 Voluntas
1298 1461 1446 1497 autem

50 1535 196 1566 aversa
225 1521 280 1564 ab
315 1517 664 1564 incommutabili
686 1527 729 1563 et
751 1519 974 1563 communi
997 1519 1140 1575 bono,
1169 1530 1212 1565 et
1238 1537 1446 1568 conversa

50 1590 106 1635 ad
134 1590 357 1649 proprium
385 1589 578 1644 bonum,
616 1597 693 1633 aut
716 1588 771 1632 ad
794 1589 1005 1645 exterius,
1035 1599 1110 1635 aut
1139 1591 1195 1635 ad
1231 1592 1413 1638 inferius
1431 1629 1442 1650 ‚

50 1670 216 1720 peccat.
257 1659 325 1704 Ad
362 1660 588 1718 proprium
624 1659 923 1715 convertitur,
965 1676 1067 1705 cum
1103 1676 1193 1706 suae
1221 1665 1446 1722 potestatis

49 1731 147 1776 vult
167 1745 284 1786 esse3
316 1728 372 1773 ad
404 1730 614 1784 exterius,
642 1743 742 1773 cum
765 1729 948 1774 aliorum
970 1732 1144 1791 propria
1163 1767 1174 1788 ‚
1213 1733 1283 1778 vel
1317 1750 1445 1795 quee-

51 1817 240 1862 cumque
262 1801 318 1845 ad
333 1816 378 1845 se
395 1817 486 1845 non
507 1801 749 1860 pertinent,
771 1816 1032 1861 cognoscere
1054 1804 1202 1849 studet
1224 1825 1235 1863 3
1261 1804 1316 1849 ad
1332 1805 1448 1850 infe-

51 1873 160 1928 rius,
196 1887 297 1917 cum
328 1871 599 1932 voluptatem
629 1872 819 1931 corporis
857 1871 1025 1931 diligit,
1063 1883 1195 1934 atque
1222 1875 1283 1920 ita
1313 1876 1447 1922 homo

51 1943 284 2002 superbus,
311 1957 353 1986 et
375 1943 567 1987 curiosus
583 1978 594 1998 ,
631 1952 673 1987 et
695 1943 876 1988 lascivus
901 1944 1083 1989 effectus
1099 1980 1111 2001 ,
1148 1946 1362 2006 excipitur
1390 1949 1446 1992 ab

53 2012 136 2058 alia
157 2013 271 2068 vita,
296 2029 394 2072 quae
415 2013 461 2057 in
482 2014 806 2072 comparatione
827 2015 1058 2074 superioris
1087 2016 1190 2061 vitae
1218 2032 1334 2062 mors
1357 2026 1443 2074 est,

53 2100 152 2144 quae
173 2093 319 2128 tamen
341 2084 504 2143 regitur
535 2083 906 2130 administratione
942 2085 1101 2131 divinae
1129 2087 1416 2147 providentiae
1431 2124 1443 2145 ‚

53 2171 154 2215 quae
180 2155 382 2214 congruis
404 2154 579 2199 sedibus
601 2155 774 2200 ordinat
801 2157 946 2201 omnia
963 2192 973 2211 ‚
1000 2167 1043 2202 et
1072 2174 1152 2218 pro
1183 2160 1347 2204 meritis
1369 2175 1447 2205 sua

54 2227 213 2286 cuique
234 2226 470 2270 distribuit.
498 2229 563 2270 Ita
588 2227 660 2282 fit,
687 2235 737 2271 ut
758 2242 902 2287 neque
928 2227 1003 2272 illa
1036 2229 1152 2274 bona
1176 2246 1276 2290 quae
1298 2246 1321 2274 a
1342 2246 1447 2290 pec-

55 2295 258 2341 cantibus
288 2305 556 2356 appetuntur
574 2331 584 2351 ‚
622 2296 714 2341 ullo
746 2296 876 2342 modo
907 2297 1020 2342 mala
1044 2300 1156 2355 sint,
1183 2316 1326 2361 neque
1357 2302 1448 2360 ipsa

57 2367 258 2412 voluntas
280 2366 414 2412 libera
429 2403 439 2423 ,
463 2383 593 2428 quam
612 2369 656 2411 in
679 2368 804 2414 bonis
827 2369 1088 2428 quibusdam
1115 2371 1269 2416 mediis
1295 2387 1451 2417 nume--

56 2438 238 2482 randam
261 2454 350 2482 esse
384 2441 698 2499 comperimus3
733 2440 807 2484 sed
830 2440 993 2485 malum
1016 2442 1070 2486 sit
1092 2444 1256 2487 aversio
1279 2445 1370 2504 ejus
1392 2446 1447 2489 ab

32 2507 405 2562 'incommutabili
446 2510 588 2565 bono,
627 2519 669 2555 et
705 2511 930 2557 conversio
960 2510 1016 2557 ad
1043 2513 1267 2559 mutabilia
1295 2514 1441 2560 bona:
