1729 3143
592 215 646 241 DE
679 213 930 240 HAERESIBUS.
987 200 990 201 ⁷
1367 200 1451 240 243

73 282 190 326 mina
211 280 459 334 Caeciliani,
491 293 568 323 seu
589 292 688 323 vera
703 310 715 331 ,
740 291 817 320 seu
837 274 959 334 quod
978 274 1113 333 magis
1129 273 1351 334 judicibus
1378 291 1458 334 ap-

0 341 2 379 l
72 351 217 411 paruit
233 385 245 406 ‚
270 349 378 395 falsa
394 384 406 406 ‚
433 348 488 393 de
505 357 598 394 toto
619 356 831 392 terrarum
854 346 958 389 orbe
979 344 1155 404 perierit
1169 379 1182 400 ,
1203 344 1283 388 ubi
1302 343 1453 390 futura

72 421 281 479 promissa
298 428 383 475 est,
408 427 538 478 atque
559 417 606 460 in
625 413 829 460 Africana
847 415 1003 459 Donati
1026 424 1149 474 parte
1167 415 1422 460 remanserit
1439 450 1451 467 ,

27 527 29 529 .
70 490 118 535 in
137 491 228 534 aliis
248 500 462 535 terrarum
488 486 683 547 partibus
710 485 834 544 quasi
854 485 1112 542 contagione
1136 486 1453 531 communionis

73 560 276 604 extincta.
293 559 469 603 Audent
482 557 610 601 etiam
622 555 889 614 rebaptizare
904 554 1152 600 Catholicos
1171 573 1183 601 .·
1206 557 1285 600 ubi
1302 572 1348 601 se
1363 571 1454 601 am-

74 628 187 688 plius
215 628 440 672 haereticos
466 641 555 671 esse
585 626 839 679 firmarunt,
865 639 967 669 cum
989 625 1193 669 Ecclesiae
1225 626 1452 672 catholicae

74 699 287 742 universae
324 695 560 755 placuerit,
591 709 672 738 nec
708 694 808 753 ipsis
843 694 1056 738 haereticis
1088 694 1299 754 baptisma
1333 711 1458 740 com-

74 781 207 811 mune
242 764 500 810 rescindere.
546 765 687 824 Hujus
727 764 903 808 haeresis
944 765 1185 824 principem
1226 765 1460 825 accipimus

71 833 202 879 fuisse
219 837 438 879 Donatum
456 868 467 889 ‚
499 834 653 893 quide
673 833 877 879 Numidia
898 835 1075 879 veniens
1092 869 1104 891 ‚
1129 844 1172 880 et
1189 845 1343 880 contra
1359 838 1460 881 Cae-

70 905 276 950 cilianum
312 904 595 949 christianum
634 903 832 949 dividens
868 905 1043 964 plebem
1062 941 1074 961 ‚
1116 905 1332 966 adjunctis
1377 906 1462 950 sibi

69 975 264 1034 ejusdem
292 973 491 1018 factionis
524 974 760 1033 episcopis,
793 975 1057 1035 Majorinum
1089 976 1209 1036 apud
1230 976 1462 1034 Carthagi-

20 1066 25 1071 -
71 1059 174 1088 nem
197 1044 416 1088 ordinavit
437 1044 705 1103 episcopum.
731 1045 816 1091 Cui
837 1047 1050 1105 Majorino
1072 1050 1267 1092 Donatus
1288 1048 1396 1092 alius
1419 1048 1465 1091 in

70 1113 222 1158 eadem
252 1112 462 1158 divisione
493 1114 696 1158 successit
711 1149 722 1169 ‚
748 1116 826 1174 qui
847 1116 1098 1172 eloquentia
1121 1134 1199 1161 sua
1217 1119 1277 1162 sic
1304 1118 1466 1162 confir-

69 1183 205 1228 mavit
226 1183 340 1227 hanc
361 1182 562 1227 haeresim
578 1217 589 1238 ‚
623 1193 672 1227 ut
695 1183 824 1226 multi
846 1181 1093 1226 existiment
1114 1194 1294 1243 propter
1321 1187 1467 1244 ipsum

72 1254 218 1311 potius
237 1268 310 1297 eos
328 1254 573 1298 Donatistas
593 1251 754 1298 vocari.
782 1253 946 1294 Extant
969 1252 1126 1309 scripta
1147 1255 1240 1311 ejus
1255 1289 1266 1309 ‚
1293 1255 1371 1298 ubi
1395 1271 1468 1313 ap-

72 1330 196 1381 paret
226 1336 329 1365 eum
359 1321 491 1365 etiam
524 1335 615 1364 non
647 1319 906 1364 catholicam
936 1319 992 1364 de
1025 1321 1234 1366 Trinitate
1264 1324 1471 1370 habuisse

75 1391 335 1435 sententiam
353 1425 366 1444 ‚
405 1389 482 1434 sed
503 1389 699 1448 quamvis
720 1389 915 1448 ejusdem
936 1390 1191 1435 substantiae
1211 1426 1222 1446 ‚
1254 1393 1469 1437 minorem

74 1469 222 1506 tamen
242 1463 369 1504 Patre
400 1458 563 1502 Filium
578 1494 593 1513 ,
622 1467 665 1502 et
692 1458 906 1502 minorem
932 1458 1043 1503 Filio
1061 1469 1233 1518 putasse
1257 1463 1468 1521 Spiritum

75 1539 290 1576 sanctum.
314 1532 478 1573 Verum
498 1529 545 1571 in
565 1528 702 1583 hunc,
727 1543 860 1587 quem
877 1527 932 1572 de
951 1529 1161 1574 Trinitate
1178 1532 1349 1588 habuit,
1375 1534 1468 1593 ejus

74 1615 266 1646 errorem
296 1600 622 1644 Donatistarum
653 1597 895 1644 multitudo
927 1599 1095 1644 intenta
1126 1616 1217 1646 non
1242 1601 1356 1661 fuit3
1386 1619 1468 1649 nec

76 1670 203 1716 facile
240 1671 286 1714 in
319 1671 380 1713 eis
416 1669 647 1728 quisquam
667 1703 679 1723 ,
709 1669 787 1727 qui
811 1670 896 1713 hoc
918 1668 1044 1714 illum
1065 1672 1244 1716 sensisse
1265 1675 1438 1719 noverit
1454 1710 1465 1730 ‚

75 1742 311 1787 invenitur.
339 1741 417 1785 Isti
442 1740 637 1784 haeretici
657 1739 703 1784 in
726 1739 836 1784 urbe
859 1742 999 1785 Roma
1025 1744 1274 1788 Montenses
1303 1760 1468 1790 vocan-

77 1821 150 1856 tur
167 1846 178 1867 ‚
203 1811 362 1871 quibus
379 1811 482 1855 hinc
501 1826 552 1855 ex
568 1808 716 1855 Africa
736 1810 880 1856 solent
898 1813 1151 1873 episcopum
1168 1816 1340 1860 mittere
1361 1836 1370 1861 ε
1392 1827 1468 1862 aut

77 1882 181 1926 hinc
201 1881 306 1925 illuc
334 1879 430 1925 Afri
451 1881 640 1940 episcopi
670 1896 821 1926 eorum
841 1897 1022 1942 pergere
1037 1919 1048 1939 ,
1079 1885 1114 1928 si
1137 1885 1250 1930 forte
1276 1886 1338 1931 ibi
1367 1903 1470 1932 eum

79 1950 280 1996 ordinare
299 1950 547 2009 placuisset.
571 1951 640 1995 Ad
655 1952 768 1996 hanc
786 1953 985 1997 haeresim
1006 1955 1052 1998 in
1074 1956 1221 2000 Africa
1238 1966 1281 2001 et
1296 1956 1359 2001 illi
1376 1973 1474 2017 per-

79 2021 223 2064 tinent
234 2054 245 2074 ,
266 2019 343 2078 qui
359 2018 637 2078 appellantur
652 2021 1032 2067 Circumcelliones
1050 2057 1060 2078 ,
1088 2039 1222 2082 genus
1238 2026 1468 2072 hominum

80 2098 246 2149 agreste
268 2097 311 2132 et
331 2082 628 2132 famosissimae
659 2090 856 2136 audaciae
871 2127 882 2146 ,
913 2108 1003 2137 non
1025 2093 1167 2138 solum
1189 2096 1236 2139 in
1259 2096 1362 2141 alios
1384 2097 1470 2141 im-

80 2159 224 2204 mania
246 2156 439 2202 facinora
459 2160 752 2216 perpetrando
769 2194 781 2215 ‚
813 2161 890 2205 sed
913 2177 994 2207 nec
1015 2163 1098 2207 sibi
1130 2164 1282 2209 eadem
1317 2166 1468 2212 insana

82 2228 254 2274 feritate
273 2228 507 2287 parcendo.
525 2230 634 2273 Nam
652 2244 730 2287 per
745 2240 904 2275 mortes
914 2233 1053 2277 varias
1067 2236 1341 2296 maximeque
1359 2253 1473 2297 prae-

84 2298 332 2358 cipitiorum
352 2307 395 2342 et
417 2313 629 2357 aquarum
652 2307 695 2343 et
716 2300 882 2357 ignium
901 2317 948 2346 se
967 2301 1082 2361 ipsos
1103 2320 1260 2349 necare
1282 2322 1470 2353 consue-

84 2378 216 2427 runt3
247 2377 291 2413 et
327 2369 373 2411 in
406 2368 539 2411 istum
572 2368 766 2413 furorem
801 2369 906 2414 alios
942 2387 1051 2430 quos
1088 2376 1312 2432 potuerint
1348 2393 1473 2423 sexus

86 2439 313 2498 utriusque
333 2436 539 2482 seducere
567 2472 577 2493 ,
613 2438 848 2499 aliquando
883 2450 933 2485 ut
966 2442 1222 2488 occidantur
1258 2447 1313 2490 ab
1347 2448 1440 2494 aliis
1460 2484 1471 2504 ‚

87 2517 272 2553 mortem
302 2506 385 2552 nisi
419 2505 603 2552 fecerint
634 2510 964 2555 comminantes.
991 2513 1302 2561 Verumtamen
1324 2518 1477 2577 pleris-

1225 2588 1286 2627 16.
