1729 3143
401 160 455 187 DE
489 160 638 187 ummo
672 156 888 198 Ausrrmo,
925 159 1006 186 ms.
1044 160 1091 185 11.
1358 148 1436 187 351

0 234 2 277 ξ
59 239 115 269 ne
130 224 319 269 dubites.
344 226 430 279 Qui
452 234 600 270 tamen
620 223 815 269 defectus
831 225 1038 285 quoniam
1056 232 1120 268 est
1136 223 1408 269 voluntarius
1428 259 1439 281 ‚

0 284 1 291 ἵ
58 296 104 340 in
125 305 270 341 nostra
292 306 355 342 est
377 298 540 357 positus
558 305 784 357 potestate.
807 295 851 340 Si
869 296 981 339 enim
1001 295 1127 339 times
1151 293 1293 350 illum,
1315 310 1443 354 opor-

0 364 1 406 ἕ
57 375 120 410 tet
141 375 191 411 ut
212 367 322 412 nolis
345 387 353 413 :
381 368 416 412 si
437 376 582 411 autem
603 365 736 420 nolis,
759 380 848 409 non
872 365 968 409 erit.
994 365 1111 419 Quid
1129 380 1232 424 ergo
1254 365 1444 410 securius

56 452 190 496 quam
213 453 302 482 esse
332 439 377 481 in
406 454 454 482 ea
486 438 602 482 vita¹
609 471 620 491 ,
645 436 720 480 ubi
743 450 832 480 non
854 436 986 494 possit
1019 436 1099 480 tihi
1128 436 1300 481 evenire
1324 436 1444 497 quod

55 522 146 551 non
165 508 243 552 viS.
274 509 358 553 Sed
374 508 580 568 quoniam
603 521 694 550 non
716 506 826 549 sicut
845 505 977 550 homo
995 516 1147 564 sponte
1174 506 1360 561 cecidit,
1386 503 1476 565 itfl

56 579 183 622 etiam
199 589 353 638 sponte
375 594 548 637 surgere
567 586 723 637 potest,
743 592 822 636 1³0¹
825 586 984 620 rectam
999 577 1124 621 nohis
1137 577 1322 637 desuper
1336 567 1481 622 dex·
1480 601 1481 604 ¹

55 657 193 693 teram
212 651 304 704 Dei,
324 649 369 693 id
387 660 466 705 est,
483 649 719 694 Dominum
737 657 934 692 nostrum
950 650 970 691 J
978 663 1099 691 esum
1118 648 1339 692 Christum
1358 649 1444 693 fide
1485 680 1488 682 -

53 718 178 764 firma
199 728 445 775 teneamus,
484 727 762 778 expectemus
790 727 906 763 certa
936 733 1038 777 spe,
1069 727 1112 761 et
1133 717 1343 763 charitate
1372 734 1444 763 ar-

52 789 174 834 denti
195 790 505 835 desideremus.
533 791 577 836 Si
599 791 707 850 quid.
728 800 874 835 autem
897 789 952 834 de
975 789 1141 849 origine
1159 791 1326 850 peccati
1341 789 1442 835 dili-

52 861 223 919 gentius
245 861 534 922 quaerendum
554 861 698 906 adhuc
723 870 850 922 putas
865 896 876 917 ‚
899 862 1027 919 (nam
1050 860 1229 905 omnino
1255 875 1334 918 ego
1352 861 1443 919 jam

52 946 160 989 opus
198 947 288 974 esse
323 948 413 976 non
445 933 657 987 arbitror)
679 932 714 976 si
741 932 848 990 quid
884 942 1031 975 tamen
1053 941 1206 990 putas,
1234 931 1280 974 in
1314 930 1442 974 aliam

51 1000 390 1061 disputationem
413 1002 705 1047 differendum
728 1011 806 1046 est.
832 1004 885 1047 E.
913 1004 1080 1062 Sequor
1107 1017 1208 1046 sane
1236 1001 1442 1047 volunta-

54 1081 139 1117 tem
156 1082 274 1117 tuam
290 1107 302 1128 ,
324 1083 374 1117 ut
397 1074 442 1117 in
464 1083 636 1133 tempus
662 1073 797 1129 aliud,
817 1074 937 1133 quod
958 1073 1061 1118 hinc
1083 1074 1289 1129 moverit,
1310 1073 1441 1117 diffe-

49 1159 209 1188 ramus.
236 1146 346 1189 Nam
367 1143 476 1189 illud
494 1145 575 1189 tibi
596 1160 686 1190 non
704 1145 1009 1201 concesserim,
1036 1154 1085 1190 ut
1110 1145 1209 1190 satis
1225 1146 1316 1205 jam
1337 1144 1441 1190 inde

49 1215 280 1275 quaesitum
300 1223 441 1273 putes.

95 1313 108 1332 ¹
130 1323 142 1344 1
159 1300 304 1345 Retract}
323 1322 395 1355 cap.
414 1322 462 1354 ις,
480 1321 513 1343 n.
532 1309 566 1353 4.
