1729 3143
214 213 299 255 234
645 222 678 252 s.
714 222 946 252 Avensa-nu
976 225 1160 265 ¹muscom

211 294 344 339 vitam
367 306 468 352 quae
488 290 570 335 illis
589 290 702 333 inest
715 323 727 344 ‚
758 299 802 334 et
822 291 980 335 sentire
1001 292 1205 350 credant,
1238 303 1282 339 et
1302 294 1466 354 dolere,
1492 313 1594 344 cum

210 362 433 408 laeduntur
455 379 463 405 :
488 374 568 404 nec
598 358 762 419 aliquid
785 360 888 404 inde
914 362 1005 405 sine
1035 363 1234 408 cruciatu
1256 379 1409 410 eorum
1437 383 1594 427 quem-

211 448 343 494 quam
376 445 499 490 posse
527 428 686 474 vellere
716 439 792 475 aut
819 446 1010 491 carpere.
1046 436 1228 493 Propter
1261 437 1408 495 quod,
1443 451 1595 495 agrum

209 505 339 548 etiam
361 501 494 560 spinis
521 515 724 559 purgare,
749 500 870 546 nefas
891 503 1071 548 habent.
1109 505 1234 550 Unde
1255 506 1566 565 agriculturam
1581 543 1593 564 ,

208 589 307 634 quae
325 572 524 616 omnium
537 573 696 616 artium
713 582 776 617 est
789 574 1158 631 innocentissima,
1176 585 1386 636 tanquam
1402 577 1598 637 plurium

206 643 543 688 homicidiorum
559 657 679 686 ream
701 642 926 688 dementer
943 656 1149 691 accusant
1175 665 1184 691 ε
1209 647 1385 706 suisque
1406 648 1598 693 Audito-

205 714 324 758 ribus
357 713 457 758 ideo
486 714 580 758 haec
611 714 879 759 arbitrantur
910 716 1102 774 ignosci,
1125 717 1231 775 quia
1265 717 1466 776 praebent
1494 719 1598 762 inde

205 784 409 828 alimenta
431 783 591 828 Electis
614 784 701 828 suis
723 805 734 842 3
758 794 808 829 ut
835 785 983 830 divina
1010 785 1084 830 illa
1106 786 1347 831 substantia
1370 787 1418 830 in
1447 802 1601 831 eorum

203 864 355 899 ventre
385 864 595 914 purgata,
628 856 832 914 impetret
865 856 924 899 eis
956 857 1153 911 veniam,
1189 871 1382 916 quorum
1411 856 1601 902 traditur

205 924 428 969 oblatione
450 926 694 984 purganda.
720 928 874 985 Itaque
892 926 974 984 ipsi
988 925 1146 980 Electi,
1166 926 1279 968 nihil
1295 926 1342 968 in
1365 927 1476 984 agris
1491 942 1601 985 ope-

203 1004 347 1039 rantes
364 1030 374 1050 ,
395 1010 476 1039 nec
498 1010 628 1054 poma
650 1004 878 1054 carpentes
893 1029 905 1050 ‚
930 1010 1011 1039 nec
1033 993 1186 1039 saltem
1204 993 1310 1038 folia
1326 993 1417 1038 ulla
1434 994 1603 1040 vellen-

204 1073 289 1120 tes,
317 1074 547 1124 expectant
564 1066 659 1109 haec
676 1065 823 1109 afferri
836 1066 986 1109 usibus
1008 1065 1096 1109 suis
1116 1065 1171 1109 ab
1194 1064 1482 1109 Auditoribus
1495 1066 1598 1121 suis,

201 1135 396 1179 viventes
419 1136 474 1177 de
492 1145 558 1177 tot
579 1150 627 1174 ac
650 1137 783 1174 tamis
805 1136 1047 1180 seeundum
1064 1151 1187 1180 suam
1201 1136 1439 1181 vanitatem
1456 1137 1601 1180 homi-

202 1205 325 1248 cidiis
348 1203 514 1246 alienis.
541 1204 725 1245 Monent
752 1201 883 1244 etiam
906 1206 1081 1249 eosdem
1098 1205 1329 1250 Auditores
1348 1220 1448 1249 suos
1464 1241 1476 1260 ‚
1500 1215 1550 1249 ut
1567 1207 1603 1250 si

201 1282 439 1319 vescuntur
459 1271 661 1315 carnibus
676 1305 688 1325 ‚
714 1271 918 1315 animalia
935 1289 1026 1318 non
1046 1277 1272 1327 occidant,
1297 1288 1353 1316 ne
1370 1276 1602 1319 offendant

202 1344 420 1406 principes
451 1342 730 1386 tenebrarum
759 1342 805 1385 in
832 1341 1084 1387 coelestibus
1117 1341 1340 1400 colligatos
1357 1378 1369 1399 ,
1394 1360 1419 1388 a
1441 1344 1600 1403 quibus

203 1431 378 1462 omnem
402 1429 578 1458 carnem
607 1413 762 1458 dicunt
790 1414 1004 1472 originem
1037 1413 1198 1458 ducere
1230 1433 1239 1458 2
1272 1423 1316 1458 et
1343 1415 1378 1458 si
1412 1424 1600 1461 utuntur

203 1485 480 1546 conjugibus,
501 1492 766 1543 conceptum
780 1492 927 1527 tamen
950 1484 1363 1543 generationemque
1382 1483 1594 1542 devitent,

202 1573 258 1602 ne
278 1555 424 1601 divina
446 1554 689 1598 substantia
710 1569 811 1613 quae
832 1554 877 1597 in
901 1568 974 1597 eos
996 1568 1073 1613 per
1095 1554 1300 1598 alimenta
1321 1554 1566 1612 ingreditur
1581 1591 1594 1612 ,

201 1626 384 1671 vinculis
418 1625 583 1670 carneis
614 1624 777 1682 ligetur
806 1624 852 1667 in
886 1623 1024 1682 prole.
1057 1624 1125 1668 Sic
1152 1625 1316 1682 quippe
1352 1626 1399 1668 in
1421 1640 1597 1670 omnem

201 1712 376 1742 carnem
392 1731 404 1751 ,
427 1696 471 1739 id
491 1705 555 1739 est
572 1730 583 1750 ,
608 1710 686 1754 per
701 1709 816 1738 escas
839 1703 882 1738 et
894 1703 1024 1752 potus
1040 1694 1188 1739 venire
1208 1696 1372 1740 animas
1389 1696 1593 1741 credunt.

203 1767 328 1813 Unde
350 1767 523 1826 nuptias
545 1767 636 1810 sine
662 1765 936 1809 dubitatione
957 1764 1256 1809 condemnant
1275 1801 1286 1820 ,
1312 1775 1356 1810 et
1377 1776 1597 1825 quantum

202 1840 247 1882 in
264 1838 365 1897 ipsis
384 1846 465 1892 est,
488 1836 725 1895 prohibent
739 1869 750 1890 ‚
775 1834 953 1894 quando
969 1850 1174 1893 generare
1189 1835 1442 1892 prohibent,
1461 1850 1596 1894 prop·-

201 1918 267 1952 ter
286 1906 408 1968 quod
428 1906 631 1966 conjugia
650 1904 898 1964 copulanda
914 1914 1031 1949 sunt.
1053 1904 1190 1948 Adam
1216 1914 1260 1948 et
1280 1908 1418 1949 Evam
1441 1921 1494 1949 ex
1513 1921 1594 1964 pa-

201 1978 398 2023 rentibus
410 1977 679 2037 principibus
692 1975 803 2019 fumi
816 1983 1012 2019 asserunt
1024 1984 1147 2019 natos
1164 1993 1172 2019 z
1190 1990 1292 2018 cum
1309 1984 1430 2034 pater
1442 1990 1595 2020 eorum

201 2050 378 2094 nomine
402 2047 546 2094 Saclas
568 2047 785 2092 sociorum
807 2060 987 2090 suorum
1009 2044 1141 2089 foetus
1168 2045 1366 2089 omnium
1389 2045 1595 2090 devoras-

200 2129 286 2175 set,
320 2129 365 2164 et
386 2117 605 2180 quidquid
623 2116 727 2161 inde
747 2117 1035 2161 commixtum
1052 2115 1211 2160 divinae
1227 2116 1483 2160 substantiae
1503 2132 1595 2160 coe-

200 2199 349 2250 perat,
380 2205 484 2234 cum
514 2203 648 2233 uxore
678 2187 976 2232 concumbens
1006 2186 1054 2229 in
1075 2202 1205 2230 carne
1227 2186 1359 2245 prolis
1383 2195 1593 2246 tanquam

202 2261 474 2306 tenacissimo
509 2259 686 2305 vinculo
720 2258 978 2316 colligasset.
1019 2258 1244 2302 Christum
1279 2264 1428 2300 autem
1462 2255 1593 2301 fuisse

204 2334 424 2376 affirmant
440 2367 452 2387 ,
477 2346 609 2392 quem
632 2329 738 2374 dicit
759 2339 907 2374 nostra
931 2328 1153 2387 Scriptura
1175 2336 1436 2385 serpentem,
1459 2342 1484 2370 a
1503 2343 1593 2387 quo

203 2400 470 2446 illuminatos
492 2410 710 2455 asserunt,
739 2409 790 2443 ut
810 2398 1070 2458 cognitionis
1099 2396 1248 2441 oculos
1276 2397 1519 2455 aperirent,
1548 2406 1593 2441 et

204 2472 372 2515 bonum
402 2473 655 2530 malumque
676 2471 979 2528 dignoscerent
1007 2488 1016 2514 ι
1040 2482 1230 2526 eumque
1255 2468 1477 2512 Christum
1508 2482 1589 2511 no-

206 2541 385 2586 vissimis
416 2542 686 2599 temporibus
712 2541 880 2585 venisse
909 2539 966 2583 ad
992 2539 1181 2593 animaS,
1205 2553 1295 2583 non
1324 2537 1380 2582 ad
1409 2552 1591 2596 corpora

1702 2941 1721 3143 zzz—“—
