1729 3143
229 204 313 243 264
669 213 701 240 s.
738 211 968 240 Aueusnm
1001 214 1182 243 EPISCOPI

231 286 374 336 Patre,
393 281 476 324 hoc
497 287 574 332 est,
600 277 750 321 lumen
766 293 817 321 ex
831 277 1014 333 lumine,
1039 281 1162 338 cujus
1179 280 1389 325 adventus
1406 282 1611 326 revelavit

229 355 553 395 Testamentum
567 363 732 392 novum
749 349 766 389 ἱ)
787 348 912 392 Unde
930 350 1058 392 etiam
1076 350 1153 393 ubi
1170 350 1330 394 dicitur
1351 368 1361 394 ι
1391 368 1412 391 «
1428 352 1610 395 Caritate

228 440 248 463 »
270 421 455 465 Domino
477 418 694 463 canticum
715 434 896 474 novum,
913 428 1084 463 cantate
1098 421 1308 475 Domino,
1327 420 1467 465 omnis
1479 430 1608 475 terra,

227 511 248 533 »
275 499 444 536 cantate
462 490 670 544 Domino,
695 489 940 534 benedicite
962 506 1123 535 nomen
1142 492 1234 551 ejus
1252 510 1261 536 :
1283 509 1304 533 »
1326 491 1472 535 statim
1489 506 1613 535 evan·

228 560 473 618 gelizandus
493 560 583 619 ipse
605 570 873 605 monstratur
891 596 901 616 ,
930 570 1061 621 atque
1083 561 1259 606 additur
1277 577 1286 602 :
1317 579 1338 603 «
1353 564 1470 604 Bene
1497 576 1615 604 nun-

229 648 249 670 »
277 631 380 673 tiate
403 630 518 673 diem
540 646 591 673 ex
608 629 678 674 die
698 630 883 674 salutare
901 632 1031 690 ejus1.
1046 649 1065 673 »
1091 635 1187 690 Ipse
1207 631 1340 689 igitur
1361 629 1558 674 sacerdos
1574 639 1618 673 et
1646 652 1649 653 ⁷

226 701 403 745 victima
428 701 684 744 sacrificium
711 701 852 746 laudis
878 701 1077 760 implevit
1099 702 1315 746 malorum
1336 715 1519 759 operum
1546 701 1620 744 tri·

230 772 368 814 buens
380 770 713 827 indulgentiam,
726 776 769 814 ‘et
779 771 891 814 bene
909 771 1119 829 operandi
1135 771 1322 829 largiens
1338 771 1533 828 gratiam.
1551 767 1622 813 Ad

232 842 315 884 hoc
350 842 466 883 enim
500 842 686 884 Domino
720 840 978 884 sacrificium
1006 839 1147 883 laudis
1175 840 1230 883 ab
1259 841 1351 898 ejus
1377 838 1620 883 cultoribus

230 910 482 954 immolatur
505 930 513 953 ε
543 929 562 951 «
583 913 638 953 Ut
662 911 736 968 qui
755 910 964 967 gloriatur
980 942 991 963 ‚
1016 911 1061 950 in
1085 909 1271 951 Domino
1295 908 1548 965 glorietur‘2.
1566 924 1587 948 »

288 982 364 1023 IX.
405 980 488 1023 Sed
508 981 592 1022 hoc
615 979 756 1022 Judaei
788 993 887 1022 cum
918 977 1130 1031 audiunt,
1162 985 1305 1020 erecta
1333 978 1501 1021 cervice
1532 991 1623 1020 res-

226 1050 424 1108 pondent
448 1068 456 1093 :
484 1052 570 1093 Nos
591 1064 740 1092 sumus
757 1083 768 1103 ‚
790 1047 845 1091 de
863 1048 988 1091 nobis
1004 1048 1088 1091 hoc
1104 1046 1271 1091 dictum
1289 1056 1376 1101 est,
1398 1046 1620 1091 nobishoc

229 1121 397 1162 dictum
418 1128 496 1160 est.
525 1121 612 1160 Nos
639 1119 757 1158 enim
781 1133 928 1162 sumus
953 1118 1082 1161 Israel
1106 1117 1295 1177 populus
1328 1117 1406 1161 Dei
1439 1136 1448 1161 ε
1479 1132 1557 1160 nos
1576 1117 1622 1161 in

226 1188 369 1232 verbis
388 1186 571 1229 dicentis
594 1186 866 1242 agnoscimus
890 1205 899 1230 ι
924 1206 944 1227 «
963 1187 1101 1237 Audi,
1123 1187 1312 1246 populus
1330 1201 1467 1240 meus,
1486 1195 1529 1230 et
1550 1187 1620 1231 lo-

231 1276 252 1298 »
280 1272 389 1316 quar
406 1256 487 1299 tibi
502 1290 513 1309 ‚
539 1254 692 1309 Israel,
718 1264 762 1298 et
782 1256 1048 1300 testificabor
1066 1257 1143 1301 tibi
1157 1259 1188 1300 3.
1212 1276 1231 1298 »
1257 1257 1375 1307 Quid
1397 1271 1547 1299 sumus
1567 1255 1623 1300 ad

228 1330 307 1371 ista
336 1326 527 1369 dic-turi?
550 1326 756 1369 Novimus
783 1324 962 1384 quidem
991 1324 1123 1369 Israel
1152 1325 1388 1383 spiritalem
1405 1360 1416 1380 ‚
1448 1326 1503 1370 de
1532 1342 1623 1386 quo

228 1397 334 1440 dicit
357 1394 590 1453 Apostolus
610 1413 620 1438 ι
650 1397 746 1438 «Et
766 1395 1036 1452 quicumque
1063 1395 1176 1438 hanc
1208 1395 1406 1452 regulam
1428 1410 1623 1454 sequun-

230 1484 249 1506 »
276 1474 363 1517 tur,
382 1479 465 1521 pax
477 1478 606 1521 super
619 1462 714 1505 illos
727 1472 770 1506 et
787 1462 1097 1517 misericordia,
1116 1472 1159 1507 et
1173 1478 1304 1522 super
1322 1464 1617 1509 IS1-aelDei⁴.»

232 1538 369 1577 Istum
403 1541 550 1575 autem
586 1531 718 1575 lsrael
745 1532 902 1575 scimus
935 1547 1024 1576 esse
1053 1532 1270 1576 carnalem
1286 1567 1297 1588 ‚
1322 1532 1377 1576 de
1393 1549 1482 1594 quo
1505 1534 1621 1579 idem

231 1605 337 1648 dicit
361 1622 370 1647 ε
400 1622 420 1645 «
442 1603 597 1646 Videte
620 1602 753 1646 Israe'l
782 1603 1025 1646 secundum
1047 1605 1265 1647 carnem5.
1290 1621 1310 1645 »
1345 1604 1430 1648 Sed
1451 1605 1528 1649 ista
1549 1605 1620 1649 isti

229 1689 317 1717 non
340 1673 539 1730 capiunt,
565 1680 607 1714 et
630 1686 680 1714 eo
696 1687 739 1714 se
757 1672 871 1730 ipsos
885 1672 1078 1715 carnales
1096 1687 1185 1715 esse
1200 1673 1483 1718 convincunt.
1503 1677 1621 1726 Quos

230 1742 462 1802 paululum
480 1742 604 1800 quasi
617 1750 850 1800 praesentes
865 1741 1028 1800 alloqui
1045 1742 1152 1785 libet
1173 1761 1180 1785 z
1204 1746 1345 1786 Ita-ne
1357 1758 1434 1787 vos
1450 1743 1504 1787 ad
1519 1759 1621 1787 eum

227 1811 442 1871 populum
474 1811 698 1869 pertinetis
715 1845 726 1865 ,
757 1825 887 1869 quem
918 1811 1090 1854 vocavit
1118 1814 1231 1853 Deus
1253 1810 1437 1854 deorum
1468 1827 1492 1855 a
1520 1812 1620 1857 solis

229 1893 329 1926 ortu
350 1896 488 1939 usque
511 1881 567 1923 ad
584 1882 816 1924 occasum?
839 1882 993 1924 Nonne
1014 1895 1090 1924 vos
1112 1895 1162 1923 ex
1180 1883 1374 1939 AEgypto
1397 1881 1443 1924 in
1459 1890 1619 1926 terram

230 1953 439 1998 Chanaan
462 1950 657 1994 translati
679 1951 810 1994 estis?
831 1965 921 1994 non
952 1949 1057 1994 illuc
1085 1951 1228 1994 vocati
1250 1966 1274 1994 a
1295 1949 1394 1994 solis
1420 1960 1521 1995 ortu
1547 1967 1620 1996 us-

229 2037 315 2081 que
343 2022 398 2065 ad
427 2035 626 2065 occasum
643 2055 653 2074 ,
687 2020 762 2063 sed
793 2019 894 2064 inde
923 2019 1104 2078 dispersi
1131 2019 1177 2063 in
1205 2018 1304 2062 solis
1337 2028 1482 2063 ortum
1510 2021 1620 2064 etin

228 2106 446 2135 occasum.
479 2093 632 2135 Nonne
660 2104 735 2132 vos
765 2088 820 2133 ad
845 2092 937 2148 ejus
971 2088 1167 2132 inimicos
1195 2088 1338 2146 potius
1363 2090 1616 2148 pertinetis,

229 2162 306 2219 qui
334 2161 438 2204 dicit
467 2161 511 2202 in
542 2159 712 2203 Psalmo
735 2178 743 2203 ε
775 2162 923 2202 «Deus
953 2173 1075 2201 meus
1104 2157 1417 2203 demonstravit
1437 2159 1546 2203 mihi
1572 2160 1618 2203 in

233 2249 251 2271 »
279 2230 462 2273 inimicis
486 2229 590 2272 meis
605 2263 616 2282 ‚
646 2243 701 2271 ne
725 2227 931 2272 occideris
954 2243 1047 2282 eos,
1074 2242 1130 2270 ne
1156 2227 1332 2286 quando
1356 2226 1618 2272 obliviscan-

230 2317 249 2339 »
276 2309 348 2342 tur
365 2297 468 2356 legis
485 2307 572 2342 tuae
584 2332 595 2353 ‚
617 2297 814 2356 disperge
832 2297 928 2342 illos
945 2298 990 2340 in
1011 2296 1173 2341 virtute
1190 2298 1287 2340 tua⁶
1302 2300 1320 2339 ἓ)
1336 2314 1355 2337 »
1384 2298 1510 2340 Unde
1526 2312 1616 2342 non

226 2368 526 2413 obliviscentes
562 2368 704 2427 legem
741 2369 842 2423 Dei,
882 2367 958 2412 sed
992 2367 1190 2411 eamdem
1233 2365 1612 2422 circumferentes,

271 2468 284 2486 ¹
302 2468 379 2498 Psal.
401 2478 474 2509 xcv,
502 2480 513 2499 1
536 2473 568 2501 et
583 2477 614 2500 2.
634 2485 675 2491 —
689 2475 702 2491 ²
721 2480 734 2500 1
755 2469 826 2500 Cor.
848 2479 872 2509 1,
893 2468 946 2499 31.
963 2483 1004 2490 —
1021 2465 1034 2490 ³
1053 2466 1133 2498 Psal.
1155 2476 1240 2508 xux,
1259 2477 1290 2507 7.
1308 2482 1349 2489 —
1363 2465 1380 2496 4
1398 2466 1467 2500 Gal.
1489 2477 1536 2507 iv,
1559 2465 1613 2507 16,

158 2514 161 2518 ’
226 2526 255 2552 er
275 2523 373 2562 Beda,
391 2533 446 2554 seu
467 2523 586 2563 Florus,
606 2523 683 2555 ibid.
703 2529 745 2546 ·--
764 2521 780 2545 5
799 2535 811 2554 1
833 2523 904 2555 Cor.
922 2532 957 2562 x,
980 2523 1032 2555 18.
1048 2519 1118 2545 -6
1137 2521 1216 2555 Psal.
1241 2530 1334 2563 tvm,
1359 2529 1411 2554 12.
