1729 3143
442 259 497 287 niz
528 258 680 287 nmmo
711 255 925 296 Anarnuo,
958 257 1043 286 Lus.
1076 257 1108 284 1.
1381 242 1466 282 283

91 323 189 369 luit.
228 324 344 369 Num
378 323 479 368 istas
509 321 625 382 leges
649 322 829 381 injustas
845 355 857 376 ,
892 320 963 366 vel
992 320 1136 381 potius
1160 317 1302 364 nullas
1325 316 1470 362 dicere

93 394 380 440 audebimus?
399 410 501 439 nam
530 392 638 437 mihi
665 391 734 436 lex
764 406 854 437 esse
886 407 975 437 non
1007 391 1178 436 videtur
1196 426 1208 447 ‚
1232 404 1332 451 quae
1355 389 1472 450 justa

93 483 182 512 non
206 466 353 511 fuerit.

151 539 254 582 XII.
280 539 333 580 E.
352 539 513 594 Legem
529 533 707 594 quidem
724 533 823 577 satis
842 531 969 577 video
988 547 1077 577 esse
1093 533 1309 577 munitam
1324 539 1477 576 contla

91 606 398 668 hujuscemodi
419 604 737 649 accusationem
753 638 764 659 ‚
790 619 889 662 quae
910 602 956 646 in
977 617 1029 647 eo
1049 602 1213 662 populo
1242 617 1373 662 quem
1405 615 1476 646 re-

95 680 182 738 git,
213 676 455 722 minoribus
484 674 723 720 malefactis
743 710 755 731 ,
792 690 847 718 ne
873 675 1036 735 majora
1067 674 1446 718 committerentur
1462 709 1473 728 7

93 749 218 793 dedit
238 747 475 791 licentiam.
502 746 644 791 Multo
665 754 729 790 est
748 745 865 789 enim
886 745 1034 789 mitius
1049 780 1059 800 ‚
1086 759 1187 787 eum
1217 745 1292 804 qui
1326 743 1478 787 alienae

91 819 192 863 vitae
214 817 444 862 insidiatur
460 853 471 872 ⁷
508 830 640 876 quam
677 832 775 860 eum
807 816 883 876 qui
906 831 1026 860 suam
1048 823 1196 859 tuetur
1214 850 1224 869 ‚
1251 813 1403 859 occidi.
1428 819 1480 858 Et

92 887 234 931 multo
255 896 320 930 est
341 887 572 929 immanius
586 921 596 940 ‚
617 887 800 929 invitum
818 886 1039 929 hominem
1064 894 1264 944 stuprum
1285 883 1477 943 perpeti,

92 971 228 1016 quam
250 971 350 999 eum
368 972 392 999 a
413 971 502 1014 quo
523 955 586 999 vis
605 954 678 998 illa
699 954 885 999 infertur
901 991 911 1010 ‚
938 956 991 999 ab
1008 971 1059 1000 eo
1080 956 1150 999 cui
1166 954 1328 998 inferre
1345 969 1481 998 cona-

93 1038 166 1072 tur
187 1028 392 1072 interimi.
418 1030 441 1071 J
447 1043 619 1072 amvero
651 1027 774 1071 miles
796 1029 841 1071 in
862 1028 986 1072 hoste
1010 1026 1311 1072 interficiendo
1333 1025 1484 1070 minis-

94 1108 160 1143 ter
186 1107 250 1141 est
284 1096 390 1155 legis
409 1132 420 1152 ‚
455 1113 591 1156 quare
613 1098 807 1142 officium
835 1113 963 1142 suum
992 1096 1119 1141 facile
1148 1096 1268 1140 nulla
1301 1095 1484 1140 libidine

94 1167 306 1228 implevit.
325 1170 460 1212 Porro
474 1168 565 1228 ipsa
582 1168 650 1211 lex
665 1203 676 1223 ,
700 1184 800 1228 quae
814 1167 970 1211 tuendi
987 1166 1139 1227 populi
1155 1182 1283 1211 causa
1298 1165 1385 1210 lata
1402 1175 1482 1223 est,

94 1238 258 1284 nullius
286 1237 478 1282 libidinis
500 1240 623 1298 argui
644 1247 801 1298 potest.
831 1239 872 1283 Si
899 1237 1078 1298 quidem
1100 1237 1172 1280 ille
1195 1237 1272 1297 qui
1295 1237 1398 1281 tulit
1415 1273 1426 1292 ‚
1452 1238 1487 1281 si

96 1310 174 1355 Dei
193 1311 316 1370 jussu
344 1307 471 1363 tulit,
498 1309 545 1352 id
577 1318 641 1353 est
658 1344 668 1364 ‚
703 1308 822 1369 quod
855 1308 1063 1368 praecepit
1096 1317 1259 1352 aeterna
1291 1308 1482 1368 justitia,

95 1395 246 1439 expers
268 1378 447 1423 omnino
463 1378 656 1422 libidinis
677 1377 724 1422 id
740 1393 865 1437 agere
882 1379 1027 1437 potuit
1048 1398 1056 1422 :
1074 1378 1109 1422 si
1126 1387 1273 1422 autem
1290 1377 1364 1421 ille
1385 1393 1487 1422 cum

97 1451 243 1511 aliqua
262 1449 444 1494 libidine
472 1450 557 1494 hoc
579 1449 730 1493 statuit
744 1484 756 1505 ,
792 1465 882 1494 non
905 1465 956 1493 ex
976 1464 1028 1494 eo
1044 1449 1119 1504 fit,
1143 1457 1195 1492 ut
1220 1449 1259 1492 ei
1277 1447 1365 1507 legi
1384 1464 1487 1494 cum

98 1520 279 1564 libidine
309 1520 611 1578 obtemperare
632 1532 805 1563 necesse
826 1521 879 1563 sit
899 1538 908 1565 2
934 1519 1036 1579 quia
1058 1519 1174 1563 bona
1192 1517 1261 1562 lex
1286 1528 1329 1563 et
1351 1534 1374 1563 a
1396 1535 1488 1564 non

98 1592 217 1635 bono
239 1589 342 1634 ferri
360 1598 517 1649 potest.
539 1592 638 1635 Non
659 1591 774 1634 enim
799 1590 833 1634 si
855 1590 953 1650 quis
970 1625 981 1645 ‚
1007 1589 1130 1634 verbi
1153 1605 1280 1634 causa
1299 1625 1310 1645 ‚
1337 1599 1488 1648 tyran-

99 1663 242 1706 nicam
265 1669 524 1720 potestatem
545 1669 730 1705 nanctus
744 1696 756 1716 ‚
786 1660 842 1705 ab
875 1660 1022 1720 aliquo
1043 1660 1113 1704 cui
1134 1661 1219 1705 hoc
1249 1661 1458 1706 conducit
1473 1697 1485 1718 ,

98 1731 288 1792 pretium
310 1729 494 1789 accipiat
507 1764 518 1785 ,
542 1739 592 1774 ut
611 1738 772 1774 statuat
794 1730 905 1775 nulli
925 1730 1052 1775 licere
1071 1730 1140 1775 vel
1158 1731 1213 1775 ad
1234 1732 1489 1792 conjugium

99 1801 328 1846 foeminam
350 1815 501 1860 rapere
517 1835 530 1856 ‚
560 1810 792 1861 propterea
813 1800 928 1846 mala
955 1801 1027 1845 lex
1049 1802 1154 1858 erit,
1179 1802 1282 1862 quia
1312 1802 1385 1847 ille
1417 1803 1489 1847 in-

96 1873 238 1934 justus
271 1880 402 1931 atque
432 1880 662 1931 corruptus
691 1872 805 1917 hane
829 1871 947 1916 tulit.
979 1875 1127 1917 Potest
1153 1888 1256 1932 ergo
1283 1872 1348 1917 illi
1374 1873 1486 1932 legi,

100 1959 202 2004 quae
223 1941 488 1987 tuendorum
512 1943 670 1987 civium
693 1959 820 1988 causa
840 1944 929 1987 vim
950 1943 1152 1988 hostilem
1175 1945 1327 1988 eadem
1348 1944 1389 1989 vi
1417 1959 1489 1989 re-

101 2013 208 2074 pelli
232 2012 360 2073 jubet
382 2048 393 2068 ‚
431 2013 522 2057 sine
549 2012 731 2058 libidine
764 2013 1053 2074 obtemperari
1085 2033 1094 2059 :
1128 2022 1171 2059 et
1202 2012 1256 2059 de
1284 2015 1489 2060 omnibus

102 2084 336 2139 ministris,
371 2084 449 2143 qui
464 2085 561 2143 jure
590 2093 720 2144 atque
748 2085 899 2130 ordine
926 2085 1214 2145 potestatibus
1240 2085 1489 2146 quibusque

103 2154 289 2214 subjecti
309 2163 412 2199 sunt
430 2189 441 2209 ‚
471 2154 516 2197 id
537 2152 622 2197 dici
641 2163 799 2214 potest.
829 2156 912 2201 Sed
933 2155 997 2200 illi
1018 2156 1214 2201 homines
1235 2156 1330 2215 lege
1351 2157 1490 2202 incul-

105 2234 208 2285 pata
224 2259 236 2280 ‚
275 2223 499 2285 quomodo
531 2224 744 2284 inculpati
775 2235 940 2286 queant
960 2242 1050 2271 esse
1067 2262 1078 2283 ‚
1103 2243 1191 2274 von
1210 2227 1337 2273 video
1367 2247 1375 2273 :
1401 2244 1491 2274 non

107 2295 226 2340 enim
251 2294 320 2339 lex
340 2311 413 2340 eos
441 2296 558 2355 cogit
589 2295 814 2353 occidere,
849 2296 925 2341 sed
954 2297 1162 2359 relinquit
1185 2298 1229 2342 in
1257 2309 1485 2358 potestate.

107 2366 315 2411 Liberum
333 2367 390 2410 eis
405 2366 554 2427 itaque
571 2376 635 2411 est
648 2367 867 2411 neminem
883 2382 1036 2412 necare
1049 2384 1128 2428 pro
1145 2369 1193 2413 iis
1211 2370 1361 2426 rebus,
1383 2386 1490 2432 quas

107 2437 232 2481 inviti
245 2446 427 2497 possunt
450 2437 646 2482 amittere
663 2473 674 2493 ,
700 2447 743 2482 et
763 2438 820 2483 ob
842 2439 926 2483 hoc
948 2454 1091 2484 amare
1113 2456 1203 2485 non
1223 2438 1400 2485 debent.
1427 2444 1489 2485 De

107 2507 198 2552 vita
231 2507 346 2551 enim
384 2506 562 2553 fortasse
598 2509 786 2569 cuipiam
819 2510 872 2553 sit
900 2508 1083 2554 dubium
1101 2546 1112 2566 ‚
1150 2520 1299 2556 utrum
1331 2512 1488 2556 animae

110 2577 235 2624 nullo
256 2588 384 2639 pacto
405 2578 626 2626 auferatur
645 2616 656 2637 ,
686 2579 793 2626 dum
812 2582 896 2626 hoc
918 2596 1074 2642 corpus
1096 2582 1357 2629 interimitur
1376 2602 1386 2629 :
1411 2582 1487 2629 sed
