1729 3143
414 198 469 227 ΒΕ
500 199 654 227 Lumo
685 195 905 237 Anmrmo,
939 200 1024 226 Lm.
1059 199 1090 225 1.
1361 189 1446 227 299

64 274 181 309 terea
209 272 310 307 sunt
337 263 468 317 beati,
501 263 603 322 quia
635 265 759 306 beate
779 263 924 307 vivere
944 262 1207 319 voluerunt3
1242 276 1344 306 nam
1364 263 1448 308 hoc
1476 253 1481 326 ἶ

63 333 219 379 volunt
251 334 380 377 etiam
418 332 516 376 mali
552 352 562 378 ι
601 332 676 376 sed
707 332 808 392 quia
843 343 973 388 recte,
1010 333 1130 393 quod
1151 331 1253 376 mali
1273 331 1445 377 nolunt.
1473 328 1483 382 j

65 404 356 457 Quamobrem
379 402 490 447 nibil
512 403 672 446 mirum
694 413 772 457 est,
798 403 918 462 quod
953 404 1097 447 miseri
1128 404 1324 448 homines
1359 419 1449 448 non

62 474 363 532 adipiscuntur
391 472 512 532 quod
544 473 714 527 volunt,
749 473 795 516 id
828 482 907 528 est,
940 474 1111 517 beatam
1147 473 1297 518 vitam.
1333 474 1451 519 Illud

62 544 178 587 enim
201 547 272 588 cui
294 558 437 587 comes
460 552 539 598 est,
575 552 619 586 et
641 543 734 586 sine
751 558 840 602 quo
864 558 912 586 ea
930 558 1060 587 nemo
1083 544 1240 601 dignus
1263 553 1341 598 est,
1375 560 1452 589 ne-

60 630 224 673 moque
241 615 500 673 assequitur,
518 623 634 657 recte
649 614 811 658 scilicet
825 614 986 667 vivere,
1005 630 1093 658 non
1111 614 1261 657 itidem
1281 615 1449 660 volunt.

61 687 157 728 Hoc
183 683 297 726 enim
317 692 475 726 aeterna
493 683 563 726 lex
579 682 668 738 illa,
691 682 744 727 ad
764 685 885 742 cujus
907 683 1296 728 considerationem
1315 685 1455 729 redire
1477 724 1482 735 ,,
1541 700 1544 702 ·

0 767 1 805 ῑ
53 753 146 812 jam
169 761 342 812 tempus
359 762 421 796 est
436 755 467 807 1,
494 752 843 797 incommutabili
865 753 1098 796 stabilitate
1120 754 1322 806 firmavit,
1343 754 1454 797 utin
1481 746 1485 760 ²

59 821 285 866 voluntate
301 824 505 865 meritum
529 824 581 866 sit
599 844 610 880 3
633 823 679 866 in
701 823 909 866 beatitate
927 832 1073 866 autem
1096 832 1139 866 et
1157 823 1325 866 miseria
1343 839 1456 882 prae-

59 892 197 935 mium
227 901 358 949 atque
391 892 668 948 supplicium.
702 896 857 948 Itaque
884 905 983 932 cum
1019 893 1203 934 dicimus
1229 892 1456 936 voluntate

58 960 259 1004 homines
276 975 365 1003 esse
386 960 580 1013 miseros,
600 974 690 1002 non
712 959 810 1002 ideo
832 959 1032 1014 dicimus,
1059 960 1180 1020 quod
1204 962 1346 1005 miseri
1365 977 1456 1006 esse

59 1030 211 1083 velint,
233 1029 308 1073 sed
331 1029 451 1089 quod
473 1030 519 1072 in
538 1044 588 1073 ea
609 1028 836 1073 voluntate
858 1038 976 1084 sunt,
1002 1045 1135 1089 quam
1152 1031 1282 1075 etiam
1304 1032 1364 1076 eis
1385 1033 1455 1076 in-

60 1100 157 1144 vitis
192 1100 363 1143 miseria
397 1108 605 1158 sequatur
639 1114 812 1143 necesse
845 1108 924 1144 est.
951 1103 1096 1153 Quare
1117 1116 1208 1145 non
1239 1111 1455 1160 repugnat

61 1169 273 1228 superiori
295 1169 469 1222 rationi,
496 1168 617 1227 quod
639 1169 795 1213 volunt
817 1185 967 1214 omnes
989 1170 1104 1214 beati
1125 1186 1230 1226 esse,
1254 1187 1335 1216 nec
1351 1188 1454 1230 pos-

60 1248 164 1284 sunt
182 1258 191 1284 :
214 1254 305 1283 non
319 1240 433 1282 enim
448 1239 605 1283 volunt
620 1254 770 1283 omnes
792 1248 909 1283 recte
922 1240 1084 1295 vivere,
1108 1241 1179 1284 cui
1196 1241 1274 1284 uni
1295 1241 1454 1286 volun-

62 1308 141 1353 tati
149 1308 235 1352 vita
245 1307 371 1351 beata
384 1307 572 1351 debetur
585 1327 594 1352 :
609 1308 691 1351 nisi
703 1309 809 1367 quid
823 1308 958 1352 habes
971 1308 1175 1354 adversus
1182 1311 1278 1355 haec
1291 1310 1450 1356 dicere.
1478 1329 1484 1359 ς

62 1381 115 1423 Ε.
150 1381 244 1436 Ego
262 1392 363 1421 vero
378 1376 503 1420 nihil.

123 1450 289 1492 XXXI.
328 1447 414 1492 Sed
428 1446 650 1491 videamus
660 1448 751 1507 jam
768 1447 992 1507 quomodo
1006 1447 1101 1492 haec
1118 1449 1173 1492 ad
1188 1450 1456 1508 propositam

64 1517 183 1562 illam
207 1518 494 1578 quaestionem
517 1518 573 1561 de
595 1516 768 1561 duabus
784 1516 954 1576 legibus
976 1517 1235 1563 referantur.
1261 1522 1314 1563 A.
1340 1521 1451 1565 Fiat.

67 1589 152 1633 Sed
171 1589 242 1632 dic
261 1589 369 1632 mihi
389 1588 525 1647 prius,
551 1596 699 1631 utrum
723 1588 798 1647 qui
821 1596 936 1631 recte
958 1588 1104 1632 vivere
1125 1587 1291 1646 diligit:
1316 1604 1456 1650 eoque

62 1660 122 1703 ita
140 1659 396 1712 delectatur,
422 1668 472 1702 ut
488 1674 576 1702 non
594 1657 734 1702 solum
753 1658 791 1701 ei
811 1667 977 1702 rectum
997 1659 1068 1714 sit,
1092 1658 1168 1703 sed
1180 1661 1310 1704 etiam
1326 1660 1456 1705 dulce

66 1738 197 1788 atque
227 1727 492 1788 jucundum,
527 1736 643 1771 amet
667 1728 782 1771 hanc
801 1727 959 1787 legem,
985 1728 1233 1789 habeatque
1254 1730 1454 1775 charissi-

64 1813 199 1852 mam,
235 1814 323 1857 qua
354 1797 472 1841 videt
510 1797 719 1841 tributam
759 1812 848 1841 esse
880 1797 1010 1842 bonae
1040 1798 1257 1844 voluntati
1284 1799 1455 1844 beatam

64 1868 215 1922 vitam,
240 1866 367 1911 malae
389 1866 619 1910 miseram?
640 1869 691 1910 E.
718 1870 847 1912 Amat
869 1868 1049 1913 omnino
1071 1885 1119 1913 ac
1142 1869 1452 1916 vehementer:

65 1952 169 1980 nam
194 1937 322 1980 istam
354 1937 492 1995 ipsam
521 1951 705 1997 sequens
731 1937 791 1981 ita
824 1937 945 1982 vivit.
981 1941 1033 1982 Α.
1069 1938 1186 1992 Quid
1213 1955 1313 1983 cum
1342 1941 1454 1984 hanc

65 2016 202 2062 amat,
227 2006 439 2050 mutabile
461 2007 626 2066 aliquid
647 2017 763 2052 amat
791 2023 840 2052 ac
869 2008 1106 2068 temporale
1124 2044 1135 2065 ‚
1158 2025 1211 2053 an
1232 2009 1385 2053 stabile
1406 2026 1454 2054 ae

65 2077 410 2136 sempiternum?
441 2079 493 2120 E.
527 2080 759 2121 AEternum
788 2094 889 2122 sane
914 2088 1046 2140 atque
1081 2079 1451 2124 incommutabile.

0 2200 1 2207 ἵ
67 2151 120 2192 Α,
156 2146 272 2200 Quid
294 2146 358 2190 illi
380 2146 456 2205 qui
482 2147 528 2189 in
550 2147 664 2190 mala
686 2147 912 2192 voluntate
928 2159 1251 2208 perseverantes
1266 2185 1277 2206 ,
1302 2149 1457 2195 nihilo-

0 2255 1 2263 ,
65 2218 210 2261 minus
230 2217 346 2260 beati
367 2232 457 2261 esse
479 2217 678 2275 cupiunt,
704 2229 960 2276 possunt-ne
981 2236 1123 2264 amare
1138 2221 1265 2266 istam
1293 2221 1451 2279 legem,

0 2279 1 2295 ³
66 2303 153 2347 qua
166 2285 326 2330 talibus
341 2287 593 2330 hominibus
604 2288 772 2331 miseria
786 2289 941 2333 merito
954 2291 1232 2348 rependitur?
1250 2294 1301 2335 E.
1321 2290 1453 2336 Nullo

0 2362 1 2367 ’
67 2358 201 2401 modo
219 2357 420 2401 arbitror.
441 2361 492 2402 A.
514 2357 703 2402 Nihil-ne
718 2369 866 2404 amant
883 2359 1032 2404 aliud?
1053 2364 1104 2405 E.
1132 2364 1226 2406 Imo
1247 2361 1450 2421 plurima,

0 2434 1 2438 ’
69 2442 118 2471 ea
138 2427 301 2471 scilicet
328 2428 374 2471 in
400 2428 560 2488 quibus
582 2427 867 2488 adipiscendis
888 2430 958 2476 vel
980 2431 1215 2477 retinendis
1236 2431 1350 2477 mala
1371 2447 1451 2478 vo-

117 2519 126 2535 ¹
152 2523 166 2545 ι
186 2514 331 2545 Retract.
348 2523 422 2555 cap.
442 2524 488 2556 ix,
505 2525 536 2547 n.
559 2515 592 2549 3.
