1729 3143
647 240 699 266 1)ss
733 236 972 268 ΡΑΤΙΕΜῚΑ.
1478 231 1502 267 ί)

124 303 337 357 Pecuniae,
364 303 526 361 gloriae,
552 303 737 347 lasciviae
757 303 937 361 cupidos
958 301 1169 358 videmus,
1195 310 1245 346 ut
1262 302 1318 346 ad
1338 301 1505 347 deside-

123 381 213 416 rata
246 373 514 431 perveniant,
550 371 804 431 adeptisque
838 387 927 416 non
948 381 1137 427 careant,
1162 370 1287 427 soles,
1326 372 1502 429 imbres,

124 442 297 501 glacies,
322 444 498 496 fluctus,
521 452 564 486 et
587 441 962 500 procellosissimas
993 451 1279 502 tempestates,
1299 457 1447 502 aspera
1464 451 1507 486 et

83 552 89 562 ,
121 512 284 556 incerta
305 512 541 566 bellorum,
574 511 830 556 immanium
849 512 1073 571 plagarum
1103 514 1230 568 ictus,
1254 522 1297 557 et
1324 512 1508 558 vulnera

119 582 350 636 horrenda,
369 598 458 626 non
474 582 714 627 inevitabili
737 583 1004 637 necessitate,
1024 583 1101 626 sed
1118 583 1325 641 culpabili
1345 582 1507 628 volun-

120 660 206 696 tate
234 651 440 710 perferre.
469 655 632 696 Verum
666 653 733 696 hae
767 653 897 698 licitae
932 653 1125 712 quodam
1147 652 1278 697 modo
1298 653 1505 697 videntur

118 721 310 765 insaniae.
336 724 533 782 Namque
563 722 755 777 avaritia,
786 723 982 777 ambitio,
1007 722 1198 775 luxuria,
1224 730 1267 765 et
1287 723 1506 767 variorum

118 791 436 836 oblectamenta
465 791 687 846 ludorum,
719 792 800 836 nisi
831 801 1008 851 propter
1038 792 1111 835 illa
1139 791 1306 835 facinus
1328 791 1507 852 aliquod

117 862 387 916 admittatur,
413 863 501 906 sive
515 862 725 919 flagitium
744 862 864 921 quod
881 862 1051 920 legibus
1070 862 1329 921 prohibetur
1350 863 1506 906 huma-

116 931 198 984 nis,
233 939 445 989 putantur
478 931 533 974 ad
568 931 862 976 innocentiam
898 932 1141 989 pertinere:
1168 931 1257 974 imo
1278 931 1408 975 etiam
1429 932 1505 990 qui

115 1001 205 1044 sine
227 999 379 1044 fraude
409 1003 682 1061 cujusquam,
710 1010 784 1044 aut
801 1016 880 1060 pro
898 1001 1099 1045 habenda
1116 1002 1184 1045 vel
1207 1001 1404 1059 augenda
1425 1017 1504 1060 pe-

114 1070 258 1125 cunia,
286 1080 360 1115 aut
381 1086 461 1130 pro
489 1071 776 1130 adipiscendis
798 1071 867 1115 vel
895 1071 1133 1115 retinendis
1153 1072 1410 1127 honoribus,
1430 1082 1507 1117 aut

110 1142 157 1184 in
188 1156 325 1198 agone
358 1141 566 1182 certando
598 1158 673 1182 seu
708 1141 924 1195 venando,
951 1157 1027 1186 seu
1049 1142 1313 1187 theatricum
1335 1141 1503 1202 aliquid

112 1208 397 1267 plausibiliter
418 1207 665 1251 exhibendo
687 1223 866 1265 magnos
888 1211 1056 1250 labores
1074 1212 1333 1265 doloresque.
1349 1221 1504 1266 pertu-

112 1278 226 1330 lerit,
247 1292 403 1336 parum
421 1285 484 1320 est
500 1275 621 1336 quod
639 1275 840 1334 populari
853 1276 1044 1319 vanitate
1061 1275 1193 1318 nullis
1210 1278 1504 1334 reprehensio-

112 1348 239 1391 nibus
262 1347 507 1400 cohibetur,
539 1345 614 1389 sed
636 1345 813 1403 insuper
835 1344 1061 1388 extollitur
1082 1344 1286 1389 laudibus
1304 1364 1312 1390 ε
1339 1364 1359 1386 «
1380 1349 1503 1399 Quo-

115 1435 135 1458 »
169 1417 285 1460 niam
301 1415 520 1469 laudatur,
539 1415 650 1459 sicut
667 1414 877 1473 scriptum
903 1423 982 1466 est,
1000 1423 1202 1473 peccator
1218 1415 1265 1458 in
1282 1415 1504 1460 desideriis

114 1505 134 1528 »
171 1487 324 1530 animae
346 1487 477 1530 suae1.
499 1504 518 1526 »
536 1485 610 1528 Vis
630 1485 746 1528 enim
769 1483 1082 1528 desideriorum
1100 1483 1205 1528 facit
1226 1484 1502 1529 tolerantiam

111 1555 310 1599 laborum
334 1564 376 1598 et
397 1553 604 1598 dolorum
628 1573 635 1598 :
671 1562 713 1597 et
735 1568 864 1597 nemo
885 1553 967 1596 nisi
983 1568 1062 1612 pro
1081 1568 1132 1597 eo
1149 1553 1270 1613 quod
1295 1554 1498 1609 delectat,

112 1634 265 1684 sponte
286 1624 464 1682 suscipit
485 1623 598 1666 ferre
615 1622 736 1681 quod
758 1622 935 1666 cruciat.
955 1622 1039 1666 Sed
1053 1623 1161 1677 istae,
1179 1631 1228 1666 ut
1251 1622 1354 1677 dixi,
1375 1625 1502 1683 cupi-

112 1693 283 1747 ditates,
314 1701 490 1752 propter
517 1707 625 1751 quas
659 1690 894 1750 explendas
926 1691 1003 1750 qui
1033 1692 1092 1735 eis
1123 1692 1323 1750 flagrant,
1361 1693 1500 1738 multa

111 1763 219 1808 dura
239 1772 281 1807 et
298 1763 451 1808 acerba
470 1761 779 1821 patientissime
796 1762 1027 1816 sustinent,
1047 1761 1177 1806 licitae
1200 1763 1501 1808 existimantur

111 1831 368 1891 legibusque
384 1845 611 1875 concessae.

171 1904 245 1944 IV.
282 1900 398 1954 Quid
421 1899 541 1960 quod
563 1900 691 1943 etiam
715 1914 794 1958 pro
817 1900 975 1958 apertis
997 1900 1249 1959 sceleribus,
1272 1917 1362 1946 non
1383 1912 1433 1947 ut
1447 1918 1495 1947 ea

111 1972 308 2030 puniant,
331 1970 405 2014 sed
420 1980 469 2014 ut
482 1979 734 2029 perpetrent
751 1969 890 2014 multa
911 1971 1108 2015 homines
1129 1972 1373 2029 gravissima
1397 1988 1498 2032 per-

113 2041 282 2083 ferunt?
307 2043 462 2086 Nonne
484 2039 539 2083 de
561 2038 752 2098 quodam
777 2039 1048 2084 nobilissimo
1078 2041 1230 2098 patriae
1264 2042 1495 2100 parricida,

111 2110 383 2154 saecularium
406 2111 648 2154 litterarum
669 2109 914 2169 loquuntur
936 2119 1148 2165 auctores,
1174 2111 1294 2170 quod
1314 2111 1492 2168 famem,

112 2181 242 2233 sitim,
278 2180 414 2238 frigus
451 2179 562 2222 ferre
596 2189 781 2238 poterat,
818 2183 996 2240 ejusque
1029 2190 1120 2225 erat
1151 2196 1307 2241 corpus
1332 2185 1499 2241 patiens

113 2249 284 2303 inediae,
325 2249 496 2306 algoris,
530 2248 703 2306 vigiliae,
741 2264 870 2308 supra
902 2266 1034 2310 quam
1063 2252 1268 2311 cuiquam
1291 2252 1501 2297 credibile

113 2321 202 2363 est?
224 2318 341 2371 Quid
363 2318 417 2361 de
438 2318 680 2362 latronibus
700 2318 841 2363 dicam
851 2323 884 2373 ²,
910 2336 1098 2378 quorum
1120 2337 1269 2365 omnes
1285 2337 1384 2365 cum
1401 2323 1498 2366 insi-

113 2389 288 2432 diantur
316 2388 568 2439 viatoribus,
604 2397 752 2432 noctes
781 2391 1085 2448 perpetiuntur
1107 2392 1340 2446 insomnes,
1366 2402 1496 2451 atque

114 2467 162 2502 ut
180 2468 448 2502 transeuntes
471 2457 685 2516 excipiant
706 2459 972 2508 innocentes,
996 2461 1074 2503 sub
1099 2460 1293 2518 qualibet
1314 2462 1410 2504 cwli
1434 2478 1495 2505 as-

162 2545 168 2560 ¹
193 2543 271 2574 Psal.
294 2554 336 2575 nxz
359 2544 387 2574 3.
406 2560 435 2564 ——
463 2550 474 2565 ²
502 2544 626 2575 sallust.
648 2542 687 2573 ‹le
702 2543 843 2575 Catilina.
