1729 3143
209 213 291 249 280
644 218 676 246 ε.
712 221 941 247 ,mensum
973 221 1151 248 EPlscom

206 302 355 332 omnes
383 286 660 330 damnatione
682 284 799 342 digni
829 294 1006 344 propter
1036 285 1349 330 confessionem
1375 303 1496 333 suam
1513 290 1586 349 ju-

209 358 341 402 dicati
363 357 460 400 sint.
482 355 772 408 Quamobrem
784 356 817 400 si
834 356 1050 416 quidquid
1062 355 1310 412 damnatur,
1333 358 1585 416 malumest,

208 428 370 473 malum
394 435 485 470 erat
505 425 580 471 illo
603 436 797 486 tempore
824 427 999 472 credere
1021 428 1066 472 in
1094 428 1314 473 Christum
1332 463 1343 484 ,
1377 438 1421 473 et
1450 430 1587 489 ipsam

207 498 404 544 confiteri
417 496 547 542 fidem
569 517 579 542 :
603 499 638 542 si
659 508 803 543 autem
818 515 908 544 non
922 515 1050 544 omne
1067 499 1232 544 malum
1249 509 1313 545 est
1328 500 1450 561 quod
1461 500 1587 546 dam-

204 580 355 624 natur,
381 584 528 628 quaere
550 568 668 614 aliud
691 569 809 614 unde
831 570 1094 615 adulterium
1116 571 1283 615 malum
1304 586 1394 616 esse
1413 571 1583 618 doceas.

206 645 257 686 E.
279 639 396 694 Quid
418 640 498 684 tibi
519 642 801 700 respondeam
823 658 913 686 non
934 642 1124 687 invenio.

265 713 386 755 VIII.
422 714 473 755 A.
500 711 708 756 Fortassis
731 727 833 770 ergo
855 711 991 757 libido
1012 713 1059 757 in
1076 712 1289 757 adulterio
1311 712 1476 758 malum
1497 722 1588 761 est:

204 781 281 827 sed
304 780 410 825 dum
427 790 476 825 tu
498 780 601 826 foris
623 782 667 825 in
685 782 778 841 ipso
796 781 912 827 facto
930 782 1051 842 quod
1062 784 1152 842 jam
1174 781 1311 827 videri
1329 792 1485 842 potest,
1503 799 1591 829 ma-

203 853 297 898 lum
319 852 498 912 quaeris,
525 854 681 912 pateris
700 853 933 910 angustias.
949 856 1058 898 Nam
1072 863 1121 897 ut
1138 852 1352 910 intelligas
1363 853 1591 899 libidinem

203 925 250 968 in
268 922 482 968 adulterio
499 923 662 967 malum
683 938 772 967 esse
787 957 798 977 ,
819 923 852 966 si
869 923 939 966 cui
957 922 1087 966 etiam
1104 938 1194 966 non
1210 923 1433 980 contingat
1449 922 1592 968 facul-

203 1005 267 1040 tas
292 993 615 1039 concumbendi
636 1008 737 1037 cum
759 993 945 1052 conjuge
967 992 1129 1047 aliena,
1155 992 1336 1052 planum
1356 1002 1502 1038 tamen
1520 993 1593 1039 ali-

205 1082 293 1127 quo
311 1081 351 1109 in
358 1066 444 1109 odo
462 1066 516 1108 sit
532 1064 577 1107 id
590 1079 691 1108 eum
704 1079 863 1123 cupere
878 1098 889 1119 ‚
915 1072 958 1108 et
974 1063 1007 1106 si
1026 1072 1212 1122 potestas
1230 1063 1359 1109 detur
1373 1063 1592 1109 facturum

205 1152 294 1181 esse
312 1171 323 1187 ‚
349 1150 439 1178 non
467 1134 612 1178 minus
642 1149 740 1177 reus
762 1142 849 1188 est,
875 1149 1009 1193 quam
1036 1134 1069 1177 si
1103 1134 1149 1178 in
1177 1134 1270 1194 ipso
1298 1134 1414 1181 facto
1436 1135 1594 1195 depre-

203 1205 485 1252 henderetur.
511 1206 564 1248 E.
585 1203 702 1248 Nihil
719 1212 783 1248 est
800 1204 979 1248 omnino
993 1203 1279 1260 manifestius,
1299 1207 1446 1265 etjam
1466 1206 1593 1251 video

205 1292 296 1322 non
317 1290 426 1334 opus
453 1288 540 1318 esse
569 1272 699 1331 longa
727 1273 1113 1329 sermocinatione,
1139 1284 1188 1318 ut
1211 1275 1317 1317 mihi
1339 1275 1394 1318 de
1415 1275 1593 1320 homici-

206 1348 278 1393 dio
302 1355 344 1389 θῖ
366 1343 588 1402 sacrilegio
603 1377 614 1398 ,
641 1358 688 1386 ac
710 1359 883 1402 prorsus
904 1344 959 1388 de
979 1344 1181 1388 omnibus
1205 1344 1390 1403 peccatis
1412 1360 1592 1404 persua-

205 1419 375 1463 deatur.
403 1415 582 1459 Clarum
604 1422 667 1457 est
683 1413 797 1457 enim
817 1414 906 1473 jam
929 1413 1038 1458 nihil
1061 1413 1176 1458 aliud
1204 1429 1335 1475 quam
1363 1413 1593 1461 libidinem

204 1491 250 1534 in
277 1496 370 1532 toto
392 1485 504 1530 male
524 1484 712 1530 faciendi
734 1499 891 1544 genere
913 1485 1143 1530 dominari.

270 1561 348 1604 IX.
374 1560 426 1602 A.
455 1556 626 1602 Scis-ne
648 1555 778 1599 etiam
800 1555 923 1599 istam
948 1555 1171 1600 libidinem
1186 1555 1270 1601 alio
1282 1556 1458 1601 nomine
1473 1559 1596 1617 cupi-

208 1633 387 1677 ditatem
410 1627 587 1673 vocari?
620 1628 671 1670 E.
700 1625 810 1670 Scio.
843 1628 895 1670 A.
923 1625 1033 1679 Quid
1050 1662 1061 1682 ‚
1087 1627 1199 1671 inter
1225 1627 1338 1672 hanc
1360 1636 1403 1672 et
1425 1637 1594 1673 metum

210 1703 396 1751 nihil-ne
423 1700 650 1752 interesse,
685 1712 740 1741 an
768 1696 932 1756 aliquid
959 1699 1120 1756 putas?
1144 1700 1195 1741 E.
1234 1701 1327 1743 Imo
1354 1698 1595 1758 plurimum

177 1803 179 1805 ·
209 1781 302 1824 haec
335 1774 389 1818 ab
415 1771 602 1815 invicem
628 1768 786 1812 distare
814 1767 1014 1812 arbitror.
1034 1770 1086 1812 A.
1111 1769 1253 1813 Credo
1275 1778 1318 1813 te
1340 1770 1399 1813 ob
1419 1770 1502 1814 hoc
1523 1785 1594 1814 ar-

210 1845 360 1894 bitrari
373 1880 389 1900 ,
413 1843 515 1903 quia
536 1839 748 1899 cupiditas
768 1837 953 1897 appetit,
977 1846 1120 1882 metus
1136 1836 1261 1896 fugit.
1290 1840 1341 1882 E.
1363 1841 1441 1883 Est
1464 1842 1523 1884 ita
1544 1850 1595 1886 ut

212 1920 333 1965 dicis.
353 1920 405 1961 A.
422 1913 534 1967 Quid
547 1912 581 1955 si
597 1925 698 1969 ergo
715 1909 929 1970 quispiam
944 1925 1034 1954 non
1051 1909 1287 1968 cupiditate
1303 1909 1594 1969 adipiscendae

211 1989 390 2049 alicujus
414 1986 475 2030 rei
493 2020 504 2040 ,
529 1983 604 2028 sed
626 1992 823 2028 metuens
848 1996 903 2025 ne
925 1979 1032 2040 quid
1054 1980 1092 2024 ei
1114 1979 1215 2024 mali
1238 1979 1425 2036 accidat,
1452 1983 1595 2027 homi-

212 2075 312 2105 nem
338 2055 571 2112 occiderit3
596 2069 703 2098 num
725 2050 941 2097 homicida
965 2052 1044 2095 iste
1065 2066 1155 2095 non
1176 2051 1282 2095 erit?
1302 2053 1355 2096 E.
1376 2053 1472 2097 Erit
1493 2053 1594 2113 qui-

213 2132 311 2176 dem
327 2166 338 2186 ‚
358 2127 433 2174 sed
449 2142 539 2171 non
552 2125 651 2170 ideo
668 2124 832 2169 factum
850 2124 933 2168 hoc
951 2122 1200 2182 cupiditatis
1216 2123 1446 2168 dominatu
1459 2133 1591 2169 caret:

212 2218 314 2248 nam
347 2201 423 2260 qui
454 2208 651 2243 metuens
686 2195 909 2240 hominem
941 2193 1100 2239 occidit
1122 2228 1132 2248 ‚
1172 2194 1291 2252 cupit
1319 2194 1472 2254 utique
1502 2195 1594 2240 sine

212 2283 333 2318 metu
353 2273 513 2317 vivere.
535 2273 586 2314 A.
609 2272 664 2314 Et
688 2282 870 2328 parvum
887 2266 968 2311 tibi
989 2265 1161 2311 videtur
1180 2265 1350 2309 bonum
1366 2266 1456 2310 sine
1471 2275 1594 2311 metu

213 2345 388 2389 vivere?
418 2345 470 2387 E.
506 2343 716 2400 Magnum
742 2338 909 2383 bonum
940 2345 1030 2392 est,
1061 2336 1137 2381 sed
1163 2336 1247 2381 hoc
1276 2334 1341 2380 illi
1362 2336 1594 2382 homicidae

213 2429 290 2472 per
312 2413 477 2457 facinus
505 2426 633 2456 suum
664 2409 891 2469 provenire
918 2406 1040 2452 nullo
1069 2404 1200 2450 modo
1221 2415 1377 2465 potest.
1410 2409 1462 2452 A.
1494 2409 1593 2452 Non

216 2498 364 2543 quaero
387 2483 494 2542 quid
522 2483 559 2525 ei
590 2480 818 2541 provenire
846 2478 977 2538 possit
994 2513 1004 2533 ‚
1046 2477 1121 2522 sed
1148 2475 1255 2536 quid
1286 2477 1376 2536 ipse
1411 2476 1587 2536 cupiat:

218 2563 332 2599 certe
354 2554 469 2597 enim
491 2553 658 2597 bonum
679 2551 800 2611 cupit
815 2585 827 2607 ‚
851 2551 928 2610 qui
947 2549 1067 2609 cupit
1087 2548 1220 2593 vitam
1242 2557 1362 2594 metu
1382 2547 1588 2607 liberam;
