1729 3143
451 298 504 325 DE
535 296 743 333 SYMBOL0‚
777 293 916 324 SERMO
949 297 1014 323 111.
1364 285 1417 323 89

39 365 94 409 sit
112 398 123 418 ‚
148 378 280 423 quam
297 360 404 422 quid
426 362 486 405 ibi
507 361 574 404 sit.
599 362 696 405 Non
714 368 778 403 est
797 360 857 404 ibi
878 376 992 405 mors
1009 395 1020 415 ‚
1043 374 1133 405 non
1153 367 1218 404 est
1237 358 1300 403 ibi
1320 358 1417 403 luc-

38 443 108 478 tus
128 468 139 488 ‚
166 448 254 477 non
276 441 338 476 est
358 432 419 475 ibi
440 429 648 474 lassitudo
665 463 677 483 ,
701 444 792 473 non
813 439 876 473 est
896 431 1120 474 infirmitas
1136 464 1148 485 ‚
1171 444 1261 474 non
1280 438 1343 473 est
1360 429 1418 473 fa-

37 519 151 560 mes;
175 502 294 546 nulla
327 501 439 554 sitis,
479 499 625 543 nullus
657 507 815 554 aestus,
854 500 975 543 nulla
1008 501 1257 560 corruptio,
1295 499 1416 544 nulla

37 573 273 632 indigentia
290 607 301 626 ‚
325 570 446 615 nulla
467 570 670 613 moestitia
691 604 702 624 ‚
733 569 854 613 nulla
881 571 1067 614 tristitia.
1094 574 1208 616 Ecce
1231 571 1419 616 diximus

37 644 143 703 quid
158 643 216 686 ihi
238 657 327 685 non
349 642 402 685 sit
422 661 430 685 :
452 639 559 700 quid
576 650 720 685 autem
738 641 798 684 ibi
817 641 870 685 sit
888 641 1020 685 vultis
1037 644 1193 686 nosse?
1215 646 1308 687 Hoc
1331 651 1415 687 est:

41 731 58 752 «
86 715 173 756 Nec
195 710 347 754 oculus
370 710 501 763 vidit,
529 725 607 753 nec
627 710 739 753 auris
761 710 953 765 audivit,
979 726 1060 754 nec
1078 712 1123 754 in
1142 726 1216 754 cor
1234 712 1420 756 hominis

39 802 58 824 »
85 782 277 826 ascendit
292 815 303 834 ,
328 796 427 841 quae
445 782 703 840 praeparavit
720 785 833 825 Deus
852 781 1133 839 diligentibus
1151 797 1194 825 se
1214 784 1242 823 ¹.
1270 802 1286 823 »
1317 782 1358 825 Si
1375 783 1422 825 in

34 867 108 896 cor
143 852 327 896 hominis
362 866 452 895 non
486 851 700 905 ascendit,
726 867 800 896 cor
838 852 1025 896 hominis
1053 851 1158 896 illuc
1198 851 1416 896 ascendat.

33 922 272 966 Mundetur
306 935 380 965 cor
416 921 471 964 ab
514 922 633 964 omni
673 921 950 965 immunditia
971 956 982 975 ‚
1021 931 1069 965 ut
1097 922 1229 981 possit
1254 930 1421 978 portare

33 994 172 1035 Deum
193 1025 204 1046 ,
239 991 316 1050 qui
338 999 401 1034 est
431 1005 531 1034 vera
558 991 909 1051 sempiternaque
927 992 1110 1051 justitia.
1135 994 1284 1036 Manet
1304 991 1420 1034 enim

32 1062 147 1104 Deus
168 1061 214 1103 in
241 1059 373 1104 corde
402 1060 617 1103 credentis
639 1069 682 1102 et
703 1075 748 1101 se
769 1059 985 1112 diligentis
1010 1079 1020 1105 :
1055 1070 1098 1104 et
1119 1069 1268 1104 manet
1288 1060 1421 1104 homo

32 1128 78 1170 in
95 1129 185 1170 Deo
203 1160 214 1180 ,
238 1124 284 1169 id
304 1134 368 1169 est
383 1159 395 1180 ,
419 1125 465 1168 in
487 1134 647 1169 aeterna
668 1124 756 1168 vita
777 1158 788 1178 ‚
813 1123 934 1183 quod
953 1133 1015 1168 est
1033 1125 1261 1182 praemium
1279 1129 1420 1171 Deum

33 1195 230 1241 amantis.

90 1267 217 1309 XIII.
242 1266 331 1309 Nec
353 1278 522 1318 amare,
547 1278 628 1307 nec
657 1262 838 1322 diligere
860 1263 957 1323 quis
979 1272 1123 1322 potest
1138 1298 1148 1317 ,
1171 1265 1247 1323 qui
1267 1265 1313 1309 in
1335 1268 1421 1310 Ec-

32 1334 160 1379 clesia
182 1335 272 1393 ejus
292 1349 382 1378 non
404 1343 466 1377 est
492 1353 500 1377 :
525 1334 733 1392 quoniam
756 1333 896 1376 omnis
922 1333 999 1392 qui
1017 1343 1174 1392 praeter
1194 1334 1312 1378 illam
1337 1345 1416 1391 est⁷

31 1418 112 1448 nec
134 1419 234 1447 cum
256 1406 347 1447 Deo
369 1413 432 1447 est
450 1438 461 1458 ‚
493 1404 569 1463 qui
599 1403 685 1447 vita
719 1412 880 1446 aeterna
909 1412 987 1445 est.
1026 1406 1132 1448 Ideo
1164 1408 1420 1450 sacramenti

31 1474 162 1532 hujus
197 1471 418 1516 conclusio
448 1486 526 1530 per
546 1472 783 1514 Ecclesiam
804 1471 1066 1514 terminatur
1082 1504 1093 1525 ‚
1119 1472 1223 1530 quia
1245 1475 1335 1530 ipsa
1357 1484 1422 1519 est

30 1552 167 1587 mater
204 1541 412 1587 foecunda
429 1576 440 1596 ‚
477 1542 645 1599 integra
679 1549 722 1584 et
749 1550 865 1584 casta
884 1575 894 1595 ,
920 1541 1087 1599 ubique
1109 1538 1296 1597 diffusa,
1321 1559 1420 1602 quae

30 1613 142 1657 filios
166 1616 256 1657 Deo
279 1612 527 1671 spiritaliter
547 1612 660 1670 parit
677 1646 688 1665 ‚
715 1627 814 1670 quae
835 1610 1037 1669 parvulos
1054 1610 1167 1654 lacte
1186 1613 1419 1657 verborum

32 1683 122 1741 ejus
158 1681 406 1741 spiritaliter
444 1681 609 1735 nutrit,
647 1697 747 1740 quae
782 1696 938 1740 pueros
975 1681 1227 1740 sapientiam
1260 1681 1387 1727 docet
1407 1718 1417 1737 ‚

31 1767 130 1810 quae
163 1750 456 1795 adolescentes
493 1766 516 1794 a
547 1750 716 1794 luxuria
754 1760 884 1810 atque
920 1749 1157 1809 impudicia
1180 1765 1256 1794 sua
1276 1761 1422 1796 sancta

31 1821 226 1866 castitate
250 1821 442 1865 custodit
462 1855 472 1875 ,
514 1837 614 1879 quae
649 1823 831 1881 juvenes
873 1822 1026 1865 robore
1064 1821 1236 1866 virtutis
1272 1832 1422 1868 contra

31 1890 254 1935 diabolum
277 1899 441 1942 armat‚
467 1906 566 1949 quae
589 1906 709 1935 senes
739 1892 1017 1950 prudentiam
1045 1891 1174 1937 docet
1192 1927 1203 1947 ‚
1230 1909 1330 1952 quae
1352 1910 1421 1938 se-

30 1961 172 2005 niores
190 1969 318 2004 aetate
334 1970 561 2019 provectos
579 1961 847 2005 venerabiles
869 1961 987 2006 facit.
1013 1966 1095 2006 Per
1111 1964 1225 2007 hanc
1238 1965 1421 2023 juvenes

31 2039 75 2073 et
90 2030 276 2088 virgines
294 2065 304 2085 ,
329 2031 516 2075 seniores
537 2046 636 2075 cum
655 2032 927 2091 junioribus,
953 2042 1058 2076 aetas
1079 2034 1218 2077 omnis
1241 2043 1283 2077 et
1301 2044 1419 2078 uter-

31 2114 117 2159 que
141 2114 264 2143 sexus
296 2099 477 2144 laudant
509 2116 671 2145 nomen
703 2103 876 2146 Domini
901 2105 930 2145 ¹.
959 2105 1062 2147 Haec
1084 2112 1273 2147 errantes
1307 2103 1418 2148 filios

30 2177 206 2213 revocat
222 2203 232 2222 ‚
257 2177 450 2213 mortuos
475 2171 658 2227 graviter
676 2171 794 2216 dolet
814 2208 825 2227 ‚
851 2187 997 2216 secum
1015 2183 1335 2233 perseverantes
1351 2175 1418 2218 in-

30 2237 283 2282 deficienter
307 2239 457 2297 pascit.
486 2242 609 2283 Hanc
626 2275 637 2294 ,
678 2241 943 2286 dilectissimi
965 2278 975 2299 ,
1016 2260 1208 2288 amemus
1231 2260 1379 2289 omnes
1403 2264 1411 2288 :

30 2308 107 2351 tali
127 2309 256 2352 matri
278 2309 336 2352 sic
358 2310 515 2353 amanti
536 2344 547 2361 ,
585 2311 644 2353 sic
671 2311 972 2370 prospicienti,
997 2315 1057 2358 sic
1079 2314 1322 2359 consulenti
1344 2316 1413 2359 in-

29 2378 325 2437 separabiliter
346 2380 636 2424 inhaereamus
657 2402 668 2438 3
693 2391 742 2425 ut
764 2382 893 2426 simul
914 2399 1014 2428 cum
1036 2385 1111 2430 illa
1134 2394 1176 2429 et
1197 2401 1274 2445 per
1294 2385 1411 2430 illam

29 2450 120 2493 Deo
145 2448 259 2492 Patri
282 2459 493 2508 perpetuo
517 2451 723 2511 conjungi
744 2467 1004 2498 mereamur.

79 2614 89 2630 ¹
116 2616 135 2640 2
157 2609 230 2641 Cor.
249 2620 287 2652 n,
306 2621 340 2651 9.
360 2626 400 2633 -
414 2616 426 2632 ²
446 2610 529 2643 Psal.
550 2621 676 2652 cnvm,
695 2621 746 2645 η.
