1729 3143
237 169 320 207 132
673 176 705 202 s.
742 176 971 202 AUGUSTINI
1005 175 1183 203 EPlsCopl

226 253 306 297 est,
332 252 381 286 ut
404 241 632 286 redimeret
657 248 710 282 te.
739 238 822 283 Sed
843 240 948 298 ipse,
972 239 1147 300 iniquis,
1175 239 1307 284 dixit:
1337 245 1497 285 «Pater
1521 257 1615 285 ma-

233 333 252 355 »
273 315 343 373 jor
365 328 434 356 me
455 313 556 354 est¹.
578 328 597 350 »
622 308 822 367 Intellige
844 310 1086 354 seeundum
1102 321 1352 370 susceptum
1371 313 1612 365 hominem,

228 393 271 427 et
299 381 478 440 deponis
499 393 704 421 errorem.
734 380 984 423 Secundum
1006 381 1090 425 hoc
1118 380 1253 424 dicit:
1288 384 1450 425 «Pater
1479 384 1615 441 major

233 472 252 494 »
277 467 346 496 me
364 460 448 504 est,
466 467 486 490 »
513 448 755 493 seeundum
781 449 901 508 quod
924 451 978 494 de
1001 467 1052 495 eo
1075 451 1132 495 ait
1158 452 1373 511 Propheta
1395 471 1404 496 ε
1434 471 1452 492 «
1469 452 1615 496 Mino-

231 541 251 564 »
277 521 377 565 rasti
398 535 498 563 eum
520 519 651 578 paulo
673 520 815 563 minus
837 520 891 564 ab
909 520 1126 579 Angelis2.
1148 540 1167 562 »
1198 524 1262 565 Tu
1281 531 1426 565 autem
1444 521 1530 575 dic,
1551 537 1618 566 se-

225 591 418 635 cundum
440 589 547 649 quid
570 605 670 633 eum
692 590 905 634 minorem
931 591 1078 635 asseris
1096 593 1114 635 i>
1135 592 1178 636 Si
1198 592 1441 636 seeundum
1470 601 1617 651 potes-

224 671 360 705 tatem
380 683 390 705 =.
419 678 439 702 σε
457 663 585 705 Pater
606 676 694 704 non
719 661 890 719 judicat
911 676 1205 721 quemquam,
1229 662 1306 706 sed
1330 662 1507 706 Filiu53.
1530 681 1549 703 »
1579 663 1622 707 Si

226 730 467 775 seeundum
504 745 664 789 opera:
707 731 900 774 «Omnia
932 746 1006 790 per
1029 731 1191 775 Filium
1222 731 1334 775 [acta
1358 732 1507 776 sunt⁴.
1529 750 1548 772 »
1579 731 1623 777 Si

225 800 468 845 secundum
496 809 668 860 tempus
691 801 774 845 hoc
797 799 936 845 credis
964 800 1020 845 de
1042 804 1131 845 Deo
1162 810 1261 855 tuo⁷
1298 802 1399 861 quia
1429 802 1542 845 sieut
1574 810 1624 845 tu

226 873 364 931 major
386 887 429 915 es
452 872 542 916 finio
566 880 667 926 tuo,
692 871 753 916 ita
780 871 855 915 ille
878 871 967 916 filio
989 887 1067 915 suo
1093 891 1102 915 ε
1135 880 1303 916 avertat
1324 872 1406 916 hoc
1431 874 1544 915 Deus
1567 872 1623 915 ab

223 943 403 987 auribus
432 943 657 999 fidelium3
693 943 868 1001 indigna
896 953 1000 987 sunt
1033 944 1113 987 ista
1146 943 1323 987 credere
1354 942 1409 986 de
1445 946 1548 987 Deo.
1579 944 1622 987 Si

227 1013 343 1056 enim
382 1013 517 1056 Filius
551 1012 795 1057 secundum
825 1012 1031 1057 deitatem
1064 1013 1143 1055 Dei
1172 1014 1369 1055 Verbum
1403 1022 1489 1064 est,
1514 1013 1625 1056 sieut

226 1079 490 1138 evangelista
507 1080 698 1121 Joannes
727 1086 872 1121 narrat
899 1096 908 1122 :
937 1096 958 1119 «
987 1080 1039 1121 In
1057 1078 1269 1137 principio
1286 1088 1376 1122 erat
1394 1081 1589 1125 Verbum
1607 1116 1619 1136 ‚

230 1169 250 1192 »
279 1159 323 1193 et
350 1149 541 1192 Verbum
559 1157 650 1191 erat
671 1146 788 1206 apud
814 1150 951 1190 Deum
968 1182 979 1202 ‚
1003 1156 1045 1190 et
1068 1150 1181 1191 Deus
1210 1158 1301 1192 erat
1322 1149 1518 1193 Verbum
1533 1153 1548 1176 ⁵
1567 1172 1578 1207 3

225 1220 312 1265 fuit
346 1217 526 1277 aliquod
554 1227 725 1276 tempus
756 1217 934 1275 quando
966 1221 1092 1261 Pater
1120 1217 1204 1261 fuit
1226 1218 1317 1261 sine
1339 1219 1486 1263 Verbo
1504 1255 1514 1274 ‚
1551 1230 1626 1265 aut

235 1289 319 1335 suit
338 1287 516 1348 aliquod
539 1287 800 1346 principium
822 1297 922 1331 ante
944 1287 1086 1346 ipsum
1108 1287 1389 1348 principium,
1416 1290 1625 1350 quoniam

229 1361 320 1420 ipse
335 1359 469 1403 Filius
483 1358 589 1401 dixit
604 1373 648 1401 se
663 1372 751 1400 esse
768 1357 1059 1416 principium?
1074 1359 1448 1417 Interrogantibus
1462 1362 1626 1421 quippe

236 1429 398 1475 Judaeis
421 1449 429 1473 z
460 1448 478 1470 «
497 1431 560 1471 Tu
583 1429 659 1487 qui
682 1429 758 1471 es?
777 1429 1018 1486 Respondit
1038 1448 1046 1472 ε
1072 1429 1382 1489 Principiumfl.
1403 1450 1421 1472 »
1449 1435 1562 1490 Ergo
1581 1441 1625 1477 et

232 1500 341 1545 illud
369 1498 489 1559 quod
516 1500 560 1542 in
584 1498 739 1542 Genesi
771 1498 981 1557 scriptum
1011 1508 1102 1543 est:
1148 1519 1166 1541 «
1187 1503 1239 1543 In
1269 1502 1482 1561 principio
1515 1502 1625 1547 fecit

236 1589 257 1611 »
283 1573 397 1614 Deus
417 1569 580 1613 coelum
604 1577 646 1611 et
675 1577 834 1611 terram
849 1570 879 1622 ⁷,
895 1588 914 1609 »
939 1568 1198 1626 intelligitur
1220 1570 1264 1614 in
1295 1570 1406 1616 Filio
1422 1607 1433 1627 ‚
1459 1573 1535 1632 qui
1561 1582 1625 1617 est

232 1641 510 1701 principium.
535 1640 600 1683 Sic
623 1654 726 1697 ergo
748 1654 917 1697 semper
936 1642 1048 1682 Deus
1067 1643 1209 1696 Pater,
1236 1658 1405 1701 semper
1427 1646 1536 1688 Deus
1552 1644 1626 1688 Fi-

232 1712 317 1755 lius
335 1726 344 1752 :
370 1711 471 1770 quia
493 1725 571 1753 nec
590 1710 661 1753 ille
676 1709 912 1769 aliquando
927 1725 1015 1754 non
1031 1713 1170 1764 Pater,
1190 1727 1269 1756 nee
1292 1713 1371 1756 iste
1385 1713 1625 1773 aliquando

233 1797 322 1826 non
346 1781 495 1824 Filius.
522 1782 619 1824 Non
636 1781 750 1823 enim
773 1788 822 1823 ut
847 1782 972 1823 Pater
999 1790 1224 1838 generaret
1253 1781 1438 1836 Filium,
1467 1785 1625 1829 minuit

236 1868 278 1897 se
297 1853 438 1910 ipsum
460 1870 468 1895 ε
498 1852 572 1895 sed
595 1851 652 1893 ita
674 1852 826 1909 genuit
847 1850 901 1894 de
923 1866 966 1894 se
990 1850 1174 1894 alterum
1194 1851 1366 1910 qualem
1386 1869 1450 1907 se,
1483 1864 1531 1897 ut
1554 1864 1623 1899 to-

238 1932 305 1967 tus
329 1930 520 1966 maneret
542 1921 586 1964 in
611 1936 668 1964 se.
704 1921 884 1979 Spiritus
918 1930 1064 1965 autem
1099 1931 1272 1965 sanctus
1308 1938 1397 1966 non
1418 1924 1627 1982 praecedit

236 1995 354 2038 unde
378 1992 594 2053 procedit,
625 1991 700 2036 sed
723 1993 890 2051 integer
923 1992 977 2036 de
1006 1993 1202 2052 integro,
1239 2009 1319 2038 nec
1343 1994 1501 2038 minuit
1524 2010 1627 2040 eum

238 2064 531 2125 procedendo,
552 2079 631 2108 nec
647 2072 778 2122 auget
795 2062 1017 2107 haerendo.
1045 2066 1101 2107 Et
1122 2064 1214 2107 haec
1242 2064 1323 2108 tria
1348 2080 1460 2109 unus
1487 2068 1597 2110 Deus
1612 2101 1623 2121 ,

239 2138 294 2181 de
311 2152 400 2195 quo
416 2136 633 2194 Propheta
655 2133 762 2179 dicit
783 2154 790 2179 :
819 2155 839 2177 «
859 2138 925 2179 Tu
941 2150 985 2179 es
1003 2138 1115 2179 Deus
1133 2135 1249 2180 solus
1264 2151 1446 2194 magnus
1462 2138 1493 2180 ⁸.
1514 2155 1532 2177 »
1563 2139 1628 2180 Tu

240 2217 403 2263 autem,
420 2207 640 2262 haeretice,
656 2222 870 2266 compone
884 2206 1059 2267 gradus,
1077 2223 1225 2267 separa
1246 2207 1500 2251 Trinitatem
1525 2227 1533 2251 :
1558 2207 1627 2252 fae

247 2282 417 2322 Patrem
455 2280 685 2338 majorem,
719 2277 880 2322 Filium
915 2279 1125 2323 minorem
1142 2313 1153 2333 ‚
1190 2278 1397 2337 Spiritum
1427 2288 1628 2322 sanctum

247 2359 514 2407 sequentem.
536 2348 715 2409 Scdjam
736 2349 789 2393 de
808 2349 935 2404 Filio,
957 2350 1078 2410 quod
1103 2348 1279 2409 aequalis
1303 2349 1356 2393 sit
1379 2350 1524 2404 Patri,
1548 2349 1628 2393 ali-

1602 1169 1623 1192 ))

293 2457 299 2472 ¹
324 2453 412 2483 Joan.
442 2462 497 2483 xiv
513 2478 520 2493 ,
537 2453 606 2484 os.
630 2469 669 2477 ·-··
690 2460 702 2474 ²
733 2454 813 2485 Psal‘
834 2463 911 2491 vm,
930 2454 963 2484 6.
984 2470 1024 2476 —
1047 2451 1059 2476 3
1082 2456 1172 2485 Joan.
1204 2463 1245 2493 v,
1266 2462 1306 2484 22
1327 2450 1461 2486 —41d.
1483 2465 1515 2493 1,
1536 2453 1566 2484 3.
1587 2469 1628 2477 -

246 2507 358 2539 ⁵11Jid.
382 2513 409 2548 ¹²
435 2517 467 2540 2.
487 2526 521 2531 --
540 2507 554 2530 ὓ
574 2509 618 2539 ld.
644 2519 711 2549 viu,
732 2508 772 2540 25
789 2525 827 2533 --
845 2516 857 2541 7
879 2511 955 2541 Gen.
979 2521 1003 2549 1,
1024 2520 1051 2540 1.
1074 2525 1113 2532 -
1131 2507 1378 2548 81³>a1.1„xuv,
1399 2519 1449 2541 10.

1686 0 1715 196 i,
