1729 3143
496 198 550 225 DE
582 198 702 226 umus
734 198 921 226 Excnno.
1322 186 1406 225 207

17 265 108 322 jam
121 276 202 307 nec
219 262 441 319 barbaros,
456 278 538 308 nec
549 262 775 307 diabolum
790 261 1089 317 formidamus,
1102 275 1193 306 non
1205 261 1409 306 timemus

22 333 70 377 in
89 334 412 390 term'famem,
437 350 527 379 non
548 335 751 378 timemus
781 335 1055 392 grandinem,
1085 347 1175 378 non
1203 332 1410 377 timemus

22 403 209 460 hostem,
226 420 316 450 non
328 405 530 450 timemus
544 403 758 458 lictorem,
773 419 863 448 non
875 404 1080 448 timemus
1093 417 1410 464 oppressorem:

23 473 100 518 sed
117 489 265 520 sumus
283 476 457 520 interra
473 473 651 529 mortui,
673 473 792 532 apud
814 482 858 517 te
878 477 995 518 Deus
1016 490 1107 519 non
1130 474 1347 529 morituri,
1367 473 1413 516 in

25 559 160 603 regno
179 556 256 591 tuo
278 546 399 601 salvi,
417 545 535 590 dono
555 553 650 600 tuo,
669 560 760 589 non
782 545 937 589 merito
951 554 1115 590 nostro.
1137 545 1286 598 Qualis
1308 543 1414 589 civi-

23 622 88 657 tas
109 624 173 658 est
193 613 426 658 humilium
448 631 548 674 quae
569 615 648 659 ista
673 614 805 659 dicit?
827 618 897 660 An
924 615 1086 674 putatis
1118 615 1334 659 civitatem
1367 614 1415 658 in

22 684 256 742 parietibus
273 683 604 743 deputandam?
626 686 787 732 Civitas
804 686 851 730 in
872 686 1036 731 civibus
1058 695 1137 741 est,
1158 701 1249 730 non
1270 686 1316 729 in
1337 700 1416 744 pa-

22 754 217 799 rietibus.
239 755 438 815 Denique
459 757 494 800 si
513 756 677 801 diceret
696 760 810 802 Deus
835 757 1064 803 Sodomitis
1082 775 1091 802 z
1118 757 1290 815 Fugite,
1313 754 1415 814 quia

21 823 277 871 incensurus
299 842 393 871 sum
425 826 574 872 locum
600 828 762 873 istum:
788 843 935 873 nonne
967 841 1177 885 magnum
1211 826 1416 870 meritum

23 908 95 935 eos
110 896 271 940 habere
285 897 543 951 diceremus,
569 898 603 942 si
625 897 845 957 fugerent,
865 907 908 942 et
929 899 1105 942 flamma
1117 898 1172 942 de
1189 895 1304 941 coelo
1323 894 1418 938 des-

23 961 214 1005 cendens
238 968 401 1003 moessid
418 969 689 1019 parictcoquo
712 971 930 1001 vaotnreoe‘)
955 971 1111 1001 Nonne
1131 971 1245 1000 Daue
1267 979 1419 1016 poper-

23 1040 142 1076 cerat
168 1030 354 1084 civitati,
384 1029 486 1089 quia
507 1028 655 1073 civitas
676 1028 951 1086 migraverat,
972 1035 1015 1070 et
1037 1027 1274 1086 perniciem
1302 1026 1418 1072 illius

23 1101 135 1159 ignis
148 1101 369 1145 evaserat?

84 1173 182 1215 VII.
216 1173 372 1215 Nonne
393 1177 493 1213 ante
516 1182 677 1228 paucos
698 1182 834 1212 annos
863 1168 928 1225 (3)
949 1167 1134 1211 Arcadio
1155 1166 1417 1225 imperatore

25 1239 418 1300 Constantinopoli,
437 1239 577 1299 (quod
591 1238 707 1293 dico,
728 1237 915 1283 audiunt
928 1236 1132 1282 nonnulli
1146 1235 1326 1281 forsitan
1341 1239 1418 1297 qui

25 1320 256 1366 noverunt,
277 1320 321 1355 et
339 1319 441 1354 sunt
457 1311 502 1353 in
514 1311 598 1354 hoc
616 1309 781 1369 populo
803 1309 880 1368 qui
902 1317 945 1352 et
966 1307 1056 1352 illic
1075 1315 1306 1366 praesentes
1325 1305 1420 1350 fue*

26 1390 131 1426 runt
145 1384 185 1438 ,)
212 1380 362 1426 volens
393 1383 508 1425 Deus
530 1389 690 1424 terrere
712 1379 954 1433 civitatem,
979 1387 1023 1422 et
1042 1376 1246 1421 terrendo
1268 1391 1418 1421 emen-

26 1451 146 1508 dare,
179 1451 385 1496 terrendo
412 1460 680 1506 convertere,
719 1449 923 1494 terrendo
951 1448 1180 1502 mundare,
1216 1447 1419 1491 terrendo

26 1531 212 1577 mutare,
237 1537 359 1566 servo
382 1520 556 1566 cuidam
578 1536 656 1565 suo
678 1519 812 1575 fideli,
837 1520 930 1564 viro
956 1527 1006 1563 ut
1027 1518 1187 1562 dicitur
1216 1516 1410 1571 militari,

26 1593 209 1638 venitin
230 1591 514 1646 revelatione,
539 1601 582 1636 et
603 1591 712 1635 dixit
729 1591 767 1634 ei
791 1590 1011 1635 civitatem
1028 1598 1215 1633 venturo
1229 1587 1285 1631 de
1307 1588 1418 1632 coelo

27 1663 127 1720 igne
157 1664 422 1722 perituram:
449 1676 638 1720 eumque
663 1660 892 1705 admonuit
924 1669 974 1704 ut
1008 1659 1212 1719 episcopo
1233 1657 1411 1701 diceret.

27 1733 203 1776 Dictum
234 1741 313 1786 est,
353 1747 443 1775 non
479 1731 742 1790 contempsit
764 1730 1009 1790 episcopus,
1044 1738 1088 1773 et
1120 1728 1335 1773 allocutus
1359 1737 1421 1772 est

25 1801 271 1861 populum:
299 1816 506 1846 conversa
539 1810 602 1845 est
636 1801 786 1845 civitas
823 1800 869 1844 in
905 1800 1076 1845 luctum
1119 1798 1416 1860 poenitentiae,

27 1869 402 1930 quemadmodum
423 1870 648 1929 quondam
664 1869 737 1913 illa
760 1869 937 1929 antiqua
960 1870 1154 1915 Ninive¹.
1181 1872 1343 1913 Tamen
1366 1883 1421 1912 ne

27 1949 234 1999 putarent
249 1941 446 1985 homines
468 1939 593 1984 illum
615 1940 692 2000 qui
714 1939 879 1984 dixerat
894 1939 966 1983 vel
984 1939 1172 1984 falsitate
1187 1939 1421 1997 deceptum

28 2010 99 2054 vel
114 2008 284 2054 fallacia
300 2010 535 2069 decepisse,
562 2011 683 2055 venit
704 2011 794 2055 dies
821 2025 955 2070 quem
984 2013 1099 2054 Deus
1128 2008 1272 2053 fuerat
1300 2023 1423 2053 com-

29 2080 244 2125 minatus:
269 2081 447 2124 intentis
479 2081 683 2125 omnibus
706 2090 749 2125 et
771 2081 936 2125 exitum
960 2096 1061 2125 cum
1083 2081 1237 2125 timore
1260 2093 1421 2138 magno

30 2151 373 2209 expectantibus,
406 2151 545 2195 noctis
570 2151 695 2195 initio
726 2153 985 2196 tenebrante
1003 2153 1096 2212 jam
1124 2152 1308 2206 mundo,
1333 2150 1420 2194 visa

32 2229 97 2264 est
122 2221 247 2278 ignea
278 2222 417 2265 nubes
440 2221 493 2265 ab
513 2220 715 2271 Oriente,
741 2222 883 2279 primo
910 2236 1060 2280 parva,
1087 2221 1245 2267 deinde
1268 2220 1420 2280 paula-

33 2290 113 2334 tim
131 2299 182 2334 ut
201 2290 431 2335 accedebat
454 2306 582 2349 super
599 2291 819 2335 civitatem
840 2292 900 2335 ita
915 2292 1152 2347 crescebat,
1180 2291 1320 2336 donec
1342 2289 1417 2335 toti

33 2360 133 2404 urbi
175 2360 286 2419 ignis
335 2359 583 2404 terribiliter
629 2360 889 2405 immineret.
927 2361 1171 2406 Videbatur
1204 2358 1416 2407 horrenda

0 2454 1 2461 κ
35 2430 210 2474 flamma
243 2430 450 2489 pendere,
484 2446 564 2475 nec
597 2430 705 2477 odor
737 2431 958 2490 sulphuris
990 2431 1153 2478 deerat.
1181 2434 1336 2479 Omnes
1359 2429 1416 2473 ad

91 2518 100 2534 ¹
117 2517 217 2557 Jonae,
236 2526 285 2557 111,
306 2514 336 2547 5.
