1729 3143
366 235 449 263 mn.
485 235 532 262 11.
569 234 623 261 οε
653 233 837 262 MOMBUS
867 229 1210 280 Mammaeontm.
1394 221 1476 261 567

102 314 202 359 quae
223 313 561 344 commemorare
581 298 764 357 longum
785 306 852 340 est
868 295 1046 357 quidem
1061 330 1073 351 ‚
1097 294 1172 340 sed
1189 303 1366 354 propter
1382 310 1454 342 eos
1465 331 1476 353 ‚

102 369 180 430 qui
203 368 255 413 ad
278 368 445 414 divinas
475 368 715 428 Scripturas
742 366 945 425 legendas
966 375 1009 411 et
1029 363 1350 425 pertractandas
1370 366 1483 426 pigri

102 448 205 484 sunt
222 473 234 495 ,
259 448 401 483 totum
421 439 550 482 istum
577 437 723 483 locum
753 445 946 481 retexere
969 436 1180 495 cogimur.
1209 453 1228 476 «
1254 435 1485 482 Infirmum

105 527 127 552 »
161 517 305 553 autem
334 509 380 551 in
414 508 501 552 fide
531 508 735 552 assumite
751 540 762 562 ‚
788 506 932 567 inquit
948 541 960 562 ‚
984 521 1076 551 non
1095 506 1141 550 in
1161 504 1487 566 disceptationi-

105 599 126 624 »
158 580 242 624 bus
255 579 586 638 cogitationum.
611 578 735 625 Alius
750 577 867 622 enim
883 577 1022 622 credit
1035 576 1301 622 manducare
1314 577 1459 623 omnia
1473 595 1486 622 .·

103 669 125 693 »
158 649 237 710 qui
264 657 410 694 autem
440 649 638 693 infirmus
665 657 730 693 est
746 682 757 704 ‚
795 647 890 692 olus
920 646 1173 692 manducet.
1201 649 1243 693 Is
1263 647 1340 708 qui
1363 662 1491 693 man-

105 740 125 762 »
160 718 293 763 ducat
313 753 324 773 ‚
364 734 455 763 non
485 718 823 763 manducantem
856 732 947 762 non
982 726 1185 777 spernat3
1226 725 1270 762 et
1297 718 1375 778 qui
1400 733 1494 764 non

103 808 124 832 »
159 790 428 844 manducat,
453 790 793 834 manducantem
815 802 905 833 non
923 786 1094 848 judicet
1120 807 1129 833 ε
1162 789 1279 833 Deus
1300 788 1418 833 enim
1434 789 1491 833 il-

101 879 124 903 »
158 859 253 904 lum
275 860 518 918 assumpsit.
547 862 612 903 Tu
634 860 732 918 quis
749 873 793 903 es
809 858 887 919 qui
897 857 1066 918 judicas
1084 857 1277 903 alienum
1293 861 1493 905 servum?

101 948 122 972 »
159 931 249 975 Suo
276 929 465 974 Domino
486 938 571 973 stat
586 963 597 984 ‚
623 937 699 973 aut
726 928 844 973 cadit
869 947 878 973 ε
903 927 1034 973 stabit
1054 937 1216 973 autem.
1242 932 1404 975 Potens
1427 939 1493 976 est

100 1017 122 1042 »
157 1000 275 1044 enim
296 1002 411 1044 Deus
433 1008 620 1044 statuere
637 998 777 1043 illum.
804 1001 914 1045 Nam
932 998 1040 1044 alius
1055 998 1227 1059 judicat
1241 998 1359 1045 diem
1378 1001 1494 1046 inter

101 1089 124 1114 »
156 1070 273 1114 diem
289 1105 300 1126 ‚
327 1070 436 1114 alius
453 1070 622 1130 judicat
644 1084 818 1115 omnem
841 1069 959 1114 diem
989 1088 999 1115 ι
1025 1071 1327 1131 unusquisque
1347 1071 1393 1116 in
1414 1086 1496 1117 suo

101 1159 123 1184 »
157 1156 286 1186 sensu
308 1140 520 1185 abundet.
558 1141 645 1195 Qui
667 1141 778 1200 sapit
800 1140 942 1196 diem,
967 1141 1154 1186 Domino
1181 1141 1293 1201 sapit
1317 1159 1327 1186 :
1352 1150 1397 1186 et
1418 1142 1496 1202 qui

101 1229 122 1253 »
157 1211 392 1256 manducat
410 1246 420 1266 ,
446 1211 634 1255 Domino
655 1210 894 1256 manducat
915 1232 927 1270 3
957 1211 1112 1270 gratias
1129 1211 1244 1255 enim
1266 1210 1356 1270 agit
1376 1213 1486 1257 Deo.

101 1299 123 1323 »
157 1283 215 1326 Et
232 1281 308 1340 qui
330 1296 420 1325 non
438 1280 672 1325 manducat
688 1315 699 1336 ,
725 1282 912 1326 Domino
929 1296 1018 1326 non
1038 1280 1277 1326 manducat
1292 1315 1305 1337 ‚
1329 1290 1374 1326 et
1395 1295 1492 1341 gra-

99 1370 122 1395 »
155 1352 234 1396 tias
257 1353 344 1410 agit
364 1355 470 1397 Deo.
506 1354 645 1398 Nemo
666 1352 782 1397 enim
804 1361 1002 1398 nostrum
1025 1352 1107 1397 sibi
1135 1352 1242 1397 vivit
1257 1386 1270 1408 ‚
1295 1360 1340 1396 et
1364 1365 1494 1398 nemo

100 1441 122 1466 »
157 1422 240 1467 sibi
271 1422 471 1467 moritur.
515 1423 612 1467 Sive
649 1423 765 1466 enim
797 1423 984 1468 vivimus
1004 1458 1015 1478 ‚
1058 1423 1246 1468 Domino
1274 1423 1489 1482 vivimus;

99 1511 120 1536 »
156 1492 244 1538 sive
265 1493 477 1538 morimur
499 1526 511 1548 ,
551 1492 738 1536 Domino
759 1492 986 1536 morimur.
1013 1492 1111 1536 Sive
1133 1493 1249 1535 enim
1270 1492 1456 1537 vivimus
1475 1528 1487 1549 ,

99 1581 122 1606 »
157 1563 247 1608 sive
268 1564 482 1609 morimur
499 1598 510 1618 ‚
536 1563 708 1607 Domini
730 1577 894 1607 sumus.
920 1564 974 1606 In
993 1562 1078 1606 hoc
1095 1562 1212 1606 enim
1231 1562 1428 1607 Christus
1446 1572 1490 1609 et

99 1651 121 1676 »
156 1633 262 1678 vixit
277 1668 288 1689 ‚
321 1643 365 1677 et
392 1642 591 1677 mortuus
613 1641 703 1687 est,
730 1641 774 1676 et
795 1632 1026 1676 resurrexit
1041 1666 1053 1687 ,
1078 1640 1128 1676 ut
1155 1640 1198 1676 et
1226 1631 1428 1678 vivorum
1448 1641 1493 1678 et

100 1721 121 1746 »
156 1711 430 1748 mortuorum
449 1702 714 1747 dominetur.
738 1704 803 1745 Tu
825 1709 971 1745 autem
992 1699 1100 1761 quid
1117 1700 1288 1761 judicas
1309 1699 1489 1747 fratrem

99 1793 121 1817 »
155 1783 283 1819 tuum
297 1809 309 1829 ,
334 1783 410 1818 aut
427 1783 477 1817 tu
493 1788 627 1833 quare
642 1773 806 1832 spernis
819 1771 997 1816 fratrem
1011 1781 1138 1816 tuum
1154 1774 1172 1816 ?
1191 1773 1354 1817 Omnes
1370 1773 1486 1817 enim

98 1862 120 1887 »
158 1843 370 1888 stabimus
402 1851 501 1887 ante
525 1842 719 1886 tribunal
743 1841 836 1886 Dei.
864 1841 1082 1901 Scriptum
1111 1850 1175 1885 est
1197 1841 1344 1887 enim:
1377 1843 1490 1888 Vivo

99 1932 121 1956 »
156 1928 238 1973 ego
256 1948 267 1969 ,
312 1913 418 1957 dicit
452 1913 666 1957 Dominus
685 1946 695 1967 ‚
735 1912 942 1970 quoniam
979 1911 1086 1955 mihi
1123 1911 1326 1955 flectetur
1359 1926 1490 1957 omne

100 2003 121 2027 »
156 1999 272 2044 genu
288 2019 299 2039 ‚
325 1993 369 2028 et
389 1983 670 2028 confitebitur
687 1982 825 2026 omnis
841 1981 992 2040 lingua
1009 1983 1100 2026 Deo
1117 1983 1149 2024 ¹.
1173 1984 1329 2041 Itaque
1344 1997 1485 2027 unus-

100 2074 121 2098 »
155 2055 341 2116 quisque
364 2063 561 2099 nostrum
582 2069 662 2113 pro
679 2068 723 2097 se
740 2052 952 2097 rationem
969 2051 1123 2096 reddet
1143 2054 1250 2097 Deo.
1269 2053 1368 2098 Non
1381 2060 1485 2114 'ergo

100 2144 121 2169 »
156 2125 343 2186 amplius
364 2125 549 2170 invicem
572 2122 858 2184 dijudicemus
874 2157 885 2179 ‚
910 2120 986 2166 sed
1005 2122 1089 2166 hoc
1106 2121 1300 2182 judicate
1321 2123 1457 2183 magis
1476 2159 1489 2182 ,

100 2215 122 2239 »
156 2211 212 2241 ne
234 2197 404 2256 ponatis
432 2194 749 2241 offendiculum
781 2192 903 2238 fratri
930 2191 999 2237 vel
1028 2190 1296 2238 scandalum.
1323 2193 1421 2239 Scio
1444 2202 1489 2238 et

101 2286 123 2310 »
157 2266 333 2313 confido
363 2269 409 2311 in
442 2268 628 2312 Domino
649 2268 752 2310 Jesu
768 2300 780 2320 ‚
804 2265 906 2326 quia
927 2262 1035 2308 nihil
1058 2277 1290 2309 commune
1310 2279 1390 2324 per
1419 2266 1491 2326 ip-

101 2357 123 2382 »
160 2352 257 2383 sum
273 2373 285 2394 ,
325 2339 407 2382 nisi
445 2338 483 2382 ei
523 2338 599 2397 qui
633 2336 845 2381 existimat
875 2333 983 2396 quid
1013 2348 1248 2380 commune
1275 2349 1391 2391 esse,
1426 2334 1492 2380 illi

105 2427 128 2452 »
162 2423 397 2454 commune
419 2418 496 2453 est.
526 2408 569 2453 Si
596 2407 711 2453 enim
732 2414 915 2467 propter
934 2405 1082 2450 cibum
1106 2405 1241 2450 frater
1262 2414 1365 2450 tuus
1386 2421 1495 2451 con-

110 2497 131 2522 »
168 2480 364 2524 tristatur
381 2514 392 2535 ,
424 2495 511 2524 non
530 2480 617 2540 jam
633 2477 873 2523 secundum
892 2477 1145 2523 charitatem
1163 2476 1378 2523 ambulas·
1397 2475 1495 2524 Noli

152 2570 163 2588 ¹
182 2563 255 2597 lsai.
275 2572 349 2603 nv,
367 2563 421 2596 23.
