1729 3143
230 186 283 226 72
661 199 694 226 s.
730 195 961 224 Aueus'rnu
991 195 1173 223 muscum

228 275 396 321 auferas
413 275 560 320 cibum
578 272 827 317 coelestem?
849 271 917 317 Ad
939 271 1022 316 hoc
1040 271 1116 316 das
1131 271 1378 331 pecuniam,
1402 281 1453 317 ut
1466 272 1527 317 sic
1538 272 1619 317 tibi
1673 287 1677 320 ι

228 347 297 392 isti
327 346 516 391 vendant
557 343 658 388 Clu
649 352 777 387 istum
813 343 1201 403 rebaptizandum,
1241 343 1618 403 quemadmodum

228 417 362 462 Judas
385 415 548 460 Judaeis
568 414 789 459 Christum
807 414 1175 473 crucifigendum
1167 417 1185 449 ἵ)
1209 433 1230 457 «
1251 415 1441 458 Pecunia
1459 424 1536 459 tua
1553 424 1622 460 te-

229 507 249 530 »
276 503 376 532 cum
399 487 452 530 sit
466 485 511 528 in
524 484 854 543 perditionem1.
886 504 905 526 n
933 487 1107 545 Pejora,
1128 486 1346 543 haeretice,
1363 485 1470 530 facis
1487 500 1620 545 quam

227 574 326 618 quae
349 556 452 600 fecit
469 558 494 599 J
498 556 664 600 udaeus.
689 559 802 600 Ecce
825 556 939 600 enim
959 559 983 600 J
988 556 1140 601 udaeus
1157 557 1237 600 etsi
1252 557 1432 616 praemio
1450 571 1624 615 compa-

226 629 338 672 ravit
358 627 580 672 Christum
603 626 911 682 occidendum,
932 627 1065 671 semel
1084 626 1199 671 latus
1220 628 1267 670 in
1283 641 1413 671 cruce
1426 627 1625 686 penden-

227 699 280 743 tis
303 698 514 758 pupugit,
541 697 615 742 sed
637 707 781 742 totum
806 699 898 757 ejus
933 713 1090 757 corpus
1115 698 1336 755 integrum
1358 697 1622 741 reservavit.

226 777 276 813 tu
298 783 400 813 vero
419 767 474 812 ad
497 769 579 813 hoc
601 783 701 812 eum
718 767 916 827 quotidie
938 783 1162 827 comparas
1179 767 1381 827 pecunia,
1401 776 1453 811 ut
1470 767 1626 811 seden-

226 839 280 883 tis
301 839 347 882 in
371 837 484 883 coelo
507 837 676 883 diversa
697 838 858 884 laceres
879 838 1090 883 membra.
1123 840 1211 883 Vos
1233 847 1405 892 autem,
1431 836 1626 881 dilectis-

227 908 339 962 simi,
361 908 438 967 qui
460 907 513 952 ab
535 909 661 952 initio
673 908 881 953 uberibus
898 918 1058 953 sanctae
1075 908 1223 953 matris
1234 907 1440 952 Ecclesiae
1452 907 1624 961 nutriti,
1692 926 1696 954 ι

227 994 366 1038 usque
387 978 441 1023 ad
462 979 653 1024 solidum
673 980 831 1047 cibum·
847 979 945 1024 estis
969 981 1025 1024 ab
1051 995 1100 1024 ea
1122 979 1340 1038 perducti,
1373 987 1547 1022 manete
1581 978 1628 1020 in
1694 966 1697 979 ’

227 1065 290 1093 ea.
323 1050 476 1107 Siquis
500 1052 591 1107 ejus
613 1052 683 1093 vel
706 1050 978 1107 disciplinam
999 1049 1069 1091 vel
1092 1049 1336 1106 quamlibet
1360 1048 1628 1092 admonitio-

228 1134 330 1162 nem
354 1133 502 1177 aspere
537 1117 657 1171 tulit,
683 1127 726 1161 et
755 1118 888 1161 iratus
911 1117 1114 1161 abscessit
1132 1153 1143 1172 ‚
1176 1126 1383 1176 agnoscat
1414 1126 1624 1173 matrem,

229 1190 377 1234 redeat
396 1189 451 1232 ad
473 1204 567 1232 eam
586 1188 772 1232 libenter
791 1208 799 1232 ε
829 1198 872 1233 et
893 1190 987 1234 haec
1001 1189 1178 1248 suscipit
1193 1204 1293 1248 quae
1309 1189 1507 1248 requirit,
1529 1203 1629 1246 gau-

231 1259 442 1317 debitque
478 1258 617 1301 filium
655 1258 873 1316 perditum
912 1258 1042 1303 fuisse
1080 1273 1353 1303 conversum.
1400 1257 1484 1303 Sed
1527 1257 1630 1302 licet

232 1329 424 1372 multum
447 1328 635 1387 gaudeat
651 1328 790 1371 filium
810 1328 1031 1386 perditum
1047 1327 1178 1372 fuisse
1193 1343 1469 1383 conversum,
1491 1327 1628 1372 stabi-

232 1400 364 1444 litatis
387 1400 644 1455 dignitatem
667 1413 757 1441 non
785 1399 967 1457 quiescit
998 1401 1234 1458 praedicare
1272 1414 1418 1444 secum
1452 1414 1628 1458 perma-

233 1471 433 1514 nentium
452 1466 659 1511 filiorum.

285 1571 294 1586 ¹
315 1567 387 1596 Act.
407 1574 479 1604 vm,
500 1573 553 1595 ‘202

1675 372 1681 473 ἓ

1679 476 1686 593 ἶ

1683 598 1688 682 k

1685 689 1691 796 ἓ

1691 859 1695 920 ἰ
