1729 3143
233 242 315 282 428
665 252 697 281 s.
735 252 964 281 Aucus‘nm
996 253 1176 282 EPISCOPI

233 319 424 379 poralem
447 332 589 361 rerum
613 318 845 364 visibilium
874 320 928 364 ab
950 318 1022 364 illa
1043 319 1304 379 incorporali
1326 334 1471 365 rerum
1497 323 1608 366 invi-

232 389 419 433 sibilium
450 386 580 431 fuisse
610 388 853 434 discretam.
889 392 1000 435 Cum
1031 391 1147 434 enim
1179 389 1340 434 coelum
1370 390 1425 435 sit
1452 406 1607 451 corpus

230 458 600 519 pulcherrimum,
635 462 774 504 omnis
810 461 1033 505 invisibilis
1060 471 1255 505 creatura
1281 461 1448 506 excedit
1480 463 1609 507 etiam

230 529 603 589 pulchritudinem
631 530 732 575 coeli
753 551 763 577 ι
786 542 829 576 et
855 533 954 577 ideo
979 532 1154 577 fortasse
1181 548 1310 592 super
1332 532 1493 577 coelum
1520 549 1610 578 esse

230 598 436 644 dicuntur
452 616 576 661 aquae
592 601 848 658 invisibiles,
868 620 967 663 quae
986 620 1008 647 a
1026 603 1174 663 paucis
1195 604 1501 662 intelliguntur
1522 619 1611 648 non

228 670 425 715 locorum
451 672 624 717 sedibus
639 709 650 729 ‚
673 674 747 718 sed
766 675 977 733 dignitate
999 685 1166 719 naturae
1189 690 1390 734 superare
1413 674 1576 718 coelum
1597 692 1607 718 :

227 757 479 802 quanquam
501 744 556 788 de
576 745 658 790 hac
680 761 724 789 re
749 744 858 789 nihil
880 754 1040 789 temere
1063 745 1370 790 affirmandum
1394 755 1484 801 est3
1511 744 1613 788 obs-

227 828 331 858 cura
348 824 412 859 est
434 817 550 860 enim
566 851 578 872 ,
603 827 646 861 et
668 826 833 861 remota
855 833 877 861 a
899 818 1094 862 sensibus
1117 818 1349 862 hominum
1369 835 1377 862 :
1398 816 1474 860 sed
1495 831 1610 876 quo-

226 899 317 944 quo
350 887 483 927 modo
515 901 559 924 sc
588 887 776 935 habeat,
813 896 1046 940 antnqnam
1078 887 1370 945 intelligatur,
1395 886 1612 931 credenda
1672 898 1675 947 ξ

227 959 305 996 est.
337 968 357 991 «
382 952 439 994 Et
469 948 581 994 facta
616 959 679 994 est
700 965 902 1009 vespera,
927 959 970 994 et
996 950 1160 995 factum
1190 962 1254 996 est
1273 968 1400 996 mane
1427 952 1516 996 dies
1542 966 1611 996 se-

229 1039 250 1063 »
277 1019 460 1065 cundus.
496 1038 515 1061 »
556 1022 654 1064 Jam
687 1021 830 1064 omnia
858 1021 952 1065 haec
974 1037 1073 1081 quae
1095 1032 1379 1082 repetuntur,
1405 1023 1515 1068 sicut
1535 1038 1610 1067 su-

226 1092 370 1151 perius
391 1089 673 1149 intelligenda
696 1099 826 1151 atque
849 1092 1074 1137 tractanda
1093 1103 1208 1137 sunt.

285 1163 451 1205 XVIII.
482 1180 502 1203 «
530 1163 584 1205 Et
613 1161 719 1205 dixit
753 1165 865 1207 Deus
894 1182 903 1207 :
929 1165 1229 1223 Congregetur
1262 1180 1374 1225 aqua
1411 1181 1508 1224 quae
1548 1174 1611 1210 est

232 1252 248 1273 »
275 1233 356 1275 sub
379 1231 493 1276 coelo
510 1232 555 1275 in
577 1233 957 1292 congregationem
980 1250 1107 1277 unam
1128 1244 1171 1278 ct
1189 1245 1392 1294 appareat
1414 1236 1548 1290 arida,
1568 1245 1611 1280 et

232 1318 250 1343 ι)
275 1303 334 1347 sic
350 1301 513 1347 factum
528 1312 605 1347 est.
630 1306 685 1347 Et
701 1313 959 1363 congregata
976 1315 1038 1349 est
1057 1322 1169 1366 aqua
1184 1323 1282 1366 quae
1299 1316 1389 1350 erat
1405 1307 1484 1351 sub
1498 1306 1610 1351 coelo

228 1391 248 1413 »
274 1374 318 1417 in
340 1374 721 1432 congregationem
746 1390 876 1419 unam
895 1410 904 1429 ‚
929 1385 971 1420 et
994 1378 1193 1436 apparuit
1215 1377 1348 1421 arida.
1372 1381 1427 1421 Et
1444 1379 1612 1423 vocavit

231 1463 248 1484 »
277 1446 389 1487 Deus
408 1443 590 1498 aridam,
615 1447 788 1489 Terram
810 1465 818 1490 ε
845 1454 888 1490 et
900 1448 1277 1506 congregationem
1296 1464 1421 1507 aquae
1444 1449 1611 1492 vocavit

228 1531 248 1554 »
274 1516 407 1557 Mare.
445 1516 501 1557 Et
533 1513 641 1558 vidit
669 1518 782 1559 Deus
809 1516 909 1575 quia
932 1517 1098 1561 bonum
1125 1527 1185 1562 est
1204 1520 1234 1563 ¹.
1269 1536 1289 1559 »
1326 1521 1377 1562 In
1403 1518 1485 1563 isto
1513 1518 1610 1563 loco

225 1584 453 1627 Maniehaei
472 1584 624 1628 dicunt
646 1604 655 1630 2
684 1587 725 1630 Si
748 1596 889 1630 totum
909 1588 1030 1647 aquis
1049 1587 1225 1646 plenum
1245 1597 1336 1632 erat
1353 1624 1363 1643 ‚
1389 1589 1611 1649 quomodo

225 1662 426 1712 poterant
457 1671 582 1716 aquae
616 1657 868 1715 congregari
901 1658 947 1700 in
980 1660 1153 1701 unum?
1178 1658 1261 1703 Sed
1291 1660 1380 1718 jam
1414 1659 1610 1718 superius

225 1723 391 1769 dictum
413 1735 499 1781 est,
529 1727 707 1770 nomine
730 1743 940 1787 aquarum
962 1729 1185 1772 materiam
1208 1728 1325 1771 illam
1351 1729 1608 1787 appellatam

225 1811 352 1855 super
374 1812 503 1856 quam
527 1797 747 1842 ferebatur
781 1799 962 1857 Spiritus
987 1799 1059 1841 Dei
1080 1833 1091 1853 ‚
1124 1798 1241 1841 unde
1263 1808 1354 1842 erat
1377 1801 1490 1842 Deus
1512 1815 1609 1843 om—

225 1867 296 1912 nia
320 1867 599 1913 formaturus.
631 1872 757 1914 Nunc
780 1885 882 1913 vero
912 1885 1013 1914 curn
1040 1869 1200 1913 dicitur
1226 1889 1235 1914 :
1266 1889 1286 1911 «
1310 1872 1610 1928 Congregetur

228 1956 248 1979 »
275 1954 388 1999 aqua
409 1956 508 1999 quae
525 1949 588 1984 est
605 1941 686 1984 sub
702 1940 815 1984 coelo
830 1940 876 1984 in
898 1941 1276 1999 congregationem
1293 1956 1426 1985 unam
1448 1956 1457 1982 :
1482 1959 1502 1982 n
1526 1942 1610 1986 hoc

226 2009 385 2054 dicitur
405 2020 456 2055 ut
477 2011 549 2056 illa
567 2013 743 2056 materia
762 2012 995 2072 corporalis
1017 2012 1231 2057 formetur
1250 2013 1295 2056 in
1312 2028 1406 2056 earn
1425 2014 1610 2072 speciem

225 2096 354 2140 quam
377 2083 542 2128 habent
565 2099 688 2143 aquae
709 2084 801 2127 istae
829 2083 1032 2127 visibiles.
1069 2087 1165 2143 Ipsa
1199 2084 1313 2127 enim
1336 2084 1610 2143 congregatio

225 2151 272 2194 in
293 2169 429 2197 unum
444 2189 455 2209 ‚
495 2154 585 2212 ipsa
606 2164 669 2198 est
694 2169 906 2214 aquarum
933 2155 1111 2198 istarum
1133 2152 1336 2199 formatio
1358 2170 1464 2215 quas
1487 2154 1611 2198 vide-

227 2235 322 2265 mus
347 2233 391 2268 et
411 2225 643 2283 tangimus.
665 2226 816 2269 Omnis
837 2226 953 2269 enim
975 2224 1116 2270 forma
1138 2225 1192 2268 ad
1215 2224 1393 2268 unitatis
1414 2224 1611 2283 regulam

229 2291 411 2348 cogitur.
437 2298 493 2339 Et
516 2295 635 2355 quod
656 2296 815 2341 dicitur
835 2316 843 2341 ι
869 2316 885 2335 «
909 2300 1128 2356 Appareat
1150 2294 1267 2339 arida
1283 2330 1294 2351 ‚
1317 2313 1336 2336 n
1364 2295 1471 2355 quid
1493 2293 1611 2339 aliud

230 2360 314 2404 dici
338 2360 669 2419 intelligendum
692 2376 782 2422 est,
807 2368 887 2411 nisi
913 2376 962 2411 ut
986 2366 1059 2411 illa
1086 2367 1283 2411 materies
1304 2366 1485 2425 accipiat
1506 2365 1610 2409 visi-

232 2430 363 2474 bilem
383 2431 567 2477 formam
582 2469 592 2485 ,
614 2455 742 2495 quam
759 2455 878 2484 nunc
895 2439 1029 2483 habet
1045 2448 1157 2482 terra
1173 2438 1251 2482 ista
1269 2453 1399 2497 quam
1416 2436 1612 2481 videmus

230 2508 274 2543 et
296 2502 542 2558 tangimus?
567 2506 772 2564 Superius
798 2525 900 2569 ergo
932 2508 1053 2569 quod
1078 2508 1387 2553 nominabatur
1407 2516 1518 2550 terra
1540 2507 1611 2549 in-

279 2590 286 2605 ¹
310 2586 386 2616 Gen.
407 2592 515 2627 1‚9et
538 2598 586 2619 10.
