1729 3143
238 185 320 222 310
646 191 679 219 s.
715 191 947 220 Aneus'mm
977 192 1160 222 EPISCOPI

237 259 412 320 proprie
427 258 481 301 ad
503 256 652 301 oculos
667 256 872 313 pertinet,
897 257 1018 316 quod
1031 272 1108 316 per
1119 272 1192 302 eos
1205 260 1412 305 sentimus
1425 263 1444 305 Ρ
1456 264 1510 305 Ε.
1526 263 1616 307 Co-

230 331 312 375 lor.
338 334 391 373 A.
417 327 532 380 Quid
551 325 606 370 ad
627 328 781 371 aures?
803 330 855 371 E.
886 330 1042 373 Sonus.
1069 332 1122 373 A.
1143 328 1262 382 Quid
1288 330 1344 374 ad
1373 331 1618 377 olfactum?

231 405 283 446 E.
307 399 439 443 Odor.
456 395 519 443 Ἇ.
544 397 658 451 Quid
676 399 731 442 ad
753 408 924 457 gustum
943 402 960 444 Ρ
983 402 1035 444 Ε.
1063 402 1213 460 Sapor.
1234 404 1288 445 A.
1315 401 1432 454 Quid
1454 402 1508 447 ad
1523 412 1618 448 tac-

229 482 323 515 tum
341 471 357 509 ⁶?
379 470 430 512 E.
466 456 600 514 Molle
627 467 698 514 vel
719 468 880 514 durum
895 505 906 526 ,
939 469 1038 513 lene
1061 469 1131 515 vel
1153 486 1353 530 asperum
1368 507 1380 527 ,
1409 480 1453 516 et
1479 473 1618 518 multa

229 541 345 584 talia.
381 542 433 583 A.
460 539 578 591 Quid
599 554 832 599 corporum
853 539 1036 594 formas,
1063 554 1264 598 magnas,
1294 542 1447 586 breves
1463 576 1475 598 ,
1505 558 1620 602 qua-

227 610 347 665 dras,
374 608 585 654 rotundas
602 644 613 664 ‚
639 619 683 653 et
703 610 738 654 si
755 610 864 670 quid
884 610 1136 670 hujusmodi
1158 620 1222 655 est
1237 645 1249 666 ,
1273 626 1420 656 nonne
1448 621 1492 657 et
1521 621 1620 657 tan-

227 679 371 740 gendo
390 689 435 724 et
455 679 648 725 videndo
668 681 899 736 sentimus,
926 690 970 725 et
982 681 1080 725 ideo
1102 696 1183 725 nec
1199 682 1310 726 visui
1331 682 1520 742 proprie,
1538 698 1621 728 nec

225 752 363 796 tactui
385 751 522 795 tribui
538 760 747 810 possunt,
767 751 844 796 sed
866 752 1077 812 utrique?
1099 755 1152 796 E.
1179 753 1397 811 Intelligo.
1420 756 1475 798 A.
1490 753 1622 798 Intel-

225 822 322 879 ligis
345 836 448 880 ergo
472 832 515 866 et
534 820 737 882 quaedam
760 822 953 880 singulos
975 837 1125 867 sensus
1142 823 1305 867 habere
1333 824 1508 882 propria
1523 858 1534 879 ‚
1565 824 1622 869 de

225 891 387 949 quibus
398 891 670 939 renuntient,
683 896 726 928 et
734 890 937 944 quaedam
945 892 1160 944 quosdam
1173 888 1334 931 habere
1349 893 1623 935 communia?

227 962 280 1003 E.
298 954 668 1013 Ethocintelligo.
681 958 733 998 A.
747 953 865 1007 Quid
878 954 1011 1012 igitur
1028 954 1085 999 ad
1098 971 1320 1016 quemque
1332 972 1507 1002 sensum
1523 975 1624 1019 per—

226 1031 366 1074 tineat
383 1062 394 1082 ‚
427 1035 469 1070 et
503 1025 611 1086 quid
646 1025 760 1069 inter
792 1040 836 1069 se
870 1025 940 1069 vel
972 1041 1120 1071 omnes
1156 1027 1226 1072 vel
1258 1027 1439 1088 quidam
1472 1045 1625 1076 eorum

225 1098 519 1144 communiter
544 1097 765 1151 habeant,
802 1111 910 1140 num
939 1112 1169 1156 possumus
1199 1097 1291 1143 ullo
1321 1114 1472 1144 eorum
1495 1116 1624 1146 sensu

227 1169 498 1229 dijudicare?
520 1169 572 1212 E.
595 1167 727 1214 Nullo
742 1167 876 1211 modo
889 1202 900 1222 ,
923 1168 1001 1212 sed
1022 1167 1215 1229 quodam
1231 1170 1436 1215 interiore
1457 1171 1539 1216 ista
1552 1172 1624 1216 di-

223 1240 496 1301 judicantur.
517 1242 570 1283 A.
596 1240 711 1284 Num
733 1236 913 1282 fortasse
931 1237 1022 1296 ipsa
1044 1247 1107 1282 est
1123 1237 1255 1294 ratio,
1279 1255 1368 1299 qua
1388 1239 1540 1284 bestiae
1555 1255 1624 1286 ca-

226 1313 361 1356 rent?
383 1326 509 1366 nam,
533 1318 585 1353 ut
606 1309 788 1369 opinor,
824 1308 990 1351 ratione
1011 1309 1093 1353 ista
1121 1310 1558 1368 comprehendimus,
1581 1320 1624 1355 et

225 1383 286 1426 ita
317 1396 408 1425 sese
435 1381 597 1423 habere
628 1377 946 1436 cognoscimus.
978 1379 1031 1421 E.
1066 1378 1204 1437 Magis
1225 1393 1305 1422 nos
1338 1379 1525 1424 arbitror
1554 1396 1626 1425 ra-

230 1453 349 1496 tione
371 1448 743 1508 comprehendere
766 1461 856 1493 esse
874 1447 1126 1492 interiorem
1156 1448 1393 1508 quemdam
1419 1464 1593 1494 sensum
1604 1485 1622 1508 ,

220 1521 285 1566 ad
307 1534 441 1579 quem
470 1517 526 1562 ab
547 1517 638 1562 istis
670 1518 869 1578 quinque
902 1517 1136 1562 notissimis
1169 1527 1328 1563 cuncta
1361 1519 1621 1565 referantur.

229 1591 432 1648 Namque
454 1585 574 1631 aliud
601 1595 664 1630 est
691 1602 780 1646 quo
811 1586 931 1631 videt
966 1587 1129 1642 bestia,
1155 1586 1275 1632 aliud
1295 1603 1384 1648 quo
1417 1603 1489 1644 ea,
1525 1605 1625 1649 quae

235 1658 426 1704 videndo
448 1658 607 1712 sentit,
632 1657 702 1702 vel
725 1656 833 1702 vitat
853 1657 923 1702 vel
951 1658 1117 1717 appetit
1141 1676 1151 1703 :
1176 1657 1250 1702 ifle
1272 1658 1390 1702 enim
1412 1673 1560 1702 sensus
1579 1659 1630 1703 in

231 1728 367 1775 oeulis
390 1737 453 1772 est
467 1762 479 1783 ,
503 1727 575 1771 ille
593 1736 739 1771 autem
754 1727 872 1771 intus
892 1728 939 1770 in
959 1728 1052 1786 ipsa
1069 1727 1213 1770 anima
1230 1747 1241 1783 3
1266 1742 1356 1785 quo
1377 1742 1468 1771 non
1482 1726 1625 1772 solum

235 1815 281 1844 ea
306 1814 408 1859 quae
436 1797 642 1843 videntur
659 1833 670 1853 ,
719 1796 796 1841 sed
836 1797 965 1841 etiam
1003 1812 1103 1856 quae
1139 1796 1381 1841 audiuntur
1395 1832 1406 1852 ‚
1437 1813 1625 1857 quaeque

235 1870 400 1915 caeteris
422 1870 654 1928 capiuntur
677 1867 868 1927 corporis
890 1867 1106 1922 sensibus,
1130 1867 1202 1912 vel
1223 1875 1438 1927 appetunt
1459 1868 1626 1912 anima-

234 1942 295 1986 lia
316 1940 531 1985 delectata
545 1950 588 1984 et
605 1949 846 1997 assumunt,
862 1939 932 1985 vel
949 1939 1112 1984 oflensa
1125 1938 1322 1983 devitant
1337 1947 1381 1982 et
1396 1948 1622 1998 respuunt.

237 2012 319 2057 Hic
338 2020 485 2056 autem
506 2027 587 2056 nec
603 2012 736 2067 visus,
753 2026 834 2055 nec
856 2011 1046 2065 auditus,
1068 2025 1148 2054 nec
1166 2008 1368 2064 olfactus,
1387 2024 1469 2054 nec
1480 2019 1627 2068 gusta-

238 2091 324 2137 tus,
345 2097 426 2126 nec
448 2091 588 2125 tactus
611 2081 697 2125 dici
713 2090 870 2141 potest,
887 2080 961 2124 sed
977 2080 1123 2124 nescio
1137 2080 1245 2141 quid
1261 2079 1381 2124 aliud
1393 2081 1515 2140 quod
1528 2095 1626 2125 om-

198 2159 204 2204 ἱ
237 2154 369 2198 nibus
381 2153 674 2198 communiter
687 2152 901 2212 praesidet.
914 2151 1040 2205 Quod
1048 2167 1150 2196 cum
1161 2152 1327 2196 ratione
1338 2152 1626 2211 comprehen-

198 2232 200 2235 ’
238 2226 415 2281 damus,
439 2235 490 2269 ut
512 2226 600 2269 dixi
616 2260 627 2280 ,
658 2226 742 2269 hoc
764 2225 908 2284 ipsum
934 2233 1083 2268 tamen
1113 2224 1326 2267 rationem
1347 2237 1503 2267 vocare
1534 2237 1627 2267 non

236 2311 414 2354 possum
431 2313 444 2349 ;
467 2296 676 2356 quoniam
692 2305 736 2340 et
752 2295 898 2339 bestiis
914 2295 1052 2338 inesse
1068 2291 1349 2337 manifestum
1364 2301 1444 2336 est.

296 2368 374 2409 IX.
411 2370 463 2410 A.
499 2370 699 2425 Agnosco
727 2365 844 2410 istud
870 2363 1088 2425 quidquid
1124 2371 1213 2418 est,
1245 2372 1288 2406 et
1318 2377 1420 2406 eum
1447 2361 1625 2406 interio-

237 2448 326 2478 rem
349 2450 521 2480 sensum
542 2435 760 2496 appellare
781 2451 871 2480 non
893 2435 1065 2479 dubito.
1089 2432 1173 2478 Sed
1190 2432 1272 2477 nisi
1291 2442 1334 2477 et
1350 2433 1482 2477 istum
1499 2440 1624 2475 tran-

240 2514 348 2558 seat,
373 2508 494 2564 quod
514 2510 567 2552 ad
590 2524 667 2553 nos
686 2508 871 2553 refertur
892 2524 916 2552 a
939 2506 1133 2552 sensibus
1154 2505 1367 2564 corporis,
1393 2505 1622 2563 pervenire
