1729 3143
170 186 253 223 296
610 195 642 222 s.
680 195 908 222 AUGUSTINI
940 196 1119 223 Emscol‘l

168 263 456 306 tribuuntur?
478 264 528 303 E.
552 260 681 305 Nulla
699 260 804 303 mihi
823 260 903 303 alia
922 261 1100 319 justitiae
1117 262 1237 305 notio
1254 271 1330 304 est.
1357 265 1407 304 A.
1425 262 1553 315 Quis-

162 333 258 391 quis
275 347 376 389 ergo
394 332 551 373 bonam
575 330 742 373 habens
760 329 1033 374 voluntatem
1053 366 1061 384 ,
1087 330 1141 374 de
1164 332 1287 390 cujus
1303 330 1552 374 excellentia

154 403 245 459 jam
269 402 343 444 diu
368 400 606 457 loquimur,
626 400 738 443 hanc
760 415 894 443 unam
912 400 1150 444 dilectione
1168 399 1453 468 ajplexetur,
1468 415 1553 458 qua

160 472 329 514 iuterim
346 470 499 513 melius
520 470 626 513 nihil
643 471 793 525 habet,
815 472 896 515 hac
912 486 1002 515 sese
1021 471 1239 524 oblectet,
1265 470 1347 513 hac
1367 468 1555 528 denique

161 539 408 596 perfruatur
431 548 474 582 et
489 538 691 597 gaudeat,
716 540 995 584 considerans
1018 555 1113 584 eam
1128 549 1170 583 et
1180 539 1380 599 judicans
1393 547 1557 597 quanta

160 609 214 651 sit
235 623 456 667 quamque
478 609 614 653 invito
638 608 701 652 illi
719 610 827 668 eripi
843 609 912 653 vel
931 610 1099 669 subripi
1122 618 1327 669 nequeat,
1350 623 1456 651 num
1470 606 1556 650 du-

165 678 298 720 bitare
334 678 571 735 poterimus
601 679 733 722 istum
767 679 987 723 adversari
1023 680 1153 722 rebus
1190 677 1396 723 omnibus
1411 712 1422 731 ‚
1458 691 1558 735 quae

160 748 263 791 huic
285 748 361 790 uni
386 749 503 792 hono
523 749 709 792 inimicae
724 751 857 792 sunt?
881 752 932 792 E.
950 752 1131 794 Necesse
1143 758 1207 793 est
1224 749 1403 792 omnino
1416 758 1466 790 ut
1479 745 1559 790 ad-

165 827 373 860 versetur.
411 822 462 861 A.
491 818 700 863 Nulla-ne
723 820 842 862 hunc
870 828 1073 877 putamus
1091 818 1327 877 praeditum
1351 832 1440 861 esse
1455 832 1561 875 pru-

164 886 335 939 dentia,
362 889 437 944 qui
468 889 550 928 hoc
578 890 739 927 bouum
773 887 1070 942 appetendum
1087 918 1098 937 ,
1123 896 1166 926 et
1188 886 1368 926 vitanda
1389 898 1438 926 ea
1460 899 1560 942 quae

168 957 268 999 huic
293 955 466 998 inimica
490 965 589 998 sunt
608 956 724 996 videt
745 956 762 996 P
786 957 837 996 E.
863 953 995 998 Nullo
1012 952 1145 996 inodo
1160 953 1267 996 mihi
1290 953 1464 997 videtur
1478 954 1561 997 hoc

166 1041 285 1083 posse
308 1026 539 1083 quisquam
569 1025 658 1066 sine
681 1023 933 1081 prudentia.
962 1026 1013 1066 A.
1048 1025 1183 1066 Recte
1221 1041 1231 1066 ι
1262 1021 1337 1065 sed
1363 1038 1441 1066 cur
1470 1037 1561 1066 non

166 1096 263 1136 huic
302 1094 432 1136 etiam
470 1092 779 1136 fortitudinem
817 1092 1102 1136 tribuamus?
1133 1091 1207 1135 illa
1229 1093 1393 1151 quippe
1415 1092 1561 1136 omnia

162 1178 261 1222 quae
283 1163 328 1205 in
351 1172 564 1221 potestate
594 1172 741 1205 nostra
768 1177 857 1206 non
881 1171 983 1205 sunt
1001 1197 1011 1216 ‚
1043 1177 1187 1206 amare
1211 1163 1290 1206 iste
1312 1177 1360 1205 ac
1382 1161 1561 1220 plurimi

166 1233 384 1275 aestimare
406 1247 496 1275 non
518 1240 675 1290 potest.
703 1231 818 1275 Mala
843 1232 959 1274 enim
988 1231 1213 1274 voluntate
1235 1240 1460 1284 amantur,
1485 1231 1562 1290 qui

169 1313 375 1360 tanquam
398 1301 584 1344 inimicae
601 1301 852 1344 charissimo
869 1316 946 1343 suo
964 1301 1081 1343 bono
1097 1301 1264 1343 resistat
1288 1315 1460 1344 necesse
1478 1309 1557 1344 est.

166 1373 277 1415 Cum
301 1379 448 1413 autem
472 1385 560 1412 non
584 1379 699 1412 amat
718 1370 813 1412 haec
829 1404 839 1421 ,
872 1384 960 1412 non
980 1369 1100 1412 dolet
1117 1371 1291 1423 amissa,
1317 1378 1360 1412 et
1382 1370 1561 1414 omnino

164 1439 435 1495 coutemnit3
470 1437 591 1496 quod
621 1453 730 1496 opus
764 1453 854 1481 esse
886 1437 1178 1492 fortitudinis,
1218 1438 1386 1482 dictum
1428 1448 1562 1498 atque

167 1523 416 1552 concessum
453 1517 531 1550 est.
571 1510 617 1550 E.
660 1508 922 1550 Tribuamus
953 1523 1055 1551 sane
1078 1525 1087 1548 :
1114 1523 1203 1551 non
1225 1509 1341 1552 enim
1364 1508 1562 1566 intelligo

165 1595 295 1638 quem
330 1578 488 1623 fortem
525 1579 666 1621 verius
695 1577 914 1636 appellare
946 1579 1106 1636 possim
1130 1614 1140 1633 ,
1183 1594 1316 1638 quam
1352 1594 1453 1622 eum
1486 1579 1564 1638 qui

168 1651 297 1691 rebus
325 1648 374 1690 iis
391 1684 400 1699 ,
428 1664 535 1706 quas
559 1662 702 1706 neque
725 1657 774 1690 ut
797 1647 1086 1705 adipiscamur
1102 1683 1112 1701 ,
1140 1663 1283 1706 neque
1303 1657 1352 1691 ut
1369 1649 1564 1692 obtinea-

168 1735 264 1762 mus
286 1718 330 1760 in
353 1718 476 1760 nobis
506 1717 635 1760 situm
665 1726 728 1759 est
744 1752 753 1770 ,
775 1732 903 1775 aequo
925 1726 968 1759 et
993 1717 1229 1775 tranquillo
1251 1718 1397 1771 animo
1418 1727 1561 1775 caret3

171 1787 290 1846 quod
312 1787 430 1830 hune
454 1787 692 1830 necessario
716 1785 857 1829 facere
879 1796 1150 1843 compertum
1173 1795 1251 1828 est.
1276 1790 1328 1828 A.
1348 1786 1459 1829 Vide
1473 1788 1564 1845 jam

173 1873 291 1901 nunc
314 1867 462 1900 utrum
485 1857 539 1900 ab
563 1872 614 1900 eo
639 1857 968 1914 temperantiam
992 1856 1178 1899 alienare
1196 1856 1430 1913 possimus,
1463 1871 1565 1900 cum

172 1944 220 1971 ea
244 1929 297 1970 sit
319 1928 454 1970 virtus
475 1942 574 1986 quae.
599 1926 799 1969 libidines
828 1926 1019 1969 cohibet.
1051 1926 1163 1978 Quid
1194 1935 1338 1969 autem
1368 1935 1457 1969 tam
1479 1927 1566 1969 ini-

175 1998 336 2041 micum
361 1998 489 2040 honae
512 1996 729 2040 voluntati
747 2005 812 2039 est
827 2011 958 2054 quam
980 1995 1115 2038 libido
1133 1997 1151 2038 Ρ
1174 1998 1239 2038 Ex
1261 2011 1349 2055 quo
1370 1995 1567 2055 profecto

177 2066 379 2123 intelligis
411 2066 541 2109 istum
571 2066 698 2108 bonae
725 2064 960 2108 voluntatis
988 2080 1078 2107 suae
1111 2074 1347 2109 amatorem
1375 2064 1568 2109 resistere

177 2137 293 2180 omni
318 2135 450 2180 modo
473 2146 603 2195 atque
627 2134 842 2179 adversari
860 2134 1116 2178 libidinibus
1133 2170 1144 2189 ,
1169 2145 1212 2178 et
1228 2135 1328 2179 ideo
1345 2136 1445 2194 jure
1463 2144 1570 2179 tem-

176 2216 402 2265 perantem
422 2207 582 2250 vocari.
608 2208 660 2249 E.
688 2209 847 2263 Perge,
881 2206 1104 2249 assentior.
1135 2208 1186 2249 A.
1214 2205 1386 2248 ,Iustitia
1407 2214 1538 2249 restat
1554 2240 1566 2259 ‚

178 2292 276 2334 quae
311 2275 533 2336 quomodo
560 2276 671 2318 desit
700 2275 803 2319 huic
833 2274 1028 2328 homini,
1063 2290 1153 2318 non
1180 2289 1281 2318 sane
1312 2273 1456 2319 video.
1482 2275 1569 2327 Qui

181 2346 294 2388 enim
316 2347 448 2390 habet
476 2355 519 2389 et
546 2345 686 2403 diligit
709 2344 980 2389 voluntatem
1002 2345 1186 2397 honam,
1216 2352 1260 2387 et
1282 2343 1452 2388 obsistit
1475 2344 1534 2387 eis
1554 2379 1565 2397 ,

180 2425 228 2457 ut
246 2415 409 2459 dictum
429 2426 512 2469 est,
532 2432 631 2475 quae
652 2415 753 2458 huic
776 2415 948 2459 inimica
967 2424 1090 2468 sunt,
1111 2413 1224 2457 male
1241 2414 1446 2473 cuiquam
1459 2413 1568 2457 velle

184 2499 268 2526 nou
291 2495 443 2541 potest.
473 2486 675 2543 §inlinitur
694 2500 794 2540 ergo
808 2494 856 2528 ut
873 2485 1036 2528 nemini
1056 2484 1185 2528 faciat
1202 2484 1427 2542 injuriam,
1448 2483 1564 2542 quod
