1729 3143
306 220 455 249 mnwr.
491 220 544 248 DE
577 220 764 250 molimus
797 221 996 249 EecLESIAE
1021 215 1278 249 cunoncAE.
1401 208 1484 249 493

112 291 207 328 rant
229 301 239 328 ι
264 286 403 330 sanari
420 286 534 330 enim
552 302 623 331 eos
641 287 801 346 potius,
824 287 858 330 si
870 286 963 330 fieri
980 294 1143 346 potest,
1166 300 1298 345 quam
1314 300 1488 345 oppug-

109 355 202 398 nari
225 355 340 400 volo.
363 359 419 402 Et
441 373 490 401 ea
520 358 574 402 de
599 358 829 417 Scripturis
852 373 1065 402 assumam
1086 357 1355 412 testimonia,
1386 357 1488 417 qui-

106 424 187 469 bus
208 441 280 470 eos
302 442 474 471 necesse
490 428 544 472 sit
562 428 760 484 credere,
785 429 839 472 de
860 431 982 474 Novo
1003 429 1165 473 scilicet
1184 431 1457 472 Testamento
1475 462 1486 482 ‚

105 495 160 540 de
180 512 269 556 quo
297 506 443 542 tamen
466 499 578 543 nihil
600 498 818 559 proferam
840 514 992 544 eorum
1017 515 1117 560 quae
1145 499 1284 544 solent
1302 499 1490 542 immissa

105 580 193 610 esse
215 566 376 623 dicere,
401 584 500 612 cum
520 570 685 627 magnis
702 569 909 627 angustiis
933 578 1235 627 coarctant-ur3
1261 569 1337 613 sed
1354 583 1402 612 ea
1420 567 1490 612 di-

105 651 223 692 cam,
247 653 346 697 quae
368 647 410 682 et
432 640 673 698 approbare
694 647 737 682 et
758 638 938 683 laudare
952 647 1184 698 coguntur.
1206 641 1295 684 Nec
1310 638 1491 683 omnino

106 704 240 750 ullam
270 707 510 767 relinquam
535 718 689 753 testem
711 709 969 753 sententiam
991 707 1250 768 productam
1278 709 1333 752 de
1362 723 1489 767 apos-

105 775 233 821 tolica
254 778 481 838 disciplina
498 814 509 834 ,
541 781 612 824 cui
634 795 724 824 non
751 780 805 824 de
828 780 974 824 Veteri
1008 783 1285 823 Testamento
1307 778 1493 823 similem

104 862 349 907 comparem
384 867 394 893 ε
429 858 479 893 ut
511 851 546 894 si
579 849 782 906 evigilare
814 850 992 891 tandem
1033 849 1228 907 deposita
1258 849 1494 926 pertinacia

104 917 373 961 somniorum
393 933 596 972 suorum,
624 926 666 961 et
692 918 737 961 in
760 918 1002 961 christianae
1019 917 1121 961 fidei
1141 917 1286 961 lucem
1308 919 1493 977 aspirare

102 986 340 1043 voluerint,
366 988 714 1033 animadvertant
736 997 778 1032 et
801 1003 934 1049 quam
956 1004 1045 1033 non
1062 989 1118 1032 sit
1140 989 1374 1033 christiana
1402 988 1492 1033 vita

97 1062 232 1118 quam
256 1067 502 1115 ostentant,
528 1068 571 1104 et
592 1074 725 1120 quam
746 1060 801 1104 sit
824 1060 983 1104 Christi
1016 1059 1237 1119 Scriptura
1265 1075 1396 1120 quam
1421 1059 1490 1104 la-

109 1138 272 1173 cerant.

161 1201 243 1242 III.
275 1198 399 1243 Unde
436 1200 567 1256 igitur
605 1200 837 1244 exordiar?
871 1201 926 1244 ab
961 1201 1246 1254 auctoritate,
1279 1215 1334 1243 an
1369 1216 1392 1244 a
1421 1215 1492 1244 ra·-

102 1268 251 1313 tione?
272 1271 447 1313 Naturae
470 1268 649 1328 quidem
670 1269 778 1313 ordo
800 1270 858 1313 ita
877 1284 921 1313 se
939 1270 1073 1314 habet
1089 1304 1100 1323 ‚
1132 1279 1180 1313 ut
1200 1284 1301 1313 cum
1326 1269 1493 1330 aliquid

103 1337 306 1383 discimus
320 1373 331 1393 ‚
355 1339 568 1383 rationem
591 1339 811 1398 praecedat
833 1339 1081 1383 auctoritas.
1104 1342 1213 1385 Nam
1230 1339 1402 1383 infirma
1421 1355 1491 1383 ra-

105 1408 166 1453 tio
194 1408 330 1454 videri
356 1418 527 1468 potest,
562 1425 661 1470 quae
684 1424 785 1454 cum
808 1409 977 1454 reddita
1005 1409 1158 1465 fuerit,
1190 1410 1493 1454 auctoritatem

105 1488 255 1539 postea
270 1514 282 1535 ,
306 1494 383 1539 per
404 1495 536 1540 quam
559 1480 758 1524 firmetur
772 1515 782 1535 ‚
809 1480 1002 1525 assumit.
1031 1480 1116 1525 Sed
1138 1481 1240 1539 quia
1259 1480 1493 1539 caligantes

104 1539 331 1595 hominum
367 1560 534 1595 mentes
567 1551 884 1596 consuetudine
916 1552 1195 1596 tenebrarum
1217 1587 1228 1608 ‚
1265 1553 1426 1612 quibus
1447 1552 1494 1595 in

103 1631 232 1667 nocte
272 1631 551 1681 peccatorum
592 1622 891 1683 vitiorumque
927 1622 1127 1667 velantur
1143 1658 1153 1677 ‚
1198 1623 1494 1683 perspicuitati

105 1692 428 1752 sinceritatique
462 1692 640 1737 rationis
674 1702 896 1752 aspectum
930 1692 1138 1737 idoneum
1168 1693 1394 1738 intendere
1416 1708 1495 1737 ne-

105 1771 274 1822 queunt
293 1783 304 1821 3
330 1762 613 1806 saluberrime
634 1772 935 1822 comparatum
957 1771 1046 1818 est,
1072 1772 1121 1806 ut
1143 1763 1189 1806 in
1210 1763 1354 1807 lucem
1376 1763 1493 1808 veri-

105 1832 204 1877 tatis
225 1833 360 1877 aciem
384 1833 648 1877 titubantem
679 1832 815 1877 veluti
844 1832 971 1877 ramis
1003 1832 1286 1877 humanitatis
1315 1842 1495 1893 opacata

106 1901 287 1948 inducat
319 1904 564 1948 auctoritas.
596 1903 679 1948 Sed
702 1904 910 1963 quoniam
934 1919 1034 1948 cum
1064 1904 1114 1947 iis
1148 1904 1274 1948 nobis
1305 1919 1372 1948 res
1406 1913 1491 1960 est,

106 1973 183 2033 qui
205 1974 349 2017 omnia
371 1983 522 2018 contra
538 1974 735 2018 ordinem
751 2008 762 2028 ,
788 1982 831 2017 et
849 1975 1067 2029 sentiunt,
1094 1983 1136 2017 et
1152 1973 1399 2034 loquuntur
1416 2009 1427 2029 ‚
1452 1982 1496 2018 et

8 2098 17 2106 ⁶
81 2054 291 2103 gerunt,
336 2044 535 2103 nihilque
565 2043 683 2088 aliud
717 2044 901 2088 maxime
938 2045 1091 2089 dicunt
1111 2079 1121 2099 ‚
1163 2045 1245 2088 nisi
1282 2045 1495 2090 rationem

107 2114 226 2173 prius
248 2129 336 2158 esse
363 2113 657 2168 reddendam,
690 2129 855 2158 morem
884 2113 967 2158 illis
999 2128 1172 2173 geram3
1209 2115 1329 2175 quod
1358 2114 1498 2159 fateor

108 2184 154 2228 in
176 2183 440 2244 disputando
462 2184 666 2228 vitiosum
680 2199 795 2239 esse,
817 2184 1059 2244 suscipiam.
1083 2184 1276 2230 Delectat
1294 2186 1409 2229 enim
1428 2200 1498 2228 me

108 2253 266 2299 imitari
289 2265 504 2315 quantum
527 2254 649 2299 valeo
678 2255 1057 2299 mansuetudinem
1090 2255 1262 2300 Domini
1286 2256 1372 2300 mei
1394 2258 1498 2300 Jesu

110 2325 295 2381 Christi,
334 2327 411 2386 qui
447 2327 575 2370 etiam
607 2326 739 2384 ipsius
772 2326 920 2371 mortis
952 2326 1091 2381 malo,
1123 2342 1212 2386 quo
1234 2343 1312 2371 nos
1341 2341 1497 2371 exuere

111 2394 263 2450 vellet,
290 2395 470 2440 indutus
492 2406 570 2440 est.

170 2468 247 2509 IV.
283 2468 468 2511 Ratione
491 2468 623 2526 igitur
655 2482 900 2527 quaeramus
929 2467 1303 2528 quemadmodum
1330 2468 1385 2512 sit
1413 2468 1496 2512 ho-

112 2536 220 2579 mini
237 2538 490 2582 vivendum.
513 2541 643 2583 Beate
661 2547 775 2582 certe
790 2553 939 2584 omnes
952 2539 1096 2584 vivere
1108 2538 1309 2585 volumus
1324 2559 1336 2597 3
1354 2553 1497 2599 neque
