1729 3143
240 221 326 263 250
682 232 714 258 s.
751 228 983 260 mausum
1013 230 1196 260 emacem

280 296 582 342 LXXXVIII.
618 293 950 352 Pelagianorum
983 303 1047 339 est
1072 295 1270 352 haeresis,
1308 297 1392 343 hoc
1424 309 1622 361 tempore

238 368 435 413 omnium
467 363 759 408 recentissima
787 380 812 408 a
843 363 1018 423 Pelagio
1041 367 1258 411 monacho
1288 376 1450 412 exorta.
1484 373 1625 423 Quem

236 440 490 496 magistrum
512 433 744 480 Coelestius
764 436 825 480 sic
845 446 1019 480 secutus
1041 446 1134 492 est,
1157 446 1209 482 ut
1224 446 1456 483 sectatores
1473 455 1626 485 eorum

235 506 486 555 Coelestiani
514 505 644 549 etiam
667 515 997 566 nuncupentur.
1022 508 1078 551 Hi
1105 507 1179 551 Dei
1200 508 1376 566 gratiae,
1401 525 1488 569 qua
1510 526 1626 569 prae-

235 575 439 621 destinati
459 590 609 620 sumus
631 575 678 621 in
699 575 978 636 adoptionem
1000 576 1191 621 filiorum
1213 594 1290 638 per
1308 581 1457 623 Jesum
1475 581 1627 626 Chris-

236 657 329 692 tum
350 648 397 691 in
415 648 579 707 ipsum,
607 655 650 690 et
670 663 758 707 qua
780 647 974 692 eruimur
995 647 1050 691 de
1067 657 1282 707 potestate
1298 649 1624 707 tenebrarum1‚

233 727 284 763 ut
304 718 350 762 in
373 733 473 762 eum
495 717 722 762 credamus
735 727 866 778 atque
880 718 928 761 in
941 733 1126 777 regnum
1143 719 1275 778 ipsius
1296 720 1624 777 transferamur,

232 798 412 849 propter
428 788 549 849 quod
570 790 630 834 ait
657 808 666 834 :
696 808 717 831 «
731 791 869 835 Nemo
891 789 1012 833 venit
1033 789 1088 833 ad
1111 805 1180 833 me
1195 823 1207 845 ‚
1231 790 1313 834 nisi
1335 790 1470 835 fuerit
1490 792 1530 835 ei
1551 793 1627 836 da-

234 878 255 902 »
283 869 378 904 tum
399 875 424 903 a
442 863 568 904 Patre
589 861 733 914 meo²‚
757 879 776 900 »
804 869 849 904 et
868 875 957 919 qua
978 858 1243 904 diffunditur
1265 861 1449 905 charitas
1463 862 1509 905 in
1531 877 1628 907 cor-

233 930 363 974 dibus
380 930 579 984 nostris3‚
606 939 656 973 ut
678 930 785 972 fides
805 944 883 988 per
904 928 1183 973 dilectionem
1199 932 1446 988 operetur⁴‚
1471 931 1518 974 in
1535 941 1629 975 tan-

232 1010 327 1045 tum
358 1000 523 1043 inimici
552 1009 675 1054 sunt,
711 1009 762 1043 ut
795 1000 888 1042 sine
920 1000 1002 1043 hac
1036 1014 1159 1058 posse
1191 1000 1416 1043 hominem
1450 1000 1630 1046 credant

231 1071 375 1115 facere
399 1070 544 1113 omnia
565 1069 713 1114 divina
742 1068 977 1114 mandata:
1003 1084 1103 1114 cum
1130 1070 1165 1114 si
1190 1071 1275 1115 boc
1308 1085 1461 1115 verum
1490 1081 1628 1127 esset,

229 1139 390 1184 frustra
410 1140 623 1182 Dominus
646 1137 804 1179 dixisse
826 1139 1043 1183 videretur
1069 1154 1079 1180 ι
1108 1158 1129 1182 «
1147 1140 1247 1184 Sine
1268 1155 1338 1183 me
1356 1139 1467 1183 nihil
1492 1150 1633 1199 potes-

233 1228 255 1253 »
282 1211 335 1253 tis
352 1208 540 1252 facere5.
562 1225 582 1247 »
609 1206 808 1264 Denique
832 1206 1030 1265 Pelagius
1062 1225 1086 1253 a
1117 1209 1324 1254 fratribus
1353 1211 1630 1269 increpatus,

231 1279 355 1338 quod
373 1277 483 1320 nihil
503 1276 717 1320 tribueret
734 1276 952 1334 adjutorio
970 1280 1120 1334 gratiae
1140 1281 1217 1323 Dei
1239 1279 1294 1320 ad
1316 1280 1408 1336 ejus
1424 1279 1631 1324 mandata

233 1348 455 1403 facienda,
477 1347 740 1406 correptioni
763 1362 916 1391 eorum
934 1348 1147 1391 hactenus
1176 1347 1326 1401 cessit,
1351 1356 1403 1391 ut
1418 1363 1509 1392 non
1534 1364 1631 1394 cam

232 1422 373 1465 libero
396 1419 576 1464 arbitrio
599 1426 904 1477 praeponeret,
926 1418 1002 1461 sed
1019 1416 1186 1461 infideli
1209 1416 1447 1461 calliditate
1465 1433 1630 1477 suppo-

232 1499 385 1545 neret,
421 1489 568 1532 dicens
591 1487 647 1532 ad
673 1489 758 1532 hoc
786 1502 881 1531 eam
913 1487 1007 1530 dari
1035 1486 1290 1530 hominibus
1307 1521 1318 1541 ‚
1356 1496 1406 1531 ut
1439 1503 1538 1547 quae
1561 1489 1630 1534 fa-

234 1576 331 1606 cere
353 1575 430 1619 per
451 1559 641 1602 liberum
658 1558 875 1618 jubentur
891 1556 1121 1600 arbitrium
1138 1591 1149 1611 ,
1174 1554 1346 1600 facilius
1369 1558 1536 1615 possint
1550 1559 1632 1603 im-

231 1631 352 1690 plere
387 1645 461 1686 per
495 1629 692 1687 gratiam.
735 1627 930 1672 Dicendo
960 1627 1113 1686 utique
1149 1634 1200 1670 ut
1231 1625 1401 1670 facilius
1429 1629 1598 1686 possint
1617 1664 1628 1685 ‚

232 1701 374 1746 voluit
390 1699 525 1754 credi,
549 1699 679 1743 etiam
696 1699 731 1742 si
747 1697 984 1752 difficilius,
1006 1707 1155 1741 tamen
1174 1711 1298 1756 posse
1317 1697 1516 1742 homines
1538 1699 1631 1744 sine

233 1772 370 1831 gratia
394 1769 541 1814 divina
563 1768 708 1813 facere
725 1769 841 1826 jussa
864 1767 1027 1811 divina.
1053 1765 1181 1809 Illam
1202 1782 1306 1810 vero
1330 1767 1512 1824 gratiam
1530 1770 1626 1825 Dei,

232 1842 324 1886 sine
345 1855 433 1899 qua
454 1838 564 1882 nihil
582 1839 687 1882 boni
708 1852 936 1897 possumus
958 1835 1124 1890 facere,
1149 1851 1240 1879 non
1263 1851 1353 1879 esse
1371 1835 1525 1881 dicunt
1548 1839 1630 1883 nisi

233 1914 280 1957 in
300 1912 440 1956 libero
461 1910 663 1965 arbitrio,
689 1908 811 1969 quod
832 1907 963 1952 nullis
987 1907 1073 1951 suis
1094 1905 1446 1965 praecedentibus
1464 1909 1629 1954 meritis

236 1983 292 2028 ab
313 1981 388 2026 illo
417 1981 584 2040 accepit
611 1989 759 2024 nostra
782 1987 958 2032 natura,
984 1976 1040 2021 ad
1061 1977 1145 2020 hoc
1172 1984 1346 2020 tantum
1379 1976 1474 2035 ipso
1496 1978 1629 2037 adju—

236 2063 368 2099 vante
383 2067 462 2112 per
482 2066 606 2096 suam
627 2051 767 2110 legem
790 2059 920 2108 atque
942 2046 1211 2101 doctrinam,
1231 2055 1282 2090 ut
1301 2046 1518 2092 discamus
1530 2064 1630 2107 quae

236 2126 380 2170 facere
396 2159 408 2179 ‚
434 2131 477 2167 et
493 2137 593 2182 quae
614 2136 785 2181 sperare
803 2119 1062 2172 debeamus,
1087 2133 1178 2162 non
1204 2125 1348 2163 autem
1366 2117 1422 2161 ad
1447 2118 1532 2162 hoc
1552 2134 1630 2178 per

237 2196 406 2242 donum
437 2193 621 2253 Spiritus
648 2192 737 2247 sui,
764 2200 814 2234 ut
844 2206 944 2250 quae
981 2187 1262 2233 didicerimus
1285 2202 1375 2231 esse
1397 2186 1595 2232 facienda
1615 2223 1627 2244 ,

239 2267 466 2311 faciamus.
489 2268 550 2310 Ac
571 2279 649 2323 per
665 2264 749 2307 hoc
769 2261 975 2306 divinitus
997 2259 1122 2303 nobis
1138 2258 1232 2302 dari
1250 2257 1475 2301 scientiam
1496 2260 1628 2302 confi-

238 2346 410 2391 tentur,
444 2350 532 2395 qua
559 2333 805 2393 ignorantia
832 2330 1010 2390 pellitur
1040 2349 1050 2375 :
1076 2327 1329 2374 charitatem
1359 2336 1507 2371 autem
1535 2327 1628 2372 dari

240 2416 401 2464 negant
417 2441 428 2461 ,
453 2421 540 2466 qua
567 2405 636 2464 pie
664 2404 822 2448 vivitur
851 2421 861 2447 2
893 2410 941 2445 ut
973 2400 1136 2445 scilicet
1161 2413 1262 2442 cum
1285 2398 1340 2442 sit
1360 2398 1439 2442 Dei
1460 2397 1627 2442 donum

291 2512 298 2527 ¹
320 2506 435 2547 Ephes.
455 2517 479 2545 ι,
497 2505 529 2546 5,
545 2509 578 2536 et
595 2505 713 2537 Coloss.
734 2516 758 2545 1,
779 2504 831 2535 23.
848 2520 889 2525 —
906 2509 918 2526 ²
937 2504 1028 2534 Joan.
1048 2511 1092 2543 Vl,
1110 2500 1165 2533 65.
1183 2517 1223 2524 —
1239 2499 1355 2534 ³Rom.
1373 2512 1408 2541 v,
1425 2500 1455 2533 5.
1473 2498 1626 2532 -4Gat

242 2573 275 2604 v,
296 2563 329 2595 6.
352 2560 419 2586 ——5
437 2563 527 2595 Joan.
546 2571 602 2596 xv,
621 2561 653 2591 5.
