1729 3143
213 218 239 255 6
656 224 690 253 s.
724 222 956 253 Aucus-nm
985 223 1166 253 zmscom

209 292 392 352 peritate
408 300 635 336 nocentem
658 289 851 334 animum
884 304 1129 349 corpusque
1159 288 1383 347 defigunt?
1403 290 1591 344 Quidam

210 379 313 408 vero
346 378 494 407 eorum
517 361 701 404 invicem
723 369 926 419 torquere
949 361 1250 420 perhibentur,
1281 360 1340 403 ita
1360 369 1411 404 ut
1431 362 1592 405 exerci-

211 435 316 479 tatio
334 443 481 478 contra
497 447 647 490 poenas
669 431 776 474 nihil
798 431 927 475 distet
948 447 971 474 a
990 432 1148 490 poenis.
1173 433 1269 475 Non
1287 430 1403 473 enim
1419 439 1591 477 tantum

209 504 397 548 fortassis
420 501 717 545 excruciantur
747 517 770 544 a
799 502 945 561 judice
963 510 1010 545 ut
1033 517 1055 545 a
1073 500 1322 544 dolentibus
1343 501 1499 544 veritas
1520 501 1592 544 in-

211 576 424 634 quiratur,
445 582 658 632 quantum
682 589 704 616 a
727 572 814 616 suis
831 572 952 616 sociis
973 581 1023 615 ut
1044 587 1065 615 a
1091 571 1354 630 patientibus
1376 586 1465 615 non
1488 585 1593 630 pro-

207 643 350 687 datur.
377 645 433 685 Et
454 651 600 686 tamen
619 642 664 684 in
685 642 751 685 his
774 642 976 685 omnibus
998 641 1193 685 miranda
1217 651 1281 685 est
1298 641 1440 700 potius
1461 656 1592 699 quam

207 712 426 756 laudanda
446 712 648 770 patientia
670 731 679 755 ;
705 712 792 755 imo
813 725 892 755 nec
914 710 1108 754 miranda
1131 725 1211 754 nec
1232 711 1467 765 laudanda,
1493 725 1593 770 quae

209 780 330 824 nulla
353 789 442 836 est3
472 780 546 823 sed
580 780 774 823 miranda
804 779 979 833 duritia,
1006 779 1202 836 neganda
1224 780 1459 837 patientia:
1485 778 1592 822 nihil

210 859 354 894 autem
372 849 459 894 illic
475 851 572 909 jure
593 850 876 903 laudandum,
899 849 1007 892 nihil
1025 849 1484 904 utiliterimitandum3
1502 858 1594 892 tan-

209 928 342 978 toque
390 920 548 963 rectius
579 921 739 977 majore
767 919 980 977 supplicio
1009 918 1189 976 dignum
1207 918 1467 976 judicaveris
1499 918 1594 961 ani-

210 1004 346 1044 mum,
382 999 545 1048 quanto
578 989 711 1046 magis
735 988 846 1031 vitiis
874 988 1024 1032 subdit
1050 989 1336 1031 instrumenta
1363 988 1592 1030 muitum.

208 1060 418 1104 Patientia
434 1074 575 1103 comes
591 1069 655 1103 est
670 1059 908 1118 sapientiae‚
924 1074 1013 1102 non
1027 1058 1191 1102 famula
1206 1057 1592 1115 concupiscentiae:

209 1129 414 1187 patientia
445 1130 579 1172 amica
603 1138 666 1172 est
690 1130 816 1172 bonae
837 1128 1127 1177 conscientiae,
1162 1142 1250 1166 non
1272 1127 1445 1170 inimica
1466 1126 1597 1169 inno-

209 1207 379 1239 centnm.

268 1265 321 1306 V.
357 1264 469 1307 Cum
489 1276 588 1318 ergo
604 1261 764 1305 videris
781 1276 1048 1320 quemquam
1071 1262 1286 1319 patienter
1303 1261 1466 1320 aliquid
1489 1264 1594 1321 pati,

210 1333 298 1378 noli
318 1333 526 1377 continuo
548 1331 727 1375 laudare
749 1332 1019 1390 patientiam,
1045 1346 1175 1390 quam
1199 1347 1289 1375 non
1312 1332 1503 1375 ostendit
1518 1332 1599 1376 nisi

210 1419 336 1448 causa
360 1401 566 1461 patiendi.
597 1401 780 1453 Quando
802 1400 874 1444 illa
900 1402 1014 1444 bona
1038 1411 1117 1454 est,
1154 1411 1260 1444 tunc
1277 1401 1356 1444 ista
1379 1416 1479 1444 vera
1502 1411 1566 1445 est
1586 1421 1595 1446 ι

211 1473 387 1533 quando
409 1471 480 1514 illa
508 1487 597 1514 non
620 1470 830 1528 polluitur
852 1470 1106 1529 cupiditate,
1143 1481 1247 1515 tunc
1270 1487 1292 1514 a
1315 1470 1499 1515 falsitate
1520 1472 1598 1516 ista

213 1541 507 1599 distinguitur.
527 1543 638 1584 Cum
657 1556 759 1584 vero
777 1539 849 1583 illa
866 1549 1039 1584 tenetur
1061 1541 1106 1583 in
1128 1541 1322 1594 crimine,
1346 1550 1449 1584 tunc
1471 1542 1600 1600 hujus

213 1611 402 1654 multum
429 1619 596 1653 erratur
625 1609 670 1652 in
702 1610 892 1653 nomine.
919 1612 1015 1652 Non
1048 1610 1162 1652 enim
1195 1610 1306 1653 sicut
1341 1625 1490 1653 omnes
1523 1610 1599 1669 qui

213 1680 356 1724 sciunt
384 1688 483 1722 sunt
516 1680 742 1737 participes
771 1678 978 1732 scientiae,
1010 1679 1067 1722 ita
1100 1693 1249 1721 omnes
1271 1679 1347 1737 qui
1373 1679 1600 1736 patiuntur

215 1759 317 1794 sunt
341 1750 564 1807 participes
587 1749 827 1807 patientiae3
852 1748 926 1792 sed
949 1750 1023 1807 qui
1046 1749 1242 1807 passione
1263 1757 1378 1790 recte
1394 1758 1596 1803 utuntur,

214 1820 257 1863 hi
284 1820 499 1877 patientiae
523 1819 700 1862 veritate
723 1818 975 1872 laudantur,
1011 1818 1055 1861 hi
1079 1817 1300 1876 patientiae
1321 1833 1502 1862 munere
1523 1834 1598 1863 co-

215 1898 442 1934 ronantur.

274 1962 348 2002 VI.
384 1960 695 2002 Verumtamen
718 1972 818 2001 cum
841 1972 920 2016 pro
941 1956 1211 2010 libidinibus,
1231 1957 1300 2000 vel
1323 1957 1451 2000 etiam
1470 1957 1604 2001 scele-

214 2027 352 2081 ribus,
372 2044 473 2073 cum
491 2028 679 2087 denique
695 2044 772 2086 pro
794 2029 872 2071 ista
894 2027 1119 2086 temporali
1136 2027 1223 2071 vita
1241 2043 1290 2071 ac
1307 2027 1443 2071 salute
1462 2029 1600 2073 multa

213 2098 412 2142 homines
442 2098 658 2141 horrenda
680 2096 935 2141 mirabiliter
957 2097 1188 2149 susserunt,
1214 2098 1314 2140 satis
1345 2112 1422 2141 nos
1445 2098 1600 2142 admo-

214 2176 320 2210 nent
335 2176 497 2226 quanta
515 2166 763 2210 sufferenda
782 2167 866 2209 sint
886 2182 964 2224 pro
981 2166 1067 2209 vita
1087 2166 1216 2219 bona,
1234 2174 1283 2208 ut
1298 2166 1430 2208 etiam
1453 2175 1601 2224 postea

212 2237 344 2294 possit
366 2251 455 2279 esse
477 2245 653 2289 aeterna,
675 2245 716 2278 et
738 2237 827 2279 sine
848 2235 940 2279 ullo
959 2237 1163 2294 temporis
1186 2235 1388 2288 termino,
1407 2235 1499 2279 sine
1513 2239 1602 2280 uti-

211 2305 339 2348 litatis
367 2304 497 2348 ullius
528 2305 788 2348 detrimento
820 2320 919 2348 vera
955 2304 1158 2349 felicitate
1186 2320 1349 2347 secura.
1388 2306 1598 2354 Dominus

215 2375 338 2418 ait:«
360 2378 410 2417 In
444 2385 577 2418 vestra
611 2376 816 2433 patientia
849 2375 1121 2432 possidebitis
1153 2375 1314 2417 animas
1349 2378 1551 2418 vesti-38¹.
1576 2393 1597 2417 »

215 2447 312 2488 Non
344 2444 422 2487 ait:
454 2444 586 2487 Villas
617 2454 796 2497 vestraS,
831 2442 979 2487 laudes
1007 2453 1187 2496 vestras,
1217 2443 1406 2487 luxurias
1439 2454 1601 2489 vestras

294 2527 365 2555 [ηρ.
386 2536 448 2559 xv,
467 2534 518 2558 ‘zm
