<?xml version="1.0" encoding="UTF-8"?>
<!DOCTYPE html PUBLIC "-//W3C//DTD XHTML 1.0 Transitional//EN"
    "http://www.w3.org/TR/xhtml1/DTD/xhtml1-transitional.dtd">
<html xmlns="http://www.w3.org/1999/xhtml" xml:lang="en" lang="en">
 <head>
  <title>
</title>
<meta http-equiv="Content-Type" content="text/html;charset=utf-8" />
  <meta name='ocr-system' content='tesseract 3.04.00' />
  <meta name='ocr-capabilities' content='ocr_page ocr_carea ocr_par ocr_line ocrx_word'/>
</head>
<body>
  <div class='ocr_page' id='page_1' title='image "./operaomniaaccura27auguuoft/operaomniaaccura27auguuoft_0400.png"; bbox 0 0 1729 3143; ppageno 0'>
   <div class='ocr_carea' id='block_1_1' title="bbox 231 220 1623 632">
    <p class='ocr_par' dir='ltr' id='par_1_1' title="bbox 241 220 1189 257">
     <span class='ocr_line' id='line_1_1' title="bbox 241 220 1189 257; baseline -0.002 -4"><span class='ocrx_word' id='word_1_1' title='bbox 241 220 325 257; x_wconf 55' lang='lat'>38¹5</span> <span class='ocrx_word' id='word_1_2' title='bbox 675 227 706 251; x_wconf 67' lang='lat' dir='ltr'>s.</span> <span class='ocrx_word' id='word_1_3' title='bbox 745 225 975 251; x_wconf 68' lang='lat' dir='ltr'>Aueus&#39;nm</span> <span class='ocrx_word' id='word_1_4' title='bbox 1009 225 1189 253; x_wconf 72' lang='lat' dir='ltr'><strong>EPISCOPI</strong></span> 
     </span>
    </p>

    <p class='ocr_par' dir='ltr' id='par_1_2' title="bbox 231 289 1623 632">
     <span class='ocr_line' id='line_1_2' title="bbox 235 289 1620 354; baseline -0.002 -15"><span class='ocrx_word' id='word_1_5' title='bbox 235 310 332 339; x_wconf 85' lang='lat' dir='ltr'>rum</span> <span class='ocrx_word' id='word_1_6' title='bbox 350 293 562 354; x_wconf 75' lang='lat' dir='ltr'>judicium</span> <span class='ocrx_word' id='word_1_7' title='bbox 585 300 780 334; x_wconf 77' lang='lat' dir='ltr'>servatur</span> <span class='ocrx_word' id='word_1_8' title='bbox 800 289 854 333; x_wconf 84' lang='lat' dir='ltr'>ad</span> <span class='ocrx_word' id='word_1_9' title='bbox 874 289 1268 335; x_wconf 79' lang='lat' dir='ltr'>manifestationem</span> <span class='ocrx_word' id='word_1_10' title='bbox 1286 300 1418 351; x_wconf 82' lang='lat' dir='ltr'>atque</span> <span class='ocrx_word' id='word_1_11' title='bbox 1436 293 1490 337; x_wconf 84' lang='lat' dir='ltr'>ad</span> <span class='ocrx_word' id='word_1_12' title='bbox 1508 309 1620 338; x_wconf 79' lang='lat' dir='ltr'>acer·</span> 
     </span>
     <span class='ocr_line' id='line_1_3' title="bbox 235 359 1620 419; baseline -0.001 -11"><span class='ocrx_word' id='word_1_13' title='bbox 235 365 393 408; x_wconf 89' lang='lat' dir='ltr'>rimum</span> <span class='ocrx_word' id='word_1_14' title='bbox 412 375 586 405; x_wconf 88' lang='lat' dir='ltr'>sensum</span> <span class='ocrx_word' id='word_1_15' title='bbox 608 360 788 403; x_wconf 82' lang='lat' dir='ltr'>miseriae</span> <span class='ocrx_word' id='word_1_16' title='bbox 804 395 814 412; x_wconf 88' lang='lat'>,</span> <span class='ocrx_word' id='word_1_17' title='bbox 839 359 1058 419; x_wconf 88' lang='lat' dir='ltr'>quidquid</span> <span class='ocrx_word' id='word_1_18' title='bbox 1079 375 1198 405; x_wconf 89' lang='lat' dir='ltr'>nunc</span> <span class='ocrx_word' id='word_1_19' title='bbox 1217 360 1499 405; x_wconf 84' lang='lat' dir='ltr'><strong>occultissime</strong></span> <span class='ocrx_word' id='word_1_20' title='bbox 1519 364 1620 407; x_wconf 89' lang='lat' dir='ltr'>vin-</span> 
     </span>
     <span class='ocr_line' id='line_1_4' title="bbox 234 429 1621 492; baseline 0 -14"><span class='ocrx_word' id='word_1_21' title='bbox 234 434 417 478; x_wconf 75' lang='lat' dir='ltr'>dicatur.</span> <span class='ocrx_word' id='word_1_22' title='bbox 443 431 563 475; x_wconf 82' lang='lat' dir='ltr'>Sicut</span> <span class='ocrx_word' id='word_1_23' title='bbox 585 430 700 474; x_wconf 89' lang='lat' dir='ltr'>euim</span> <span class='ocrx_word' id='word_1_24' title='bbox 722 431 798 491; x_wconf 90' lang='lat' dir='ltr'>qui</span> <span class='ocrx_word' id='word_1_25' title='bbox 819 446 908 475; x_wconf 90' lang='lat' dir='ltr'>non</span> <span class='ocrx_word' id='word_1_26' title='bbox 929 429 1102 489; x_wconf 82' lang='lat' dir='ltr'>vigilat,</span> <span class='ocrx_word' id='word_1_27' title='bbox 1126 430 1288 476; x_wconf 86' lang='lat' dir='ltr'>dormit</span> <span class='ocrx_word' id='word_1_28' title='bbox 1314 450 1323 476; x_wconf 75' lang='grc' dir='ltr'>ε</span> <span class='ocrx_word' id='word_1_29' title='bbox 1348 432 1405 477; x_wconf 88' lang='lat' dir='ltr'>sic</span> <span class='ocrx_word' id='word_1_30' title='bbox 1428 432 1621 492; x_wconf 87' lang='lat' dir='ltr'>quisquis</span> 
     </span>
     <span class='ocr_line' id='line_1_5' title="bbox 233 498 1618 562; baseline 0.001 -17"><span class='ocrx_word' id='word_1_31' title='bbox 233 517 324 546; x_wconf 88' lang='lat' dir='ltr'>non</span> <span class='ocrx_word' id='word_1_32' title='bbox 347 499 451 544; x_wconf 86' lang='lat' dir='ltr'>facit</span> <span class='ocrx_word' id='word_1_33' title='bbox 470 498 591 560; x_wconf 89' lang='lat' dir='ltr'>quod</span> <span class='ocrx_word' id='word_1_34' title='bbox 613 499 766 555; x_wconf 84' lang='lat' dir='ltr'>dehet,</span> <span class='ocrx_word' id='word_1_35' title='bbox 786 500 877 544; x_wconf 89' lang='lat' dir='ltr'>sine</span> <span class='ocrx_word' id='word_1_36' title='bbox 894 499 1124 545; x_wconf 84' lang='lat' dir='ltr'>intervallo</span> <span class='ocrx_word' id='word_1_37' title='bbox 1146 502 1309 560; x_wconf 86' lang='lat' dir='ltr'>patitur</span> <span class='ocrx_word' id='word_1_38' title='bbox 1331 502 1451 562; x_wconf 88' lang='lat' dir='ltr'>quod</span> <span class='ocrx_word' id='word_1_39' title='bbox 1473 502 1618 558; x_wconf 84' lang='lat' dir='ltr'>debet,</span> 
     </span>
     <span class='ocr_line' id='line_1_6' title="bbox 231 570 1623 632; baseline 0.001 -17"><span class='ocrx_word' id='word_1_40' title='bbox 231 571 440 632; x_wconf 86' lang='lat' dir='ltr'>quoniam</span> <span class='ocrx_word' id='word_1_41' title='bbox 463 580 582 616; x_wconf 84' lang='lat' dir='ltr'>tanta</span> <span class='ocrx_word' id='word_1_42' title='bbox 605 580 668 616; x_wconf 89' lang='lat' dir='ltr'>est</span> <span class='ocrx_word' id='word_1_43' title='bbox 695 570 922 616; x_wconf 80' lang='lat' dir='ltr'>beatitudo</span> <span class='ocrx_word' id='word_1_44' title='bbox 937 572 1140 631; x_wconf 81' lang='lat' dir='ltr'>justitiae,</span> <span class='ocrx_word' id='word_1_45' title='bbox 1165 581 1215 616; x_wconf 89' lang='lat' dir='ltr'>ut</span> <span class='ocrx_word' id='word_1_46' title='bbox 1241 588 1371 618; x_wconf 86' lang='lat' dir='ltr'>nemo</span> <span class='ocrx_word' id='word_1_47' title='bbox 1392 573 1447 617; x_wconf 87' lang='lat' dir='ltr'>ab</span> <span class='ocrx_word' id='word_1_48' title='bbox 1471 588 1520 618; x_wconf 89' lang='lat' dir='ltr'>ea</span> <span class='ocrx_word' id='word_1_49' title='bbox 1542 573 1623 617; x_wconf 90' lang='lat' dir='ltr'>nisi</span> 
     </span>
    </p>
   </div>
   <div class='ocr_carea' id='block_1_2' title="bbox 231 641 1729 702">
    <p class='ocr_par' dir='ltr' id='par_1_3' title="bbox 231 641 1729 702">
     <span class='ocr_line' id='line_1_7' title="bbox 231 641 1729 702; baseline 0 -15"><span class='ocrx_word' id='word_1_50' title='bbox 231 641 287 687; x_wconf 82' lang='lat' dir='ltr'>ad</span> <span class='ocrx_word' id='word_1_51' title='bbox 302 641 515 687; x_wconf 86' lang='lat' dir='ltr'>miseriam</span> <span class='ocrx_word' id='word_1_52' title='bbox 534 642 666 702; x_wconf 85' lang='lat' dir='ltr'>possit</span> <span class='ocrx_word' id='word_1_53' title='bbox 683 641 931 686; x_wconf 86' lang='lat' dir='ltr'>abscedere.</span> <span class='ocrx_word' id='word_1_54' title='bbox 951 644 1003 686; x_wconf 91' lang='lat' dir='ltr'>In</span> <span class='ocrx_word' id='word_1_55' title='bbox 1020 642 1226 686; x_wconf 88' lang='lat' dir='ltr'>omnibus</span> <span class='ocrx_word' id='word_1_56' title='bbox 1242 658 1345 701; x_wconf 82' lang='lat' dir='ltr'>ergo</span> <span class='ocrx_word' id='word_1_57' title='bbox 1360 642 1619 698; x_wconf 78' lang='lat' dir='ltr'><strong>defectibus,</strong></span> <span class='ocrx_word' id='word_1_58' title='bbox 1659 652 1685 680; x_wconf 52' lang='lat' dir='ltr'><em>f</em></span> <span class='ocrx_word' id='word_1_59' title='bbox 1726 678 1729 682; x_wconf 95' lang='lat'>.</span> 
     </span>
    </p>
   </div>
   <div class='ocr_carea' id='block_1_3' title="bbox 230 712 1624 915">
    <p class='ocr_par' dir='ltr' id='par_1_4' title="bbox 230 712 1624 915">
     <span class='ocr_line' id='line_1_8' title="bbox 231 712 1624 773; baseline 0 -15"><span class='ocrx_word' id='word_1_60' title='bbox 231 722 306 758; x_wconf 89' lang='lat' dir='ltr'>aut</span> <span class='ocrx_word' id='word_1_61' title='bbox 338 728 429 758; x_wconf 89' lang='lat' dir='ltr'>non</span> <span class='ocrx_word' id='word_1_62' title='bbox 464 722 727 773; x_wconf 85' lang='lat' dir='ltr'>acceperunt</span> <span class='ocrx_word' id='word_1_63' title='bbox 758 713 874 757; x_wconf 86' lang='lat' dir='ltr'>ultra</span> <span class='ocrx_word' id='word_1_64' title='bbox 906 728 996 758; x_wconf 89' lang='lat' dir='ltr'>esse</span> <span class='ocrx_word' id='word_1_65' title='bbox 1023 729 1123 773; x_wconf 86' lang='lat' dir='ltr'>quae</span> <span class='ocrx_word' id='word_1_66' title='bbox 1158 712 1370 758; x_wconf 83' lang='lat' dir='ltr'>deficiunt</span> <span class='ocrx_word' id='word_1_67' title='bbox 1389 749 1400 770; x_wconf 89' lang='lat'>‚</span> <span class='ocrx_word' id='word_1_68' title='bbox 1438 723 1481 758; x_wconf 87' lang='lat' dir='ltr'>et</span> <span class='ocrx_word' id='word_1_69' title='bbox 1502 714 1624 759; x_wconf 89' lang='lat' dir='ltr'>nulla</span> 
     </span>
     <span class='ocr_line' id='line_1_9' title="bbox 230 783 1624 844; baseline -0.001 -16"><span class='ocrx_word' id='word_1_70' title='bbox 230 783 360 843; x_wconf 87' lang='lat' dir='ltr'>culpa</span> <span class='ocrx_word' id='word_1_71' title='bbox 381 792 445 828; x_wconf 87' lang='lat' dir='ltr'>est</span> <span class='ocrx_word' id='word_1_72' title='bbox 469 803 480 841; x_wconf 80' lang='lat'>3</span> <span class='ocrx_word' id='word_1_73' title='bbox 516 783 628 828; x_wconf 86' lang='lat' dir='ltr'>sicut</span> <span class='ocrx_word' id='word_1_74' title='bbox 658 785 789 827; x_wconf 85' lang='lat' dir='ltr'>etiam</span> <span class='ocrx_word' id='word_1_75' title='bbox 823 797 926 828; x_wconf 89' lang='lat' dir='ltr'>cum</span> <span class='ocrx_word' id='word_1_76' title='bbox 958 792 1083 839; x_wconf 90' lang='lat' dir='ltr'>sunt,</span> <span class='ocrx_word' id='word_1_77' title='bbox 1111 783 1214 844; x_wconf 91' lang='lat' dir='ltr'>quia</span> <span class='ocrx_word' id='word_1_78' title='bbox 1245 799 1337 828; x_wconf 90' lang='lat' dir='ltr'>non</span> <span class='ocrx_word' id='word_1_79' title='bbox 1363 792 1624 844; x_wconf 84' lang='lat' dir='ltr'>acceperunt</span> 
     </span>
     <span class='ocr_line' id='line_1_10' title="bbox 230 853 1618 915; baseline 0.001 -16"><span class='ocrx_word' id='word_1_80' title='bbox 230 853 417 914; x_wconf 87' lang='lat' dir='ltr'>amplius</span> <span class='ocrx_word' id='word_1_81' title='bbox 440 869 529 898; x_wconf 89' lang='lat' dir='ltr'>esse</span> <span class='ocrx_word' id='word_1_82' title='bbox 557 869 690 915; x_wconf 85' lang='lat' dir='ltr'>quam</span> <span class='ocrx_word' id='word_1_83' title='bbox 718 862 820 898; x_wconf 87' lang='lat' dir='ltr'>sunt</span> <span class='ocrx_word' id='word_1_84' title='bbox 844 888 856 910; x_wconf 86' lang='lat'>‚</span> <span class='ocrx_word' id='word_1_85' title='bbox 894 853 1178 898; x_wconf 85' lang='lat' dir='ltr'>nihilominus</span> <span class='ocrx_word' id='word_1_86' title='bbox 1205 853 1327 898; x_wconf 89' lang='lat' dir='ltr'>nulla</span> <span class='ocrx_word' id='word_1_87' title='bbox 1360 853 1488 915; x_wconf 88' lang='lat' dir='ltr'>culpa</span> <span class='ocrx_word' id='word_1_88' title='bbox 1520 864 1584 899; x_wconf 89' lang='lat' dir='ltr'>est</span> <span class='ocrx_word' id='word_1_89' title='bbox 1610 874 1618 900; x_wconf 91' lang='lat'>:</span> 
     </span>
    </p>
   </div>
   <div class='ocr_carea' id='block_1_4' title="bbox 233 923 1624 984">
    <p class='ocr_par' dir='ltr' id='par_1_5' title="bbox 233 912 1729 984">
     <span class='ocr_line' id='line_1_11' title="bbox 233 923 1624 984; baseline -0.001 -14"><span class='ocrx_word' id='word_1_90' title='bbox 233 934 310 970; x_wconf 86' lang='lat' dir='ltr'>aut</span> <span class='ocrx_word' id='word_1_91' title='bbox 347 924 504 970; x_wconf 88' lang='lat' dir='ltr'>nolunt</span> <span class='ocrx_word' id='word_1_92' title='bbox 535 940 624 967; x_wconf 85' lang='lat' dir='ltr'>esse</span> <span class='ocrx_word' id='word_1_93' title='bbox 643 958 654 978; x_wconf 86' lang='lat'>,</span> <span class='ocrx_word' id='word_1_94' title='bbox 693 924 814 982; x_wconf 86' lang='lat' dir='ltr'>quod</span> <span class='ocrx_word' id='word_1_95' title='bbox 845 925 879 967; x_wconf 89' lang='lat' dir='ltr'>si</span> <span class='ocrx_word' id='word_1_96' title='bbox 907 923 1100 979; x_wconf 84' lang='lat' dir='ltr'>vellent,</span> <span class='ocrx_word' id='word_1_97' title='bbox 1135 940 1224 969; x_wconf 84' lang='lat' dir='ltr'>esse</span> <span class='ocrx_word' id='word_1_98' title='bbox 1253 935 1541 984; x_wconf 84' lang='lat' dir='ltr'>acceperunt,</span> <span class='ocrx_word' id='word_1_99' title='bbox 1580 935 1624 970; x_wconf 91' lang='lat' dir='ltr'>et</span> 
     </span>
    </p>
   </div>
   <div class='ocr_carea' id='block_1_5' title="bbox 229 994 1131 1058">
    <p class='ocr_par' dir='ltr' id='par_1_6' title="bbox 229 994 1131 1058">
     <span class='ocr_line' id='line_1_12' title="bbox 229 994 1131 1058; baseline -0.002 -17"><span class='ocrx_word' id='word_1_100' title='bbox 229 997 331 1058; x_wconf 86' lang='lat' dir='ltr'>quia</span> <span class='ocrx_word' id='word_1_101' title='bbox 356 997 525 1041; x_wconf 86' lang='lat' dir='ltr'>bonum</span> <span class='ocrx_word' id='word_1_102' title='bbox 548 1005 612 1040; x_wconf 86' lang='lat' dir='ltr'>est</span> <span class='ocrx_word' id='word_1_103' title='bbox 630 1029 641 1050; x_wconf 88' lang='lat'>‚</span> <span class='ocrx_word' id='word_1_104' title='bbox 667 1004 809 1039; x_wconf 87' lang='lat' dir='ltr'>reatus</span> <span class='ocrx_word' id='word_1_105' title='bbox 833 1004 897 1039; x_wconf 89' lang='lat' dir='ltr'>est</span> <span class='ocrx_word' id='word_1_106' title='bbox 919 995 952 1039; x_wconf 90' lang='lat' dir='ltr'>si</span> <span class='ocrx_word' id='word_1_107' title='bbox 974 994 1131 1040; x_wconf 82' lang='lat' dir='ltr'>nolint.</span> 
     </span>
    </p>
   </div>
   <div class='ocr_carea' id='block_1_6' title="bbox 286 1053 1723 1127">
    <p class='ocr_par' dir='ltr' id='par_1_7' title="bbox 286 1053 1723 1127">
     <span class='ocr_line' id='line_1_13' title="bbox 286 1053 1723 1127; baseline 0 -15"><span class='ocrx_word' id='word_1_108' title='bbox 286 1070 423 1112; x_wconf 83' lang='lat' dir='ltr'>XLV.</span> <span class='ocrx_word' id='word_1_109' title='bbox 447 1070 560 1111; x_wconf 89' lang='lat' dir='ltr'>Deus</span> <span class='ocrx_word' id='word_1_110' title='bbox 582 1075 728 1110; x_wconf 89' lang='lat' dir='ltr'>autem</span> <span class='ocrx_word' id='word_1_111' title='bbox 746 1065 857 1109; x_wconf 89' lang='lat' dir='ltr'>nulli</span> <span class='ocrx_word' id='word_1_112' title='bbox 875 1066 1008 1111; x_wconf 88' lang='lat' dir='ltr'>debet</span> <span class='ocrx_word' id='word_1_113' title='bbox 1022 1066 1186 1127; x_wconf 88' lang='lat' dir='ltr'>aliquid</span> <span class='ocrx_word' id='word_1_114' title='bbox 1200 1101 1211 1121; x_wconf 84' lang='lat'>‚</span> <span class='ocrx_word' id='word_1_115' title='bbox 1238 1067 1340 1127; x_wconf 91' lang='lat' dir='ltr'>quia</span> <span class='ocrx_word' id='word_1_116' title='bbox 1363 1067 1507 1112; x_wconf 85' lang='lat' dir='ltr'>omnia</span> <span class='ocrx_word' id='word_1_117' title='bbox 1526 1083 1622 1127; x_wconf 85' lang='lat' dir='ltr'>gra-</span> <span class='ocrx_word' id='word_1_118' title='bbox 1683 1069 1686 1099; x_wconf 67' lang='lat'>³</span> <span class='ocrx_word' id='word_1_119' title='bbox 1719 1053 1723 1060; x_wconf 41' lang='grc'>’</span> 
     </span>
    </p>
   </div>
   <div class='ocr_carea' id='block_1_7' title="bbox 227 1135 1622 1478">
    <p class='ocr_par' dir='ltr' id='par_1_8' title="bbox 227 1135 1622 1478">
     <span class='ocr_line' id='line_1_14' title="bbox 228 1135 1622 1197; baseline 0 -15"><span class='ocrx_word' id='word_1_120' title='bbox 228 1138 340 1182; x_wconf 87' lang='lat' dir='ltr'>tuito</span> <span class='ocrx_word' id='word_1_121' title='bbox 363 1146 552 1196; x_wconf 79' lang='lat' dir='ltr'>praestat.</span> <span class='ocrx_word' id='word_1_122' title='bbox 579 1139 636 1181; x_wconf 94' lang='lat' dir='ltr'>Et</span> <span class='ocrx_word' id='word_1_123' title='bbox 657 1136 690 1181; x_wconf 89' lang='lat' dir='ltr'>si</span> <span class='ocrx_word' id='word_1_124' title='bbox 714 1137 945 1197; x_wconf 88' lang='lat' dir='ltr'>quisquam</span> <span class='ocrx_word' id='word_1_125' title='bbox 967 1136 1084 1181; x_wconf 88' lang='lat' dir='ltr'>dicet</span> <span class='ocrx_word' id='word_1_126' title='bbox 1106 1137 1160 1181; x_wconf 87' lang='lat' dir='ltr'>ab</span> <span class='ocrx_word' id='word_1_127' title='bbox 1184 1135 1260 1180; x_wconf 87' lang='lat' dir='ltr'>illo</span> <span class='ocrx_word' id='word_1_128' title='bbox 1284 1137 1448 1197; x_wconf 83' lang='lat' dir='ltr'>aliquid</span> <span class='ocrx_word' id='word_1_129' title='bbox 1473 1136 1622 1182; x_wconf 83' lang='lat' dir='ltr'>deberi</span> 
     </span>
     <span class='ocr_line' id='line_1_15' title="bbox 228 1205 1622 1263; baseline -0.001 -11"><span class='ocrx_word' id='word_1_130' title='bbox 228 1207 390 1252; x_wconf 81' lang='lat' dir='ltr'>meritis</span> <span class='ocrx_word' id='word_1_131' title='bbox 415 1208 501 1252; x_wconf 89' lang='lat' dir='ltr'>suis</span> <span class='ocrx_word' id='word_1_132' title='bbox 522 1242 533 1263; x_wconf 83' lang='grc'>,</span> <span class='ocrx_word' id='word_1_133' title='bbox 558 1216 674 1251; x_wconf 85' lang='lat' dir='ltr'>certe</span> <span class='ocrx_word' id='word_1_134' title='bbox 697 1215 747 1251; x_wconf 90' lang='lat' dir='ltr'>ut</span> <span class='ocrx_word' id='word_1_135' title='bbox 767 1216 904 1261; x_wconf 75' lang='lat' dir='ltr'>esset,</span> <span class='ocrx_word' id='word_1_136' title='bbox 936 1222 1027 1251; x_wconf 90' lang='lat' dir='ltr'>non</span> <span class='ocrx_word' id='word_1_137' title='bbox 1049 1207 1087 1250; x_wconf 84' lang='lat' dir='ltr'>ei</span> <span class='ocrx_word' id='word_1_138' title='bbox 1109 1205 1367 1250; x_wconf 86' lang='lat' dir='ltr'>debebatur.</span> <span class='ocrx_word' id='word_1_139' title='bbox 1388 1209 1484 1252; x_wconf 91' lang='lat' dir='ltr'>Non</span> <span class='ocrx_word' id='word_1_140' title='bbox 1506 1208 1622 1251; x_wconf 89' lang='lat' dir='ltr'>enim</span> 
     </span>
     <span class='ocr_line' id='line_1_16' title="bbox 228 1276 1621 1337; baseline -0.001 -14"><span class='ocrx_word' id='word_1_141' title='bbox 228 1288 320 1323; x_wconf 88' lang='lat' dir='ltr'>erat</span> <span class='ocrx_word' id='word_1_142' title='bbox 341 1280 413 1323; x_wconf 88' lang='lat' dir='ltr'>cui</span> <span class='ocrx_word' id='word_1_143' title='bbox 434 1278 682 1323; x_wconf 83' lang='lat' dir='ltr'>deberetur.</span> <span class='ocrx_word' id='word_1_144' title='bbox 709 1281 766 1322; x_wconf 91' lang='lat' dir='ltr'>Et</span> <span class='ocrx_word' id='word_1_145' title='bbox 785 1287 930 1322; x_wconf 87' lang='lat' dir='ltr'>tamen</span> <span class='ocrx_word' id='word_1_146' title='bbox 947 1312 958 1332; x_wconf 86' lang='lat'>‚</span> <span class='ocrx_word' id='word_1_147' title='bbox 983 1276 1104 1337; x_wconf 90' lang='lat' dir='ltr'>quod</span> <span class='ocrx_word' id='word_1_148' title='bbox 1122 1276 1327 1321; x_wconf 84' lang='lat' dir='ltr'>meritum</span> <span class='ocrx_word' id='word_1_149' title='bbox 1347 1287 1410 1322; x_wconf 86' lang='lat' dir='ltr'>est</span> <span class='ocrx_word' id='word_1_150' title='bbox 1428 1278 1621 1323; x_wconf 84' lang='lat' dir='ltr'>converti</span> 
     </span>
     <span class='ocr_line' id='line_1_17' title="bbox 227 1347 1617 1409; baseline -0.001 -14"><span class='ocrx_word' id='word_1_151' title='bbox 227 1349 283 1395; x_wconf 89' lang='lat' dir='ltr'>ad</span> <span class='ocrx_word' id='word_1_152' title='bbox 305 1364 406 1394; x_wconf 88' lang='lat' dir='ltr'>eum</span> <span class='ocrx_word' id='word_1_153' title='bbox 429 1363 480 1393; x_wconf 78' lang='lat' dir='ltr'>ex</span> <span class='ocrx_word' id='word_1_154' title='bbox 501 1365 590 1409; x_wconf 91' lang='lat' dir='ltr'>quo</span> <span class='ocrx_word' id='word_1_155' title='bbox 613 1364 656 1393; x_wconf 89' lang='lat' dir='ltr'>es</span> <span class='ocrx_word' id='word_1_156' title='bbox 673 1384 684 1404; x_wconf 85' lang='lat'>‚</span> <span class='ocrx_word' id='word_1_157' title='bbox 723 1357 773 1392; x_wconf 93' lang='lat' dir='ltr'>ut</span> <span class='ocrx_word' id='word_1_158' title='bbox 797 1363 848 1391; x_wconf 86' lang='lat' dir='ltr'>ex</span> <span class='ocrx_word' id='word_1_159' title='bbox 880 1347 974 1406; x_wconf 90' lang='lat' dir='ltr'>ipso</span> <span class='ocrx_word' id='word_1_160' title='bbox 997 1348 1126 1391; x_wconf 85' lang='lat' dir='ltr'>etiam</span> <span class='ocrx_word' id='word_1_161' title='bbox 1160 1347 1312 1391; x_wconf 88' lang='lat' dir='ltr'>melior</span> <span class='ocrx_word' id='word_1_162' title='bbox 1340 1347 1393 1391; x_wconf 87' lang='lat' dir='ltr'>sis</span> <span class='ocrx_word' id='word_1_163' title='bbox 1408 1383 1419 1403; x_wconf 88' lang='lat'>‚</span> <span class='ocrx_word' id='word_1_164' title='bbox 1455 1363 1507 1392; x_wconf 83' lang='lat' dir='ltr'>ex</span> <span class='ocrx_word' id='word_1_165' title='bbox 1528 1364 1617 1409; x_wconf 91' lang='lat' dir='ltr'>quo</span> 
     </span>
     <span class='ocr_line' id='line_1_18' title="bbox 227 1417 1616 1478; baseline -0.001 -13"><span class='ocrx_word' id='word_1_166' title='bbox 227 1421 362 1465; x_wconf 87' lang='lat' dir='ltr'>habes</span> <span class='ocrx_word' id='word_1_167' title='bbox 380 1429 429 1464; x_wconf 91' lang='lat' dir='ltr'>ut</span> <span class='ocrx_word' id='word_1_168' title='bbox 445 1420 498 1464; x_wconf 91' lang='lat' dir='ltr'>sis</span> <span class='ocrx_word' id='word_1_169' title='bbox 513 1422 531 1461; x_wconf 62' lang='grc' dir='ltr'>ἱ)</span> <span class='ocrx_word' id='word_1_170' title='bbox 552 1418 670 1472; x_wconf 87' lang='lat' dir='ltr'>Quid</span> <span class='ocrx_word' id='word_1_171' title='bbox 687 1434 790 1478; x_wconf 81' lang='lat' dir='ltr'>ergo</span> <span class='ocrx_word' id='word_1_172' title='bbox 804 1418 842 1462; x_wconf 90' lang='lat' dir='ltr'>ei</span> <span class='ocrx_word' id='word_1_173' title='bbox 859 1433 1074 1478; x_wconf 71' lang='lat' dir='ltr'>praerogas</span> <span class='ocrx_word' id='word_1_174' title='bbox 1089 1453 1100 1474; x_wconf 87' lang='lat'>‚</span> <span class='ocrx_word' id='word_1_175' title='bbox 1125 1427 1175 1462; x_wconf 91' lang='lat' dir='ltr'>ut</span> <span class='ocrx_word' id='word_1_176' title='bbox 1196 1427 1404 1478; x_wconf 81' lang='lat' dir='ltr'>tanquam</span> <span class='ocrx_word' id='word_1_177' title='bbox 1419 1417 1616 1463; x_wconf 87' lang='lat' dir='ltr'>debitum</span> 
     </span>
    </p>
   </div>
   <div class='ocr_carea' id='block_1_8' title="bbox 226 1489 1729 1556">
    <p class='ocr_par' dir='ltr' id='par_1_9' title="bbox 226 1489 1729 1556">
     <span class='ocr_line' id='line_1_19' title="bbox 226 1489 1729 1556; baseline -0.001 -19"><span class='ocrx_word' id='word_1_178' title='bbox 226 1507 376 1552; x_wconf 87' lang='lat' dir='ltr'>poscas</span> <span class='ocrx_word' id='word_1_179' title='bbox 396 1512 407 1549; x_wconf 80' lang='lat'>3</span> <span class='ocrx_word' id='word_1_180' title='bbox 431 1491 611 1551; x_wconf 87' lang='lat' dir='ltr'>quando</span> <span class='ocrx_word' id='word_1_181' title='bbox 633 1490 667 1534; x_wconf 89' lang='lat' dir='ltr'>si</span> <span class='ocrx_word' id='word_1_182' title='bbox 689 1489 826 1534; x_wconf 89' lang='lat' dir='ltr'>nolles</span> <span class='ocrx_word' id='word_1_183' title='bbox 850 1489 905 1534; x_wconf 87' lang='lat' dir='ltr'>ad</span> <span class='ocrx_word' id='word_1_184' title='bbox 927 1505 1030 1534; x_wconf 89' lang='lat' dir='ltr'>eum</span> <span class='ocrx_word' id='word_1_185' title='bbox 1052 1490 1277 1545; x_wconf 86' lang='lat' dir='ltr'>converti,</span> <span class='ocrx_word' id='word_1_186' title='bbox 1302 1489 1411 1533; x_wconf 90' lang='lat' dir='ltr'>nihil</span> <span class='ocrx_word' id='word_1_187' title='bbox 1435 1491 1474 1533; x_wconf 87' lang='lat' dir='ltr'>ei</span> <span class='ocrx_word' id='word_1_188' title='bbox 1492 1490 1617 1535; x_wconf 75' lang='lat' dir='ltr'>dees·</span> <span class='ocrx_word' id='word_1_189' title='bbox 1669 1519 1673 1522; x_wconf 95' lang='lat'><em>-</em></span> <span class='ocrx_word' id='word_1_190' title='bbox 1719 1514 1729 1556; x_wconf 26' lang='lat' dir='ltr'>L·</span> 
     </span>
    </p>
   </div>
   <div class='ocr_carea' id='block_1_9' title="bbox 227 1560 1620 2117">
    <p class='ocr_par' dir='ltr' id='par_1_10' title="bbox 227 1560 1620 2117">
     <span class='ocr_line' id='line_1_20' title="bbox 227 1560 1617 1621; baseline -0.001 -13"><span class='ocrx_word' id='word_1_191' title='bbox 227 1573 319 1619; x_wconf 88' lang='lat' dir='ltr'>set,</span> <span class='ocrx_word' id='word_1_192' title='bbox 345 1563 426 1608; x_wconf 86' lang='lat' dir='ltr'>tibi</span> <span class='ocrx_word' id='word_1_193' title='bbox 443 1572 588 1607; x_wconf 80' lang='lat' dir='ltr'>autem</span> <span class='ocrx_word' id='word_1_194' title='bbox 604 1563 717 1621; x_wconf 82' lang='lat' dir='ltr'>ipse,</span> <span class='ocrx_word' id='word_1_195' title='bbox 744 1561 834 1606; x_wconf 92' lang='lat' dir='ltr'>sine</span> <span class='ocrx_word' id='word_1_196' title='bbox 852 1577 941 1621; x_wconf 90' lang='lat' dir='ltr'>quo</span> <span class='ocrx_word' id='word_1_197' title='bbox 959 1560 1069 1605; x_wconf 89' lang='lat' dir='ltr'>nihil</span> <span class='ocrx_word' id='word_1_198' title='bbox 1086 1576 1196 1606; x_wconf 83' lang='lat' dir='ltr'>esses</span> <span class='ocrx_word' id='word_1_199' title='bbox 1214 1596 1224 1616; x_wconf 84' lang='lat'>,</span> <span class='ocrx_word' id='word_1_200' title='bbox 1251 1569 1295 1605; x_wconf 88' lang='lat' dir='ltr'>et</span> <span class='ocrx_word' id='word_1_201' title='bbox 1311 1575 1361 1604; x_wconf 87' lang='lat' dir='ltr'>ex</span> <span class='ocrx_word' id='word_1_202' title='bbox 1383 1576 1472 1620; x_wconf 88' lang='lat' dir='ltr'>quo</span> <span class='ocrx_word' id='word_1_203' title='bbox 1493 1561 1550 1606; x_wconf 92' lang='lat' dir='ltr'>ita</span> <span class='ocrx_word' id='word_1_204' title='bbox 1574 1577 1617 1606; x_wconf 90' lang='lat' dir='ltr'>es</span> 
     </span>
     <span class='ocr_line' id='line_1_21' title="bbox 229 1630 1617 1695; baseline -0.002 -16"><span class='ocrx_word' id='word_1_205' title='bbox 229 1634 395 1695; x_wconf 84' lang='lat' dir='ltr'>aliquid</span> <span class='ocrx_word' id='word_1_206' title='bbox 415 1669 426 1689; x_wconf 81' lang='lat'>,</span> <span class='ocrx_word' id='word_1_207' title='bbox 453 1643 502 1678; x_wconf 88' lang='lat' dir='ltr'>ut</span> <span class='ocrx_word' id='word_1_208' title='bbox 532 1632 614 1677; x_wconf 87' lang='lat' dir='ltr'>nisi</span> <span class='ocrx_word' id='word_1_209' title='bbox 640 1632 936 1678; x_wconf 84' lang='lat' dir='ltr'>convertendo</span> <span class='ocrx_word' id='word_1_210' title='bbox 970 1641 1014 1677; x_wconf 86' lang='lat' dir='ltr'>te</span> <span class='ocrx_word' id='word_1_211' title='bbox 1043 1632 1098 1677; x_wconf 90' lang='lat' dir='ltr'>ad</span> <span class='ocrx_word' id='word_1_212' title='bbox 1120 1631 1244 1677; x_wconf 89' lang='lat' dir='ltr'>illum</span> <span class='ocrx_word' id='word_1_213' title='bbox 1262 1667 1273 1688; x_wconf 84' lang='lat'>,</span> <span class='ocrx_word' id='word_1_214' title='bbox 1308 1630 1546 1676; x_wconf 82' lang='lat' dir='ltr'>reddideris</span> <span class='ocrx_word' id='word_1_215' title='bbox 1578 1633 1617 1676; x_wconf 86' lang='lat' dir='ltr'>ei</span> 
     </span>
     <span class='ocr_line' id='line_1_22' title="bbox 229 1703 1620 1766; baseline -0.003 -16"><span class='ocrx_word' id='word_1_216' title='bbox 229 1705 351 1766; x_wconf 86' lang='lat' dir='ltr'>quod</span> <span class='ocrx_word' id='word_1_217' title='bbox 368 1705 421 1749; x_wconf 89' lang='lat' dir='ltr'>ab</span> <span class='ocrx_word' id='word_1_218' title='bbox 440 1706 533 1764; x_wconf 89' lang='lat' dir='ltr'>ipso</span> <span class='ocrx_word' id='word_1_219' title='bbox 555 1720 598 1749; x_wconf 86' lang='lat' dir='ltr'>es</span> <span class='ocrx_word' id='word_1_220' title='bbox 612 1739 623 1760; x_wconf 84' lang='lat'>‚</span> <span class='ocrx_word' id='word_1_221' title='bbox 648 1720 738 1749; x_wconf 90' lang='lat' dir='ltr'>non</span> <span class='ocrx_word' id='word_1_222' title='bbox 754 1703 932 1764; x_wconf 87' lang='lat' dir='ltr'>quidem</span> <span class='ocrx_word' id='word_1_223' title='bbox 954 1703 1063 1747; x_wconf 86' lang='lat' dir='ltr'>nihil</span> <span class='ocrx_word' id='word_1_224' title='bbox 1081 1738 1090 1758; x_wconf 54' lang='lat'>2</span> <span class='ocrx_word' id='word_1_225' title='bbox 1115 1703 1191 1748; x_wconf 88' lang='lat' dir='ltr'>sed</span> <span class='ocrx_word' id='word_1_226' title='bbox 1209 1704 1335 1748; x_wconf 82' lang='lat' dir='ltr'>miser</span> <span class='ocrx_word' id='word_1_227' title='bbox 1354 1712 1498 1748; x_wconf 83' lang='lat' dir='ltr'>tamen</span> <span class='ocrx_word' id='word_1_228' title='bbox 1514 1703 1620 1747; x_wconf 81' lang='lat' dir='ltr'>eris?</span> 
     </span>
     <span class='ocr_line' id='line_1_23' title="bbox 229 1772 1618 1836; baseline -0.002 -16"><span class='ocrx_word' id='word_1_229' title='bbox 229 1775 388 1820; x_wconf 90' lang='lat' dir='ltr'>Omnia</span> <span class='ocrx_word' id='word_1_230' title='bbox 409 1790 511 1833; x_wconf 83' lang='lat' dir='ltr'>ergo</span> <span class='ocrx_word' id='word_1_231' title='bbox 538 1773 603 1817; x_wconf 91' lang='lat' dir='ltr'>illi</span> <span class='ocrx_word' id='word_1_232' title='bbox 629 1773 793 1817; x_wconf 90' lang='lat' dir='ltr'>debent</span> <span class='ocrx_word' id='word_1_233' title='bbox 811 1808 822 1828; x_wconf 88' lang='lat'>‚</span> <span class='ocrx_word' id='word_1_234' title='bbox 857 1774 998 1832; x_wconf 81' lang='lat' dir='ltr'>primo</span> <span class='ocrx_word' id='word_1_235' title='bbox 1018 1772 1235 1832; x_wconf 83' lang='lat' dir='ltr'>quidquid</span> <span class='ocrx_word' id='word_1_236' title='bbox 1257 1782 1359 1836; x_wconf 87' lang='lat' dir='ltr'>sunt</span> <span class='ocrx_word' id='word_1_237' title='bbox 1375 1808 1385 1827; x_wconf 87' lang='lat'>,</span> <span class='ocrx_word' id='word_1_238' title='bbox 1411 1774 1456 1817; x_wconf 87' lang='lat' dir='ltr'>in</span> <span class='ocrx_word' id='word_1_239' title='bbox 1477 1788 1618 1833; x_wconf 90' lang='lat' dir='ltr'>quan-</span> 
     </span>
     <span class='ocr_line' id='line_1_24' title="bbox 229 1842 1616 1904; baseline -0.002 -13"><span class='ocrx_word' id='word_1_240' title='bbox 229 1857 325 1892; x_wconf 80' lang='lat' dir='ltr'>tum</span> <span class='ocrx_word' id='word_1_241' title='bbox 348 1855 514 1890; x_wconf 77' lang='lat' dir='ltr'>naturae</span> <span class='ocrx_word' id='word_1_242' title='bbox 537 1853 638 1890; x_wconf 87' lang='lat' dir='ltr'>sunt</span> <span class='ocrx_word' id='word_1_243' title='bbox 664 1864 672 1889; x_wconf 92' lang='lat'>:</span> <span class='ocrx_word' id='word_1_244' title='bbox 711 1844 870 1888; x_wconf 87' lang='lat' dir='ltr'>deinde</span> <span class='ocrx_word' id='word_1_245' title='bbox 892 1844 1109 1904; x_wconf 79' lang='lat' dir='ltr'>quidquid</span> <span class='ocrx_word' id='word_1_246' title='bbox 1136 1842 1291 1888; x_wconf 86' lang='lat' dir='ltr'>melius</span> <span class='ocrx_word' id='word_1_247' title='bbox 1320 1853 1500 1903; x_wconf 85' lang='lat' dir='ltr'>possunt</span> <span class='ocrx_word' id='word_1_248' title='bbox 1528 1860 1616 1888; x_wconf 84' lang='lat' dir='ltr'>esse</span> 
     </span>
     <span class='ocr_line' id='line_1_25' title="bbox 230 1913 1617 1977; baseline -0.002 -15"><span class='ocrx_word' id='word_1_249' title='bbox 230 1917 264 1962; x_wconf 91' lang='lat' dir='ltr'>si</span> <span class='ocrx_word' id='word_1_250' title='bbox 285 1917 447 1973; x_wconf 82' lang='lat' dir='ltr'>velint,</span> <span class='ocrx_word' id='word_1_251' title='bbox 474 1931 764 1977; x_wconf 84' lang='lat' dir='ltr'>quaecumque</span> <span class='ocrx_word' id='word_1_252' title='bbox 791 1923 1055 1974; x_wconf 84' lang='lat' dir='ltr'>aeceperunt</span> <span class='ocrx_word' id='word_1_253' title='bbox 1076 1923 1124 1958; x_wconf 90' lang='lat' dir='ltr'>ut</span> <span class='ocrx_word' id='word_1_254' title='bbox 1147 1913 1283 1959; x_wconf 83' lang='lat' dir='ltr'>velint</span> <span class='ocrx_word' id='word_1_255' title='bbox 1302 1935 1312 1971; x_wconf 81' lang='lat'>3</span> <span class='ocrx_word' id='word_1_256' title='bbox 1338 1923 1380 1958; x_wconf 83' lang='lat' dir='ltr'>et</span> <span class='ocrx_word' id='word_1_257' title='bbox 1401 1914 1617 1974; x_wconf 83' lang='lat' dir='ltr'>quidquid</span> 
     </span>
     <span class='ocr_line' id='line_1_26' title="bbox 231 1983 1616 2049; baseline -0.004 -16"><span class='ocrx_word' id='word_1_258' title='bbox 231 1998 402 2049; x_wconf 77' lang='lat' dir='ltr'>oportet</span> <span class='ocrx_word' id='word_1_259' title='bbox 432 2003 501 2032; x_wconf 88' lang='lat' dir='ltr'>eas</span> <span class='ocrx_word' id='word_1_260' title='bbox 530 2002 634 2032; x_wconf 87' lang='lat' dir='ltr'>esse.</span> <span class='ocrx_word' id='word_1_261' title='bbox 661 1989 726 2031; x_wconf 84' lang='lat' dir='ltr'>Ex</span> <span class='ocrx_word' id='word_1_262' title='bbox 755 2001 806 2031; x_wconf 88' lang='lat' dir='ltr'>eo</span> <span class='ocrx_word' id='word_1_263' title='bbox 838 1986 971 2045; x_wconf 82' lang='lat' dir='ltr'>igitur</span> <span class='ocrx_word' id='word_1_264' title='bbox 1001 1983 1121 2044; x_wconf 86' lang='lat' dir='ltr'>quod</span> <span class='ocrx_word' id='word_1_265' title='bbox 1143 1999 1232 2029; x_wconf 91' lang='lat' dir='ltr'>non</span> <span class='ocrx_word' id='word_1_266' title='bbox 1253 1985 1417 2043; x_wconf 84' lang='lat' dir='ltr'>accepit</span> <span class='ocrx_word' id='word_1_267' title='bbox 1434 2020 1444 2040; x_wconf 86' lang='lat'>‚</span> <span class='ocrx_word' id='word_1_268' title='bbox 1470 1984 1616 2029; x_wconf 84' lang='lat' dir='ltr'>nullus</span> 
     </span>
     <span class='ocr_line' id='line_1_27' title="bbox 229 2054 1615 2117; baseline -0.004 -13"><span class='ocrx_word' id='word_1_269' title='bbox 229 2075 328 2104; x_wconf 87' lang='lat' dir='ltr'>reus</span> <span class='ocrx_word' id='word_1_270' title='bbox 350 2068 415 2104; x_wconf 87' lang='lat' dir='ltr'>est</span> <span class='ocrx_word' id='word_1_271' title='bbox 440 2078 448 2104; x_wconf 91' lang='lat'>:</span> <span class='ocrx_word' id='word_1_272' title='bbox 474 2074 528 2103; x_wconf 83' lang='lat' dir='ltr'>ex</span> <span class='ocrx_word' id='word_1_273' title='bbox 550 2074 602 2103; x_wconf 89' lang='lat' dir='ltr'>eo</span> <span class='ocrx_word' id='word_1_274' title='bbox 623 2073 724 2103; x_wconf 88' lang='lat' dir='ltr'>vero</span> <span class='ocrx_word' id='word_1_275' title='bbox 755 2056 876 2117; x_wconf 86' lang='lat' dir='ltr'>quod</span> <span class='ocrx_word' id='word_1_276' title='bbox 912 2071 1002 2100; x_wconf 87' lang='lat' dir='ltr'>non</span> <span class='ocrx_word' id='word_1_277' title='bbox 1036 2054 1141 2099; x_wconf 84' lang='lat' dir='ltr'>facit</span> <span class='ocrx_word' id='word_1_278' title='bbox 1175 2055 1296 2114; x_wconf 87' lang='lat' dir='ltr'>quod.</span> <span class='ocrx_word' id='word_1_279' title='bbox 1319 2054 1474 2109; x_wconf 82' lang='lat' dir='ltr'>debet,</span> <span class='ocrx_word' id='word_1_280' title='bbox 1501 2056 1615 2114; x_wconf 87' lang='lat' dir='ltr'>juste</span> 
     </span>
    </p>
   </div>
   <div class='ocr_carea' id='block_1_10' title="bbox 230 2124 1681 2186">
    <p class='ocr_par' dir='ltr' id='par_1_11' title="bbox 230 2124 1681 2186">
     <span class='ocr_line' id='line_1_28' title="bbox 230 2124 1681 2186; baseline -0.003 -11"><span class='ocrx_word' id='word_1_281' title='bbox 230 2146 328 2175; x_wconf 88' lang='lat' dir='ltr'>reus</span> <span class='ocrx_word' id='word_1_282' title='bbox 346 2140 425 2175; x_wconf 91' lang='lat' dir='ltr'>est.</span> <span class='ocrx_word' id='word_1_283' title='bbox 451 2129 589 2174; x_wconf 85' lang='lat' dir='ltr'>Debet</span> <span class='ocrx_word' id='word_1_284' title='bbox 607 2137 752 2173; x_wconf 80' lang='lat' dir='ltr'>autem</span> <span class='ocrx_word' id='word_1_285' title='bbox 769 2162 780 2182; x_wconf 93' lang='lat'>‚</span> <span class='ocrx_word' id='word_1_286' title='bbox 805 2127 839 2172; x_wconf 90' lang='lat' dir='ltr'>si</span> <span class='ocrx_word' id='word_1_287' title='bbox 860 2126 1026 2186; x_wconf 86' lang='lat' dir='ltr'>accepit</span> <span class='ocrx_word' id='word_1_288' title='bbox 1045 2134 1088 2169; x_wconf 86' lang='lat' dir='ltr'>et</span> <span class='ocrx_word' id='word_1_289' title='bbox 1109 2125 1379 2170; x_wconf 81' lang='lat' dir='ltr'>voluntatem</span> <span class='ocrx_word' id='word_1_290' title='bbox 1400 2124 1581 2170; x_wconf 76' lang='lat' dir='ltr'>liberam</span> <span class='ocrx_word' id='word_1_291' title='bbox 1601 2160 1611 2181; x_wconf 86' lang='lat'>‚</span> <span class='ocrx_word' id='word_1_292' title='bbox 1678 2165 1681 2174; x_wconf 81' lang='grc'><strong>,</strong></span> 
     </span>
    </p>
   </div>
   <div class='ocr_carea' id='block_1_11' title="bbox 229 2199 1612 2544">
    <p class='ocr_par' dir='ltr' id='par_1_12' title="bbox 231 2199 995 2247">
     <span class='ocr_line' id='line_1_29' title="bbox 231 2199 995 2247; baseline -0.007 0"><span class='ocrx_word' id='word_1_293' title='bbox 231 2212 274 2247; x_wconf 89' lang='lat' dir='ltr'>et</span> <span class='ocrx_word' id='word_1_294' title='bbox 295 2201 703 2247; x_wconf 82' lang='lat' dir='ltr'>sufficientissimam</span> <span class='ocrx_word' id='word_1_295' title='bbox 723 2199 995 2244; x_wconf 83' lang='lat' dir='ltr'>facultatem.</span> 
     </span>
    </p>

    <p class='ocr_par' dir='ltr' id='par_1_13' title="bbox 229 2268 1612 2544">
     <span class='ocr_line' id='line_1_30' title="bbox 289 2268 1612 2332; baseline -0.005 -14"><span class='ocrx_word' id='word_1_296' title='bbox 289 2276 447 2318; x_wconf 86' lang='lat' dir='ltr'><strong>XLVI.</strong></span> <span class='ocrx_word' id='word_1_297' title='bbox 472 2275 616 2332; x_wconf 87' lang='lat' dir='ltr'>Usque</span> <span class='ocrx_word' id='word_1_298' title='bbox 634 2271 742 2316; x_wconf 83' lang='lat' dir='ltr'>adeo</span> <span class='ocrx_word' id='word_1_299' title='bbox 760 2279 905 2315; x_wconf 87' lang='lat' dir='ltr'>autem</span> <span class='ocrx_word' id='word_1_300' title='bbox 928 2269 1034 2313; x_wconf 88' lang='lat' dir='ltr'>dum</span> <span class='ocrx_word' id='word_1_301' title='bbox 1056 2284 1145 2313; x_wconf 90' lang='lat' dir='ltr'>non</span> <span class='ocrx_word' id='word_1_302' title='bbox 1165 2268 1270 2313; x_wconf 80' lang='lat' dir='ltr'>facit</span> <span class='ocrx_word' id='word_1_303' title='bbox 1292 2269 1477 2328; x_wconf 87' lang='lat' dir='ltr'>quisque</span> <span class='ocrx_word' id='word_1_304' title='bbox 1494 2269 1612 2329; x_wconf 84' lang='lat' dir='ltr'>quod</span> 
     </span>
     <span class='ocr_line' id='line_1_31' title="bbox 230 2338 1611 2403; baseline -0.005 -14"><span class='ocrx_word' id='word_1_305' title='bbox 230 2344 362 2389; x_wconf 86' lang='lat' dir='ltr'>debet</span> <span class='ocrx_word' id='word_1_306' title='bbox 381 2380 392 2400; x_wconf 80' lang='grc'>,</span> <span class='ocrx_word' id='word_1_307' title='bbox 417 2343 538 2388; x_wconf 90' lang='lat' dir='ltr'>nulla</span> <span class='ocrx_word' id='word_1_308' title='bbox 574 2343 703 2403; x_wconf 86' lang='lat' dir='ltr'>eulpa</span> <span class='ocrx_word' id='word_1_309' title='bbox 734 2351 796 2386; x_wconf 86' lang='lat' dir='ltr'>est</span> <span class='ocrx_word' id='word_1_310' title='bbox 823 2339 1068 2386; x_wconf 80' lang='lat' dir='ltr'>Conditoris</span> <span class='ocrx_word' id='word_1_311' title='bbox 1086 2374 1096 2394; x_wconf 81' lang='lat'><strong>‚</strong></span> <span class='ocrx_word' id='word_1_312' title='bbox 1135 2348 1184 2383; x_wconf 89' lang='lat' dir='ltr'>ut</span> <span class='ocrx_word' id='word_1_313' title='bbox 1207 2348 1250 2382; x_wconf 85' lang='lat' dir='ltr'>et</span> <span class='ocrx_word' id='word_1_314' title='bbox 1275 2338 1368 2383; x_wconf 88' lang='lat' dir='ltr'>laus</span> <span class='ocrx_word' id='word_1_315' title='bbox 1396 2339 1474 2394; x_wconf 86' lang='lat' dir='ltr'>sit,</span> <span class='ocrx_word' id='word_1_316' title='bbox 1500 2354 1611 2399; x_wconf 89' lang='lat' dir='ltr'>quo-</span> 
     </span>
     <span class='ocr_line' id='line_1_32' title="bbox 229 2410 1609 2475; baseline -0.004 -18"><span class='ocrx_word' id='word_1_317' title='bbox 229 2416 344 2458; x_wconf 85' lang='lat' dir='ltr'>niam</span> <span class='ocrx_word' id='word_1_318' title='bbox 368 2415 484 2475; x_wconf 82' lang='lat' dir='ltr'>quod</span> <span class='ocrx_word' id='word_1_319' title='bbox 508 2414 639 2458; x_wconf 66' lang='lat' dir='ltr'>(lebet</span> <span class='ocrx_word' id='word_1_320' title='bbox 662 2414 852 2473; x_wconf 74' lang='lat' dir='ltr'>patitur,</span> <span class='ocrx_word' id='word_1_321' title='bbox 879 2422 920 2455; x_wconf 72' lang='lat' dir='ltr'>et</span> <span class='ocrx_word' id='word_1_322' title='bbox 949 2412 993 2454; x_wconf 86' lang='lat' dir='ltr'>in</span> <span class='ocrx_word' id='word_1_323' title='bbox 1016 2427 1067 2455; x_wconf 90' lang='lat' dir='ltr'>eo</span> <span class='ocrx_word' id='word_1_324' title='bbox 1086 2411 1177 2469; x_wconf 82' lang='lat' dir='ltr'>ipso</span> <span class='ocrx_word' id='word_1_325' title='bbox 1199 2410 1319 2470; x_wconf 76' lang='lat' dir='ltr'>quod</span> <span class='ocrx_word' id='word_1_326' title='bbox 1342 2411 1609 2469; x_wconf 81' lang='lat' dir='ltr'>vituperatur</span> 
     </span>
     <span class='ocr_line' id='line_1_33' title="bbox 230 2479 1604 2544; baseline -0.004 -17"><span class='ocrx_word' id='word_1_327' title='bbox 230 2500 318 2528; x_wconf 84' lang='lat' dir='ltr'>non</span> <span class='ocrx_word' id='word_1_328' title='bbox 358 2485 556 2529; x_wconf 77' lang='lat' dir='ltr'>faciendo</span> <span class='ocrx_word' id='word_1_329' title='bbox 601 2483 718 2544; x_wconf 47' lang='lat' dir='ltr'>x[uod</span> <span class='ocrx_word' id='word_1_330' title='bbox 740 2483 896 2527; x_wconf 77' lang='lat' dir='ltr'>dehet¹</span> <span class='ocrx_word' id='word_1_331' title='bbox 917 2517 928 2537; x_wconf 86' lang='lat'>‚</span> <span class='ocrx_word' id='word_1_332' title='bbox 962 2497 1050 2526; x_wconf 89' lang='lat' dir='ltr'>non</span> <span class='ocrx_word' id='word_1_333' title='bbox 1085 2482 1165 2525; x_wconf 80' lang='lat' dir='ltr'>nisi</span> <span class='ocrx_word' id='word_1_334' title='bbox 1196 2481 1396 2525; x_wconf 79' lang='lat' dir='ltr'>laudatur</span> <span class='ocrx_word' id='word_1_335' title='bbox 1432 2480 1501 2523; x_wconf 83' lang='lat' dir='ltr'>ille</span> <span class='ocrx_word' id='word_1_336' title='bbox 1537 2479 1604 2523; x_wconf 80' lang='lat' dir='ltr'>eui</span> 
     </span>
    </p>
   </div>
   <div class='ocr_carea' id='block_1_12' title="bbox 273 2568 841 2610">
    <p class='ocr_par' dir='ltr' id='par_1_14' title="bbox 273 2568 841 2610">
     <span class='ocr_line' id='line_1_34' title="bbox 273 2568 841 2610; baseline -0.002 -11"><span class='ocrx_word' id='word_1_337' title='bbox 273 2570 283 2589; x_wconf 80' lang='lat'>¹</span> <span class='ocrx_word' id='word_1_338' title='bbox 304 2569 379 2600; x_wconf 68' lang='lat' dir='ltr'>Vide</span> <span class='ocrx_word' id='word_1_339' title='bbox 405 2580 413 2600; x_wconf 76' lang='grc' dir='ltr'>ι</span> <span class='ocrx_word' id='word_1_340' title='bbox 437 2572 569 2601; x_wconf 76' lang='lat' dir='ltr'>Reti-act</span> <span class='ocrx_word' id='word_1_341' title='bbox 603 2580 672 2610; x_wconf 75' lang='lat' dir='ltr'>cap.</span> <span class='ocrx_word' id='word_1_342' title='bbox 695 2580 737 2608; x_wconf 37' lang='lat' dir='ltr'>ix,²</span> <span class='ocrx_word' id='word_1_343' title='bbox 758 2578 788 2598; x_wconf 88' lang='lat' dir='ltr'>n.</span> <span class='ocrx_word' id='word_1_344' title='bbox 813 2568 841 2598; x_wconf 72' lang='lat'>3.</span> 
     </span>
    </p>
   </div>
   <div class='ocr_carea' id='block_1_13' title="bbox 1668 0 1729 3143">
    <p class='ocr_par' dir='ltr' id='par_1_15' title="bbox 1668 0 1729 3143">
     <span class='ocr_line' id='line_1_35' title="bbox 1668 0 1729 3143; baseline 0 0"><span class='ocrx_word' id='word_1_345' title='bbox 1668 0 1729 3143; x_wconf 95' lang='lat' dir='ltr'>   </span> <span class='ocrx_word' id='word_1_346' title='bbox 1688 211 1705 280; x_wconf 95' lang='lat' dir='ltr'> </span> 
     </span>
    </p>
   </div>
   <div class='ocr_carea' id='block_1_14' title="bbox 1685 228 1697 263">
    <p class='ocr_par' dir='ltr' id='par_1_16' title="bbox 1685 228 1697 263">
     <span class='ocr_line' id='line_1_36' title="bbox 1685 228 1697 263; baseline -0.167 0"><span class='ocrx_word' id='word_1_347' title='bbox 1685 228 1688 263; x_wconf 66' lang='lat'>4</span> <span class='ocrx_word' id='word_1_348' title='bbox 1696 258 1697 261; x_wconf 74' lang='grc'>,</span> 
     </span>
    </p>
   </div>
  </div>
 </body>
</html>
