1729 3143
227 201 310 241 346
662 211 696 238 S.
732 211 961 240 AUGUSTINI
993 215 1175 245 El’lscol‘l

223 278 382 322 desunt
402 290 569 328 manuS,
593 283 635 319 et
652 283 798 319 tamen
812 277 1014 323 manibus
1038 279 1149 324 male
1164 282 1318 337 utitur,
1335 285 1410 342 qui
1427 286 1485 329 eis
1496 300 1603 345 ope-

223 358 342 393 ratur
352 346 421 390 vel
434 361 546 389 saeva
561 344 630 389 vel
643 347 799 405 turpia.
815 348 915 392 Sine
927 349 1111 408 pedibus
1126 352 1316 412 aliquem
1330 354 1364 397 si
1378 356 1600 413 aspiceres,

221 417 415 464 fatereris
437 415 583 459 deesse
604 416 841 476 integritati
858 422 1048 480 corporis
1069 422 1309 481 plurimum
1337 423 1502 470 bonum
1521 446 1530 472 ε
1562 437 1605 471 ct

220 499 365 533 tamen
381 502 481 531 eum
503 487 580 548 qui
602 488 658 532 ad
676 490 924 535 nocendum
953 493 1140 552 cuipiam
1158 528 1169 549 ‚
1193 493 1264 538 vel
1291 509 1335 538 se
1361 495 1504 554 ipsum
1527 496 1605 541 de-

218 559 539 604 honestandum
558 559 741 619 pedibus
759 570 956 607 uteretur
972 598 984 620 ,
1009 564 1123 609 male
1142 565 1207 609 uti
1225 565 1411 626 pedibus
1426 583 1515 612 non
1528 583 1606 612 ne-

218 646 353 691 gares.
385 630 533 675 Oculis
554 631 666 676 hanc
687 632 831 677 lucem
853 634 1049 680 videmus
1065 671 1076 688 ‚
1108 636 1360 699 formasque
1391 639 1607 685 internos-

217 703 353 748 cimus
377 718 637 763 corporum3
662 705 797 765 idque
819 713 862 751 et
897 708 1258 766 speciosissimum
1287 719 1351 755 est
1378 710 1424 754 in
1457 720 1605 757 nostro

216 791 396 835 corpore
411 811 421 831 ,
448 775 566 821 unde
586 777 632 820 in
653 775 824 837 fastigio
845 780 1039 838 quodam
1053 779 1276 839 dignitatis
1295 783 1390 827 haec
1409 785 1605 829 membra

215 848 356 893 locata
379 856 510 905 sunt3
535 857 578 893 et
599 847 654 893 ad
681 848 866 893 salutem
888 850 1122 906 tuendam,
1154 853 1382 912 multaque
1404 853 1484 899 alia
1507 855 1607 899 vitae

216 918 445 965 commoda
476 919 609 964 refert
638 935 740 963 usus
775 921 1005 967 oculorum
1031 941 1040 968 :
1076 923 1213 968 oculis
1240 933 1388 968 tamen
1408 925 1607 986 plerique

215 991 424 1052 pleraque
445 998 579 1048 agunt
601 989 789 1049 turpiter
804 1024 815 1046 ,
840 999 884 1035 et
913 1006 985 1037 eos
1006 992 1194 1038 militare
1222 1003 1386 1052 cogunt
1417 993 1604 1041 libidini.

215 1065 272 1107 Et
298 1062 419 1107 vides
453 1069 670 1121 quantum
689 1060 856 1106 bonum
877 1062 988 1107 desit
1008 1063 1055 1108 in
1075 1063 1188 1109 facie
1202 1099 1214 1120 ‚
1240 1064 1274 1109 si
1295 1064 1413 1110 oculi
1434 1066 1603 1112 desint:

214 1148 315 1178 cum
338 1142 484 1178 autem
502 1132 687 1189 adsunt,
710 1133 807 1194 quis
824 1134 904 1179 hos
927 1133 1049 1180 dedit
1067 1136 1149 1180 nisi
1171 1135 1388 1181 bonorum
1410 1138 1608 1183 omnium

213 1205 392 1264 largitor
424 1206 574 1250 Deus?
605 1205 990 1259 Quemadmodum
1011 1221 1115 1265 ergo
1137 1206 1218 1251 ista
1238 1207 1399 1266 probas
1424 1209 1470 1252 in
1505 1223 1608 1254 cor-

212 1292 346 1336 pore,
380 1285 424 1321 et
453 1291 543 1321 non
569 1276 744 1322 intuens
772 1292 846 1322 eos
875 1277 952 1337 qui
982 1275 1096 1321 male
1118 1277 1183 1321 his
1205 1285 1422 1333 utuntur,
1453 1277 1606 1326 laudas

213 1348 339 1392 illum
367 1348 444 1408 qui
473 1348 568 1393 haec
595 1347 717 1393 dedit
739 1349 857 1393 bona
887 1367 896 1393 :
922 1348 981 1392 sic
1002 1348 1185 1392 liberam
1206 1348 1481 1394 voluntatem
1513 1351 1606 1396 sine

212 1434 300 1478 qua
321 1433 450 1463 nemo
467 1427 610 1478 potest
631 1427 748 1462 recte
768 1418 934 1473 vivere,
954 1427 1127 1478 oportet
1144 1427 1187 1463 et
1208 1418 1377 1464 bonum
1391 1455 1402 1476 ‚
1428 1429 1472 1465 et
1489 1420 1605 1466 divi-

212 1490 329 1534 nitus
347 1488 500 1534 datum
516 1523 527 1544 ‚
549 1497 593 1532 et
614 1489 759 1548 potius
782 1504 854 1534 eos
871 1487 1142 1535 damnandos
1159 1490 1237 1551 qui
1257 1491 1341 1536 hoc
1355 1491 1474 1536 bono
1491 1493 1605 1538 male

212 1569 398 1606 utuntur
429 1579 438 1606 :
463 1575 595 1621 quam
617 1574 719 1605 eum
749 1561 826 1620 qui
859 1559 1029 1606 dederit
1051 1560 1155 1607 dare
1180 1577 1272 1607 non
1304 1561 1505 1608 debuisse
1534 1563 1603 1609 fa-

213 1633 356 1678 tearis.
750 1651 752 1653 ·
1446 1634 1452 1638 ⁴

270 1704 434 1747 XLIX.
467 1704 520 1747 E.
548 1703 672 1747 Prius
687 1717 789 1761 ergo
805 1702 981 1760 vellem,
1001 1713 1053 1749 ut
1074 1704 1183 1748 mihi
1199 1705 1409 1765 probares
1424 1705 1602 1767 aliquod

212 1776 380 1819 bonum
393 1788 482 1818 esse
497 1773 680 1818 liberam
695 1773 963 1818 voluntatem
980 1795 991 1831 3
1011 1784 1055 1819 et
1068 1790 1148 1833 ego
1164 1777 1448 1820 concederem
1462 1780 1601 1821 Deum

211 1844 330 1890 illam
352 1844 519 1889 dedisse
536 1844 662 1889 nobis
675 1879 686 1900 ‚
711 1843 812 1905 quia
830 1844 970 1889 fateor
990 1860 1041 1889 ex
1058 1848 1149 1890 Deo
1170 1847 1316 1891 omnia
1348 1847 1463 1892 bona
1491 1862 1595 1892 esse*

211 1919 263 1962 Α.
296 1919 440 1960 Ita-ne
473 1915 652 1960 tandem
682 1931 771 1960 non
792 1915 973 1975 probavi
1001 1915 1081 1960 tibi
1113 1924 1237 1961 tanto
1269 1917 1493 1961 molimine
1523 1933 1599 1963 su-

211 1987 389 2047 perioris
417 1986 721 2046 disputationis
738 2021 749 2041 ‚
774 2001 874 2031 cum
902 2001 1075 2031 omnem
1108 1988 1295 2047 speciem
1325 1987 1600 2049 formamque

213 2059 403 2119 corporis
425 2074 449 2103 a
476 2073 644 2103 summa
676 2058 873 2103 omnium
901 2073 1047 2102 rerum
1068 2057 1230 2114 forma,
1257 2059 1303 2103 id
1325 2068 1414 2114 est,
1440 2076 1463 2104 a
1483 2061 1600 2104 veri-

212 2140 301 2176 tate
317 2131 547 2176 subsistere
563 2131 756 2175 fatereris
773 2165 783 2186 ,
815 2138 857 2174 et
877 2130 1046 2175 bonum
1072 2145 1161 2175 esse
1178 2129 1467 2175 concederes?
1489 2134 1596 2177 Nam

211 2211 254 2247 et
267 2203 445 2262 capillos
466 2211 634 2248 nostros
656 2210 903 2247 numeratos
924 2203 1056 2258 esse¹‚
1083 2202 1174 2262 ipsa
1196 2202 1242 2245 in
1268 2202 1507 2261 Evangelio
1528 2202 1597 2247 lo-

212 2276 360 2334 quitur
397 2274 579 2319 Veritas.
619 2276 680 2317 De
706 2274 876 2318 numeri
904 2281 1051 2318 autem
1078 2273 1350 2328 summitate,
1382 2282 1426 2317 et
1460 2289 1483 2317 a
1512 2273 1598 2317 fine

213 2361 351 2405 usque
383 2345 439 2390 ad
461 2347 590 2390 finem
618 2344 905 2405 pertendente
927 2344 1120 2404 potentia
1135 2380 1146 2400 ,
1184 2360 1283 2405 quae
1304 2345 1441 2389 locuti
1463 2343 1595 2388 fueri-

214 2431 309 2460 mus
325 2452 334 2469 ,
371 2418 529 2461 excidit
560 2417 648 2462 tibi.
671 2419 779 2470 Quae
810 2417 943 2476 igitur
969 2416 1049 2461 ista
1078 2425 1141 2460 est
1167 2424 1287 2460 tanta
1309 2416 1562 2476 perversitas
1581 2450 1592 2470 7

216 2487 392 2545 capillos
410 2498 594 2545 nostros,
619 2488 816 2547 quamvis
836 2488 948 2532 inter
969 2488 1122 2547 exigua
1139 2496 1183 2532 et
1203 2487 1381 2533 omnino
1403 2485 1596 2545 abjectis-

265 2578 274 2592 1
291 2571 411 2604 Matth.
426 2581 460 2612 x,
479 2572 531 2604 30.
