1729 3143
598 217 652 244 DE
685 217 936 245 HAEREsmUs.
1384 205 1469 245 239

81 292 231 328 ccrent
254 297 430 327 carnem
450 282 572 328 illam
593 292 637 327 et
668 283 864 326 Verbum
894 282 1022 325 unius
1051 280 1336 341 ejusdemque
1363 282 1471 326 sub—

80 353 274 407 stantiae,
314 353 701 397 contentiosissime
734 361 1026 396 asseverantes
1062 351 1259 396 Verbum
1292 366 1469 396 carnem

79 423 247 467 iactum
263 457 275 478 ‚
298 423 382 468 hoc
403 432 467 468 est
481 457 493 478 ‚
518 423 653 466 Verbi
674 421 842 480 aliquid
863 422 910 465 in
932 437 1107 466 carnem
1128 422 1261 466 fuisse
1281 437 1468 467 conver·-

78 507 176 537 sum
198 502 330 553 atque
349 501 566 537 mutatum
582 526 594 548 ,
617 507 709 537 non
730 501 878 537 autem
900 507 1078 536 carnem
1098 493 1154 536 de
1168 493 1318 538 Mariae
1339 507 1469 537 carne

78 562 212 607 fuisse
229 571 493 620 susceptam.

136 633 251 676 LVI.
276 631 652 676 Antidicomaritae
672 630 880 690 appellati
911 638 1014 674 sunt
1034 631 1228 674 haeretici
1243 665 1255 685 ‚
1279 631 1355 690 qui
1375 634 1472 677 Ma-

78 701 154 745 riae
168 701 405 759 virginitati
419 717 558 761 usque
580 701 689 746 adeo
709 700 1020 746 contradicunt
1034 735 1046 755 ‚
1068 709 1119 743 ut
1141 701 1359 746 affirment
1377 717 1473 746 eam

78 781 178 830 post
193 772 418 816 Christum
438 781 590 817 natum
612 773 707 817 viro
728 787 807 817 suo
824 770 958 816 fuisse
976 771 1274 816 commixtam.

147 843 286 885 LVII.
333 845 603 886 Postremam
643 842 769 902 ponit
805 843 1078 901 Epiphanius
1124 840 1473 885 Massilianorum

78 911 278 955 haeresim
299 929 309 956 ε
337 913 455 971 quod
480 927 643 956 nomen
664 928 715 956 ex
736 912 887 970 lingua
915 928 1013 970 syra
1036 921 1114 956 est.
1141 914 1291 956 Graece
1327 921 1475 955 autem

78 980 288 1025 dicuntur
316 990 446 1031 Ευχίτοιι
466 1017 476 1037 ,
503 983 558 1026 ab
588 982 754 1028 orando
788 984 848 1028 sic
871 983 1092 1043 appellati.
1135 985 1325 1027 Tantum
1357 982 1474 1025 enim

77 1060 204 1095 orant
223 1085 235 1106 ‚
257 1061 308 1096 ut
329 1052 389 1096 eis
405 1053 483 1110 qui
498 1053 583 1097 hoc
598 1053 654 1096 de
669 1053 754 1097 illis
771 1054 960 1098 audiunt
978 1052 1237 1098 incredibile
1253 1053 1470 1097 videatur.

77 1122 188 1166 Nam
217 1135 318 1164 cum
350 1123 562 1166 Dominus
584 1121 741 1166 dixerit
767 1142 777 1167 :
811 1142 832 1166 «
857 1126 1043 1178 Oportet
1064 1137 1236 1179 semper
1256 1137 1380 1166 orare
1395 1156 1406 1176 ,
1431 1130 1475 1164 et

79 1206 101 1230 n
125 1204 216 1234 non
237 1190 450 1235 deficere¹
481 1213 492 1249 3
520 1210 540 1233 »
582 1201 626 1236 et
657 1189 890 1249 Apostolus
923 1207 932 1232 :
969 1206 990 1228 «
1018 1187 1118 1231 Sine
1155 1188 1474 1234 intermissione

80 1275 103 1299 »
126 1267 246 1302 orate
261 1261 279 1284 ²
293 1293 305 1312 ‚
334 1278 354 1300 »
380 1261 501 1318 quod
518 1262 739 1305 sanissime
756 1258 816 1302 sic
837 1256 1048 1315 accipitur
1062 1291 1074 1311 ‚
1098 1265 1148 1300 ut
1166 1258 1290 1300 nullo
1311 1257 1384 1301 die
1404 1259 1475 1302 in-

79 1328 377 1372 termittantur
403 1336 520 1371 certa
547 1336 744 1386 tempora
770 1325 926 1371 orandi
948 1345 956 1371 :
981 1327 1051 1370 isti
1071 1326 1132 1370 ita
1154 1327 1281 1370 nimis
1298 1327 1383 1370 hoc
1404 1327 1474 1371 fa-

77 1398 228 1453 ciunt,
260 1407 311 1442 ut
343 1398 447 1441 hinc
474 1396 779 1457 judicarentur
805 1397 920 1441 inter
944 1396 1173 1440 haereticos
1195 1397 1468 1441 nominandi.

79 1468 286 1520 Quamvis
325 1467 528 1512 nonnulli
561 1482 633 1511 eos
670 1467 820 1511 dicant
849 1467 904 1510 de
937 1467 1197 1526 purgatione
1229 1465 1472 1510 animarum

78 1539 225 1582 nescio
239 1553 371 1597 quam
394 1537 710 1596 phantasticam
732 1546 775 1580 et
792 1536 1020 1580 ridiculam
1043 1535 1240 1580 fabulam
1262 1551 1438 1580 narrare
1455 1572 1470 1592 ,

79 1623 256 1667 porcam
279 1607 441 1653 scilicet
462 1623 560 1652 cum
583 1605 784 1667 porcellis
804 1606 942 1651 videri
970 1607 1085 1650 exire
1112 1606 1167 1650 de
1188 1621 1262 1651 ore
1284 1607 1473 1651 hominis

78 1677 261 1737 quando
275 1687 488 1737 purgatur
500 1712 511 1733 ,
531 1686 575 1721 et
595 1677 642 1721 in
663 1692 764 1721 eum
780 1677 941 1720 visibili
956 1676 1154 1719 similiter
1171 1676 1313 1734 specie
1325 1677 1472 1734 ignem

78 1748 156 1807 qui
177 1763 268 1791 non
295 1748 527 1791 comburat
556 1747 734 1791 intrare.
761 1747 838 1790 His
859 1746 1061 1806 adjungit
1081 1745 1354 1805 Epiphanius
1378 1750 1472 1791 Eu-

78 1818 314 1876 phemitas,
333 1818 625 1875 Martyrianos
640 1852 652 1871 ,
677 1826 721 1861 et
740 1818 994 1862 Satanianos
1009 1852 1020 1871 ,
1046 1826 1089 1861 et
1105 1818 1186 1860 hos
1206 1832 1355 1861 omnes
1370 1833 1472 1862 cum

78 1886 162 1932 illis
180 1897 390 1947 tanquam
405 1903 539 1932 unam
556 1888 753 1932 haeresim
771 1887 912 1946 ponit.
935 1888 1150 1931 Dicuntur
1166 1888 1368 1931 Euchitae
1382 1889 1471 1948 opi-

80 1958 174 2000 nari
191 1959 414 2002 monachis
436 1974 528 2002 non
545 1957 674 2002 licere
690 1957 975 2002 sustentando
990 1957 1090 2001 vitae
1117 1973 1207 2001 suae
1232 1973 1362 2001 causa
1389 1957 1470 2002 ali-

79 2027 190 2086 quid
222 2030 416 2087 operari,
449 2038 580 2088 atque
607 2029 667 2074 ita
688 2044 732 2073 se
763 2030 876 2088 ipsos
909 2029 1147 2073 monachos
1172 2029 1367 2088 profiteri
1384 2063 1396 2084 ‚
1421 2038 1471 2073 ut

80 2098 261 2141 omnino
286 2099 340 2141 ab
364 2098 569 2157 operibus
586 2107 757 2143 vacent.

143 2169 288 2227 Usque
310 2167 365 2211 ad
394 2168 497 2211 istos
518 2178 622 2226 ergo
642 2168 698 2211 de
717 2168 956 2212 haeresibus
978 2184 1087 2228 opus
1110 2184 1240 2213 suum
1266 2169 1470 2229 perduxit

82 2236 357 2295 supradictus
384 2238 610 2296 episcopus
632 2238 818 2296 Cyprius
834 2273 845 2292 ‚
871 2240 989 2297 apud
1020 2242 1193 2285 Graecos
1213 2241 1324 2284 inter
1346 2255 1469 2298 mag-

83 2323 162 2351 nos
180 2307 354 2351 habitus
371 2343 382 2360 ‚
408 2316 450 2352 et
473 2324 496 2351 a
518 2306 666 2351 multis
682 2308 727 2351 in
749 2308 975 2353 catholicae
997 2310 1098 2353 fidei
1115 2311 1297 2355 sanitate
1313 2310 1468 2355 lauda-

85 2387 170 2421 tus.
197 2379 331 2436 Cujus
352 2392 433 2436 ego
450 2378 496 2421 in
518 2378 909 2422 commemorandis
927 2380 1139 2425 haereticis
1162 2396 1251 2425 non
1268 2381 1464 2435 modum,

86 2448 161 2492 sed
179 2448 376 2492 ordinem
393 2463 488 2492 sum
506 2458 692 2493 secutus.
711 2451 821 2495 Nam
837 2458 881 2493 et
896 2449 1039 2510 aliqua
1056 2467 1105 2495 ex
1124 2452 1216 2497 aliis
1233 2453 1356 2511 posui
1368 2467 1467 2512 quae

134 2539 143 2556 ¹
170 2534 352 2572 Luc.xv1u,
376 2539 486 2566 1.-²
509 2544 522 2566 1
545 2533 652 2566 Thess.
671 2544 706 2575 v,
729 2543 780 2576 17.
