1729 3143
213 233 296 271 396
649 241 682 269 s.
719 241 948 270 Aucus‘rml
978 243 1158 271 tmscorr

210 308 329 369 quod
363 307 613 352 facultatem
634 307 795 363 habet,
830 317 879 352 ut
906 307 1137 368 adjuvante
1159 309 1362 354 Creatore
1389 324 1432 354 se
1450 311 1584 370 ipsam

209 379 401 432 excolat,
437 387 480 421 et
510 378 581 437 pio
613 378 757 423 studio
788 380 920 438 possit
953 394 1099 424 omnes
1129 380 1349 440 acquirere
1372 390 1415 425 et
1436 396 1587 440 capere

208 453 387 495 virtutes
406 484 416 504 ,
442 464 519 508 per
543 466 651 510 quas
673 459 716 494 et
736 466 759 494 a
785 450 1043 495 difficultate
1064 452 1309 506 cruciante,
1335 460 1379 496 et
1399 453 1453 495 ab
1470 452 1588 510 igno·

206 522 342 565 rantia
360 529 549 565 caecante
566 521 789 567 liberetur.
812 523 939 576 Quod
957 522 990 567 si
1009 523 1067 567 ita
1089 532 1153 567 est
1169 558 1180 578 ‚
1201 538 1291 568 non
1307 524 1388 567 erit
1404 538 1589 568 nascen-

207 592 322 636 tibus
351 592 502 636 animis
524 592 766 650 ignorantia
790 602 831 637 et
861 593 1093 638 difficultas
1111 593 1372 653 supplicium
1393 594 1589 653 peccati,

204 663 279 707 sed
301 664 555 722 proficiendi
578 664 838 719 admonitio,
865 674 908 709 et
930 665 1209 724 perfectionis
1230 664 1470 709 exordium.
1493 667 1590 711 Non

205 733 322 777 enim
344 743 444 778 ante
467 750 596 779 omne
613 735 818 779 meritum
841 735 946 779 honi
969 737 1108 795 operis
1123 751 1279 796 parum
1298 744 1362 779 est
1379 736 1592 795 accepisse

204 804 401 849 naturale
427 804 662 865 judicium,
693 822 782 866 quo
811 807 1065 865 sapientiam
1093 816 1320 866 praeponat
1347 806 1521 859 terrori,
1547 814 1590 849 et

205 875 398 935 quietem
434 876 687 920 difficultati
706 911 716 930 ,
755 885 806 920 ut
828 875 882 919 ad
905 876 998 920 haec
1020 892 1109 920 non
1133 877 1377 930 nascendo,
1403 876 1479 919 sed
1495 885 1589 919 stu-

202 944 346 990 dendo
368 946 606 1005 perveniat.
634 942 762 996 Quod
778 944 811 987 si
829 959 956 1002 agere
978 945 1169 988 noluerit
1187 980 1197 999 ,
1222 947 1388 1003 peccati
1410 961 1481 989 rea
1495 947 1593 1004 jure

202 1016 427 1060 tenebitur
445 1050 455 1069 ,
497 1024 706 1073 tanquam
736 1030 835 1073 quae
858 1030 947 1059 non
978 1015 1088 1058 bene
1109 1030 1186 1059 usa
1207 1015 1260 1058 sit
1286 1030 1334 1058 ea
1355 1014 1564 1059 facultate
1579 1049 1590 1070 ,

203 1101 334 1146 quam
363 1085 542 1144 accepit.
578 1087 840 1144 Quanquam
866 1086 981 1128 enim
1005 1085 1051 1127 in
1070 1085 1314 1143 ignorantia
1338 1094 1380 1128 et
1404 1084 1595 1128 difficul-

202 1165 291 1200 tate
322 1164 422 1200 nata
444 1156 524 1206 sit,
562 1170 651 1199 non
688 1164 836 1198 tamen
867 1154 920 1197 ad
944 1155 1291 1213 permanendum
1322 1155 1368 1198 in
1399 1169 1451 1198 eo
1474 1154 1594 1214 quod

202 1236 302 1271 nata
326 1229 389 1270 est
405 1261 416 1277 ,
443 1226 586 1286 aliqua
608 1225 861 1270 necessitate
883 1225 1187 1283 comprimitur
1210 1244 1219 1269 z
1246 1240 1389 1284 neque
1413 1226 1594 1270 omnino

202 1297 347 1356 potuit
364 1296 445 1339 nisi
463 1299 575 1339 Deus
593 1296 868 1353 omnipotens
886 1309 974 1338 esse
997 1294 1126 1338 etiam
1146 1294 1297 1338 talium
1319 1304 1487 1339 creator
1504 1295 1592 1338 ani-

201 1382 371 1411 marum
388 1401 398 1421 ,
426 1382 533 1426 quas
559 1375 602 1410 et
623 1381 713 1410 non
737 1364 920 1409 dilectus
943 1365 1034 1424 ipse
1055 1364 1185 1409 faciat
1200 1399 1211 1420 ,
1237 1374 1281 1408 et
1309 1364 1490 1423 diligens
1525 1380 1594 1410 eas

203 1439 392 1493 reficiat,
416 1447 459 1482 et
480 1436 665 1481 dilectus
685 1437 776 1496 ipse
796 1436 992 1495 perficiat
1013 1454 1024 1480 ε
1048 1436 1125 1496 qui
1146 1445 1189 1479 et
1203 1451 1293 1480 non
1311 1436 1593 1481 existentibus

201 1518 377 1569 praestat
398 1517 449 1553 ut
470 1508 581 1563 sint,
606 1510 660 1567 ¹get
678 1507 925 1553 amantibus
955 1521 1056 1551 eum
1076 1523 1100 1551 a
1115 1522 1204 1567 quo
1227 1516 1329 1551 sunt
1345 1515 1521 1566 praestat
1544 1515 1596 1551 ut

201 1581 342 1625 beatae
364 1580 464 1625 sint.

258 1654 395 1696 LVII.
424 1652 466 1696 Si
478 1666 581 1695 vero
593 1650 640 1694 in
654 1650 732 1694 Dei
747 1650 893 1710 aliquo
907 1658 1071 1694 secreto
1082 1650 1172 1709 jam
1185 1649 1415 1693 existentes
1439 1648 1595 1693 animae

201 1721 439 1765 mittuntur
462 1720 516 1764 ad
543 1718 793 1778 inspiranda
826 1729 869 1763 et
893 1720 1079 1776 regenda
1113 1734 1296 1778 corpora
1319 1717 1595 1776 singulorum

201 1806 477 1853 quorumque
505 1791 798 1844 nascentium,
830 1789 884 1833 ad
917 1791 1001 1833 hoc
1033 1790 1187 1849 utique
1219 1789 1458 1833 mittuntur
1493 1789 1594 1832 offi-
1651 1798 1656 1802 “

202 1865 316 1908 cium
331 1874 346 1918 ‘,
367 1872 416 1907 ut
431 1877 587 1921 corpus
604 1861 726 1921 quod
743 1860 796 1904 de
817 1875 945 1919 poena
971 1860 1137 1919 peccati
1153 1895 1165 1914 ,
1191 1860 1274 1903 hoc
1301 1868 1365 1903 est
1396 1858 1594 1903 mortali-

202 1943 289 1978 tate
306 1933 435 1992 primi
452 1931 639 1975 hominis
657 1930 846 1974 nascitur
865 1965 875 1984 ,
910 1930 1020 1973 bene
1038 1928 1382 1973 administrando
1396 1964 1407 1983 ,
1439 1928 1485 1972 id
1507 1937 1587 1983 est,

204 2003 452 2061 castigando
469 2017 546 2061 per
564 2001 769 2056 virtutes,
802 2010 845 2044 et
875 1999 1207 2043 ordinatissimae
1229 2007 1359 2058 atque
1384 1999 1590 2056 legitimae

205 2075 400 2120 servituti
417 2072 712 2133 subjiciendo,
745 2072 877 2115 etiam
905 2071 985 2130 ipsi
1010 2079 1266 2129 comparent
1289 2069 1442 2114 ordine
1464 2078 1596 2129 atque
1623 2098 1626 2101 ι

206 2156 401 2206 tempore
428 2153 677 2204 opportuno
710 2141 897 2186 coelestis
926 2140 1264 2200 incorruptionis
1292 2140 1454 2184 locum.
1487 2142 1596 2193 Quae

207 2233 307 2263 cum
324 2218 547 2263 introeunt
558 2216 609 2259 in
630 2215 742 2258 hane
759 2214 917 2267 vitam,
937 2212 1216 2271 subeuntque
1235 2209 1442 2270 gestanda
1459 2225 1598 2254 mem-

206 2289 281 2333 bra
312 2288 538 2343 mortalia,
575 2287 760 2331 subeant
791 2285 922 2329 etiam
956 2298 1126 2327 necesse
1159 2291 1222 2326 est
1255 2291 1297 2326 et
1329 2281 1595 2326 oblivionem

208 2359 308 2402 vitae
333 2359 508 2417 prioris,
540 2365 584 2401 et
607 2356 829 2416 praesentis
862 2353 1054 2397 laborem
1071 2373 1093 2410 3.
1110 2351 1228 2396 unde
1254 2350 1326 2395 illa
1353 2350 1594 2409 ignorantia

211 2436 254 2471 et
271 2427 501 2472 difficultas
523 2427 823 2486 consequitur,
849 2421 971 2483 quod
997 2423 1044 2466 in
1065 2423 1205 2482 primo
1225 2421 1403 2468 humine
1425 2418 1592 2478 suppli-

213 2497 329 2540 cium
356 2497 626 2541 mortalitatis
645 2495 728 2540 fuit
742 2531 752 2551 ,
774 2494 828 2539 ad
846 2493 979 2538 animi
997 2490 1327 2552 expendendam
1347 2489 1558 2533 miseriam
1579 2509 1591 2544 3

215 2567 260 2609 in
289 2566 378 2609 istis
410 2576 553 2610 autem
581 2568 712 2624 janua
743 2563 968 2609 ministerii
1005 2563 1059 2606 ad
1088 2560 1370 2620 reparandam
1403 2558 1592 2616 corporis
