1729 3143
408 226 462 253 nn:
494 225 646 254 manno
675 222 890 263 Amn‘riuo,
924 225 1007 252 Lm.
1043 226 1110 252 111.
1367 216 1445 257 391

0 301 13 325 ⁵-
70 290 286 336 malorum
318 290 514 335 omnium
536 305 665 335 causa
691 298 769 334 est.
796 291 904 341 Quae
926 289 960 333 si
987 288 1227 334 secundum
1254 298 1453 336 naturam

0 384 9 394 ·
71 369 210 416 esset,
232 370 507 405 conservaret
533 361 687 420 utique
709 367 907 403 naturam
923 393 934 412 ‚
961 374 1042 403 nec
1063 359 1102 402 ei
1130 360 1367 418 perniciosa
1389 376 1457 406 es-

0 431 5 437 “
70 440 160 486 set,
185 440 228 476 et
252 431 350 476 ideo
362 447 467 493 pon
489 440 598 475 esset
616 429 830 489 improba.
862 427 986 472 Unde
1018 428 1236 487 colligitur
1265 430 1456 477 radicem

0 525 10 534 ·
70 503 267 548 omnium
298 501 514 546 malorum
548 517 638 546 non
671 515 761 544 esse
788 498 1031 543 secundum
1066 509 1300 560 naturam3
1335 503 1459 563 quod

0 586 2 590 ’
69 573 231 618 suffieit
258 572 462 617 adversus
485 587 635 616 omnes
651 606 663 627 ,
700 570 776 631 qui
793 569 946 614 volunt
964 585 1164 615 accusare
1182 581 1368 618 naturas.
1393 577 1460 619 Tu

0 668 8 677 ·
67 651 216 687 autem
239 642 274 685 si
296 642 429 701 hujus
450 642 604 686 radicis
621 655 793 685 causam
809 639 991 700 requiris
1007 673 1019 694 ‚
1045 643 1267 699 quomodo
1285 644 1365 687 erit
1381 644 1461 690 ista

68 714 189 758 radix
211 714 410 757 omnium
434 713 678 757 malorum?
703 711 781 756 Illa
800 711 915 755 enim
933 711 1036 766 erit,
1062 727 1161 771 quae
1183 729 1309 758 causa
1326 704 1456 775 hujus

0 809 4 818 ·
67 793 131 829 est
157 802 166 828 ε
191 799 325 844 quam
355 798 456 828 cum
487 783 731 837 inveneris,
757 794 807 826 ut
829 781 914 826 dixi
931 816 943 837 ‚
967 781 1097 825 etiam
1126 783 1259 841 ipsius
1287 799 1461 830 causam

65 855 327 914 quaesiturus
344 869 388 897 es
402 889 413 909 ‚
440 862 483 898 et
500 853 726 913 quaerendi
745 852 918 897 nullum
935 852 1117 897 habebis
1133 853 1330 898 modum.

137 926 296 968 XLIX.
326 923 409 969 Sed
431 940 531 983 quae
552 923 730 968 tandem
751 938 841 966 esse
869 924 1029 981 poterit
1061 932 1162 965 ante
1193 923 1465 970 voluntatem

77 1009 206 1040 causa
227 993 525 1038 voluntatis1‘?
558 996 649 1038 Aut
680 994 795 1036 enim
824 1001 867 1036 et
901 992 992 1051 ipsa
1020 991 1221 1037 voluntas
1257 1003 1349 1050 est,
1374 1004 1418 1040 et
1440 1012 1464 1041 a

80 1065 225 1109 radice
252 1065 332 1108 ista
354 1064 590 1109 voluntatis
618 1079 707 1108 non
739 1063 954 1107 receditur
978 1082 987 1108 :
1013 1072 1088 1108 aut
1109 1079 1198 1108 non
1220 1074 1285 1109 est
1304 1065 1463 1111 volun-

73 1145 164 1193 tas3
190 1144 232 1178 et
253 1144 482 1193 peccatum
502 1133 675 1178 nullum
702 1135 850 1179 habet.
881 1138 968 1178 Aut
989 1134 1122 1193 igitur
1150 1135 1240 1194 ipsa
1261 1136 1462 1184 voluntas

66 1215 129 1252 est
144 1206 281 1266 prima
299 1220 427 1249 causa
445 1203 687 1264 peccandi,
714 1213 788 1248 aut
804 1204 976 1248 nullum
999 1214 1224 1264 peccatum
1243 1216 1304 1251 est
1322 1209 1463 1267 prima

66 1292 193 1322 causa
220 1275 443 1334 peccandi.
485 1277 573 1320 Nec
605 1283 667 1318 est
692 1274 764 1318 cui
797 1284 914 1319 recte
936 1275 1177 1334 imputetur
1198 1289 1427 1336 peccatum
1445 1314 1457 1335 ,

67 1348 146 1394 nisi
166 1348 393 1407 peccanti3
420 1362 509 1390 non
533 1355 596 1390 est
617 1361 720 1404 ergo
741 1345 811 1390 cui
836 1356 952 1390 recte
974 1347 1214 1406 imputetur
1231 1383 1242 1402 ‚
1276 1349 1357 1393 nisi
1380 1366 1459 1395 vo-

66 1418 198 1464 lenti:
221 1417 295 1463 sed
308 1418 453 1462 nescio
469 1432 548 1462 cur
569 1416 690 1460 aliud
707 1426 750 1460 te
767 1432 961 1476 quaerere
981 1416 1130 1461 libeat.
1153 1418 1317 1463 Deinde
1338 1436 1461 1480 quae-

68 1504 260 1549 cumque
280 1487 353 1532 illa
376 1502 505 1532 causa
526 1496 591 1532 est
615 1486 850 1531 voluntatis
865 1521 876 1541 ,
910 1496 984 1531 aut
1009 1489 1124 1546 justa
1146 1487 1343 1547 profecto
1364 1500 1428 1535 est
1448 1526 1458 1547 ,

67 1570 144 1605 aut
162 1561 336 1619 injusta.
363 1559 406 1603 Si
418 1560 556 1618 justa,
581 1557 777 1618 quisquis
792 1558 830 1601 ei
852 1557 1232 1617 obtemperaverit,
1258 1576 1345 1604 non
1366 1577 1461 1621 pec·

71 1631 207 1676 cabit:
229 1631 262 1673 si
284 1629 442 1688 injusta
458 1664 469 1684 ‚
497 1644 584 1672 non
613 1628 652 1671 ei
675 1628 975 1687 obtemperet,
1000 1638 1043 1673 et
1063 1645 1152 1674 non
1174 1631 1386 1689 peccabit.

129 1702 179 1744 L.
205 1703 274 1744 An
297 1698 410 1743 forte
433 1698 621 1743 violenta
645 1708 709 1742 est
731 1707 774 1742 et
796 1699 912 1757 cogit
928 1699 1113 1743 invitum
1132 1702 1150 1744 Ρ
1171 1703 1285 1745 Num
1307 1701 1459 1746 eadem

71 1771 194 1816 toties
230 1769 478 1829 replicaturi
501 1785 649 1814 sumus
665 1771 689 1828 P*
705 1771 994 1815 Reminiscere
1015 1771 1286 1830 superiorum
1306 1807 1319 1827 ,
1357 1789 1457 1832 quae

68 1857 93 1886 a
121 1840 247 1886 nobis
274 1850 363 1884 tam
385 1838 523 1884 multa
554 1840 610 1884 de
634 1851 813 1901 peccato
828 1876 839 1894 ‚
871 1850 915 1885 et
939 1840 1166 1886 voluntate
1186 1842 1321 1887 libera
1345 1844 1460 1888 dicta

68 1921 184 1958 sunt.
208 1911 292 1957 Sed
309 1912 343 1956 si
356 1912 620 1957 laboriosum
641 1923 704 1956 est
722 1912 867 1956 omnia
887 1913 1093 1958 mandare
1110 1915 1330 1959 memoriae
1344 1950 1355 1970 ‚
1373 1916 1458 1960 hoc

39 1999 42 2001 ’
68 1983 370 2028 brevissimum
393 1992 508 2027 tene.
537 1986 838 2043 Quaecumque
859 1983 939 2028 ista
962 2001 1090 2029 causa
1109 1995 1173 2030 est
1194 1986 1456 2043 voluntatis,

68 2055 102 2100 si
124 2071 214 2100 non
234 2056 273 2098 ei
293 2063 436 2114 potest
459 2054 625 2109 resisti,
649 2055 741 2099 sine
763 2065 939 2115 peccato
964 2057 1002 2100 ei
1024 2056 1192 2101 ceditur
1217 2076 1227 2103 z
1253 2058 1287 2102 si
1309 2067 1456 2102 autem

68 2135 237 2186 potest,
262 2141 350 2169 non
365 2125 403 2168 ei
421 2123 599 2169 cedatur
616 2159 627 2180 ,
653 2134 696 2170 et
717 2142 805 2171 non
826 2127 1093 2186 peccabitur.
1120 2132 1187 2173 An
1210 2128 1325 2172 forte
1346 2128 1459 2174 fallit

69 2196 292 2241 incautum
307 2198 354 2238 2‘?
374 2199 489 2254 Ergo
507 2205 656 2241 caveat
672 2212 726 2240 ne
744 2195 934 2241 fallatur.
954 2201 1022 2243 An
1039 2207 1159 2243 tanta
1178 2198 1347 2243 fallacia
1365 2208 1428 2244 est
1442 2233 1453 2255 ‚

68 2277 119 2312 ut
153 2268 294 2312 caveri
324 2268 506 2312 omnino
540 2283 629 2312 non
653 2268 815 2327 possit?
839 2269 882 2313 Si
905 2268 963 2313 ita
992 2279 1056 2314 est
1074 2305 1086 2325 ‚
1126 2270 1247 2315 nulla
1280 2279 1456 2330 peccata

69 2347 171 2381 sunt
195 2356 204 2382 z
231 2338 328 2396 quis
364 2338 477 2381 enim
512 2347 662 2396 peccat
690 2338 735 2381 in
764 2353 843 2392 eo,
869 2339 990 2398 quod
1021 2339 1142 2384 nullo
1165 2339 1296 2385 modo
1317 2340 1456 2385 caveri

69 2409 245 2466 potest?
271 2411 479 2452 Peccatur
501 2418 661 2452 autem.
682 2409 834 2453 Caveri
853 2409 986 2467 igitur
1003 2419 1157 2468 potest.

128 2480 200 2520 LI.
227 2480 282 2521 Et
315 2487 459 2521 tamen
493 2478 620 2522 etiam
660 2494 737 2537 per
775 2479 1060 2536 ignorantiam
1098 2479 1231 2538 factas
1249 2480 1447 2540 quaedam

120 2568 128 2584 ¹
151 2561 227 2594 Vide
248 2573 259 2594 1
281 2564 422 2596 Reti-aet.
443 2573 513 2604 cap.
538 2573 582 2603 ix,
602 2573 633 2594 n.
656 2563 686 2595 3.
701 2579 742 2586 —-
762 2569 774 2585 2
793 2562 872 2594 lbid.
1136 2555 1140 2558 ⁴
