<?xml version="1.0" encoding="UTF-8"?>
<!DOCTYPE html PUBLIC "-//W3C//DTD XHTML 1.0 Transitional//EN"
    "http://www.w3.org/TR/xhtml1/DTD/xhtml1-transitional.dtd">
<html xmlns="http://www.w3.org/1999/xhtml" xml:lang="en" lang="en">
 <head>
  <title>
</title>
<meta http-equiv="Content-Type" content="text/html;charset=utf-8" />
  <meta name='ocr-system' content='tesseract 3.04.00' />
  <meta name='ocr-capabilities' content='ocr_page ocr_carea ocr_par ocr_line ocrx_word'/>
</head>
<body>
  <div class='ocr_page' id='page_1' title='image "./operaomniaaccura27auguuoft/operaomniaaccura27auguuoft_0139.png"; bbox 0 0 1729 3143; ppageno 0'>
   <div class='ocr_carea' id='block_1_1' title="bbox 590 184 1435 221">
    <p class='ocr_par' dir='ltr' id='par_1_1' title="bbox 590 184 1435 221">
     <span class='ocr_line' id='line_1_1' title="bbox 590 184 1435 221; baseline 0.004 -3"><span class='ocrx_word' id='word_1_1' title='bbox 590 192 644 218; x_wconf 85' lang='lat' dir='ltr'>DE</span> <span class='ocrx_word' id='word_1_2' title='bbox 675 189 866 218; x_wconf 72' lang='lat' dir='ltr'>cmnco.</span> <span class='ocrx_word' id='word_1_3' title='bbox 1354 184 1372 220; x_wconf 92' lang='lat'>1</span> <span class='ocrx_word' id='word_1_4' title='bbox 1382 184 1435 221; x_wconf 78' lang='lat'>29</span> 
     </span>
    </p>
   </div>
   <div class='ocr_carea' id='block_1_2' title="bbox 43 248 1442 1014">
    <p class='ocr_par' dir='ltr' id='par_1_2' title="bbox 43 248 1442 1014">
     <span class='ocr_line' id='line_1_2' title="bbox 61 248 1438 313; baseline 0.003 -17"><span class='ocrx_word' id='word_1_5' title='bbox 61 272 81 296; x_wconf 89' lang='lat'>«</span> <span class='ocrx_word' id='word_1_6' title='bbox 104 254 345 298; x_wconf 89' lang='lat' dir='ltr'>Imitatores</span> <span class='ocrx_word' id='word_1_7' title='bbox 371 256 456 298; x_wconf 90' lang='lat' dir='ltr'>mei</span> <span class='ocrx_word' id='word_1_8' title='bbox 478 263 635 309; x_wconf 85' lang='lat' dir='ltr'>estote,</span> <span class='ocrx_word' id='word_1_9' title='bbox 664 256 775 298; x_wconf 89' lang='lat' dir='ltr'>sicut</span> <span class='ocrx_word' id='word_1_10' title='bbox 798 248 841 297; x_wconf 81' lang='lat' dir='ltr'>et</span> <span class='ocrx_word' id='word_1_11' title='bbox 858 269 938 313; x_wconf 82' lang='lat' dir='ltr'>ego</span> <span class='ocrx_word' id='word_1_12' title='bbox 959 254 1163 300; x_wconf 80' lang='lat' dir='ltr'>Christi1.</span> <span class='ocrx_word' id='word_1_13' title='bbox 1183 271 1204 296; x_wconf 87' lang='lat'>»</span> <span class='ocrx_word' id='word_1_14' title='bbox 1240 255 1438 301; x_wconf 81' lang='lat' dir='ltr'>Arbitra-</span> 
     </span>
     <span class='ocr_line' id='line_1_3' title="bbox 55 325 1436 384; baseline 0.003 -17"><span class='ocrx_word' id='word_1_15' title='bbox 55 339 153 368; x_wconf 91' lang='lat' dir='ltr'>mur</span> <span class='ocrx_word' id='word_1_16' title='bbox 180 339 284 384; x_wconf 85' lang='lat' dir='ltr'>ergo</span> <span class='ocrx_word' id='word_1_17' title='bbox 311 340 410 380; x_wconf 86' lang='lat' dir='ltr'>nos,</span> <span class='ocrx_word' id='word_1_18' title='bbox 447 325 735 379; x_wconf 79' lang='lat' dir='ltr'>dilectissimi,</span> <span class='ocrx_word' id='word_1_19' title='bbox 764 325 809 368; x_wconf 93' lang='lat' dir='ltr'>in</span> <span class='ocrx_word' id='word_1_20' title='bbox 838 325 905 369; x_wconf 83' lang='lat' dir='ltr'>via</span> <span class='ocrx_word' id='word_1_21' title='bbox 935 325 1158 369; x_wconf 85' lang='lat' dir='ltr'>vobiscum</span> <span class='ocrx_word' id='word_1_22' title='bbox 1182 325 1405 371; x_wconf 89' lang='lat' dir='ltr'>ambulare</span> <span class='ocrx_word' id='word_1_23' title='bbox 1427 347 1436 372; x_wconf 88' lang='lat'>:</span> 
     </span>
     <span class='ocr_line' id='line_1_4' title="bbox 54 394 1439 456; baseline 0.003 -19"><span class='ocrx_word' id='word_1_24' title='bbox 54 394 89 438; x_wconf 94' lang='lat' dir='ltr'>si</span> <span class='ocrx_word' id='word_1_25' title='bbox 112 395 223 438; x_wconf 88' lang='lat' dir='ltr'>tardi</span> <span class='ocrx_word' id='word_1_26' title='bbox 243 411 406 450; x_wconf 89' lang='lat' dir='ltr'>sumus,</span> <span class='ocrx_word' id='word_1_27' title='bbox 430 396 665 454; x_wconf 87' lang='lat' dir='ltr'>praevenite</span> <span class='ocrx_word' id='word_1_28' title='bbox 683 409 788 450; x_wconf 80' lang='lat' dir='ltr'>nos3</span> <span class='ocrx_word' id='word_1_29' title='bbox 813 410 901 438; x_wconf 92' lang='lat' dir='ltr'>non</span> <span class='ocrx_word' id='word_1_30' title='bbox 917 395 1182 450; x_wconf 85' lang='lat' dir='ltr'>invidemus,</span> <span class='ocrx_word' id='word_1_31' title='bbox 1203 397 1439 456; x_wconf 85' lang='lat' dir='ltr'>quaerimus</span> 
     </span>
     <span class='ocr_line' id='line_1_5' title="bbox 53 465 1435 526; baseline 0.003 -19"><span class='ocrx_word' id='word_1_32' title='bbox 53 480 163 524; x_wconf 92' lang='lat' dir='ltr'>quos</span> <span class='ocrx_word' id='word_1_33' title='bbox 197 481 443 526; x_wconf 88' lang='lat' dir='ltr'>sequamur.</span> <span class='ocrx_word' id='word_1_34' title='bbox 483 466 525 509; x_wconf 90' lang='lat' dir='ltr'>Si</span> <span class='ocrx_word' id='word_1_35' title='bbox 554 473 701 508; x_wconf 89' lang='lat' dir='ltr'>autem</span> <span class='ocrx_word' id='word_1_36' title='bbox 736 479 814 508; x_wconf 92' lang='lat' dir='ltr'>nos</span> <span class='ocrx_word' id='word_1_37' title='bbox 843 465 1004 522; x_wconf 82' lang='lat' dir='ltr'>putatis</span> <span class='ocrx_word' id='word_1_38' title='bbox 1026 466 1220 510; x_wconf 83' lang='lat' dir='ltr'>celeriter</span> <span class='ocrx_word' id='word_1_39' title='bbox 1240 468 1435 526; x_wconf 85' lang='lat' dir='ltr'>ingredi,</span> 
     </span>
     <span class='ocr_line' id='line_1_6' title="bbox 52 534 1434 594; baseline 0.002 -15"><span class='ocrx_word' id='word_1_40' title='bbox 52 535 212 580; x_wconf 87' lang='lat' dir='ltr'>currite</span> <span class='ocrx_word' id='word_1_41' title='bbox 234 537 460 580; x_wconf 86' lang='lat' dir='ltr'>nobiscum</span> <span class='ocrx_word' id='word_1_42' title='bbox 483 554 492 580; x_wconf 90' lang='lat'>:</span> <span class='ocrx_word' id='word_1_43' title='bbox 513 550 651 578; x_wconf 88' lang='lat' dir='ltr'>unum</span> <span class='ocrx_word' id='word_1_44' title='bbox 674 544 736 578; x_wconf 91' lang='lat' dir='ltr'>est</span> <span class='ocrx_word' id='word_1_45' title='bbox 754 534 810 578; x_wconf 86' lang='lat' dir='ltr'>ad</span> <span class='ocrx_word' id='word_1_46' title='bbox 830 534 951 594; x_wconf 88' lang='lat' dir='ltr'>quod</span> <span class='ocrx_word' id='word_1_47' title='bbox 980 550 1129 579; x_wconf 92' lang='lat' dir='ltr'>omnes</span> <span class='ocrx_word' id='word_1_48' title='bbox 1154 536 1407 581; x_wconf 87' lang='lat' dir='ltr'>festinamus</span> <span class='ocrx_word' id='word_1_49' title='bbox 1424 573 1434 593; x_wconf 88' lang='lat'>,</span> 
     </span>
     <span class='ocr_line' id='line_1_7' title="bbox 51 601 1441 666; baseline 0.002 -17"><span class='ocrx_word' id='word_1_50' title='bbox 51 614 94 649; x_wconf 87' lang='lat' dir='ltr'>et</span> <span class='ocrx_word' id='word_1_51' title='bbox 110 606 186 666; x_wconf 92' lang='lat' dir='ltr'>qui</span> <span class='ocrx_word' id='word_1_52' title='bbox 201 601 365 649; x_wconf 86' lang='lat' dir='ltr'>tardius</span> <span class='ocrx_word' id='word_1_53' title='bbox 387 615 429 649; x_wconf 91' lang='lat' dir='ltr'>et</span> <span class='ocrx_word' id='word_1_54' title='bbox 452 605 528 665; x_wconf 92' lang='lat' dir='ltr'>qui</span> <span class='ocrx_word' id='word_1_55' title='bbox 555 605 736 649; x_wconf 90' lang='lat' dir='ltr'>celerius</span> <span class='ocrx_word' id='word_1_56' title='bbox 758 604 1048 649; x_wconf 84' lang='lat' dir='ltr'>ambulamus.</span> <span class='ocrx_word' id='word_1_57' title='bbox 1077 606 1162 658; x_wconf 87' lang='lat' dir='ltr'>Qui</span> <span class='ocrx_word' id='word_1_58' title='bbox 1187 618 1288 651; x_wconf 90' lang='lat' dir='ltr'>sunt</span> <span class='ocrx_word' id='word_1_59' title='bbox 1308 618 1351 652; x_wconf 90' lang='lat' dir='ltr'>et</span> <span class='ocrx_word' id='word_1_60' title='bbox 1373 624 1441 652; x_wconf 88' lang='lat' dir='ltr'>re-</span> 
     </span>
     <span class='ocr_line' id='line_1_8' title="bbox 50 674 1437 728; baseline 0.003 -11"><span class='ocrx_word' id='word_1_61' title='bbox 50 683 118 718; x_wconf 92' lang='lat' dir='ltr'>tro</span> <span class='ocrx_word' id='word_1_62' title='bbox 140 674 370 718; x_wconf 89' lang='lat' dir='ltr'>redeuntes</span> <span class='ocrx_word' id='word_1_63' title='bbox 387 677 405 716; x_wconf 82' lang='lat'>‘?</span> <span class='ocrx_word' id='word_1_64' title='bbox 432 675 516 728; x_wconf 90' lang='lat' dir='ltr'>Qui</span> <span class='ocrx_word' id='word_1_65' title='bbox 539 690 590 718; x_wconf 86' lang='lat' dir='ltr'>ex</span> <span class='ocrx_word' id='word_1_66' title='bbox 607 676 874 719; x_wconf 86' lang='lat' dir='ltr'>continentia</span> <span class='ocrx_word' id='word_1_67' title='bbox 894 684 1173 719; x_wconf 83' lang='lat' dir='ltr'>revertuntur</span> <span class='ocrx_word' id='word_1_68' title='bbox 1189 675 1234 719; x_wconf 91' lang='lat' dir='ltr'>in</span> <span class='ocrx_word' id='word_1_69' title='bbox 1251 677 1437 721; x_wconf 88' lang='lat' dir='ltr'>immun-</span> 
     </span>
     <span class='ocr_line' id='line_1_9' title="bbox 49 744 1441 805; baseline 0.002 -18"><span class='ocrx_word' id='word_1_70' title='bbox 49 744 217 799; x_wconf 85' lang='lat' dir='ltr'>ditiam,</span> <span class='ocrx_word' id='word_1_71' title='bbox 240 745 316 804; x_wconf 90' lang='lat' dir='ltr'>qui</span> <span class='ocrx_word' id='word_1_72' title='bbox 334 760 385 788; x_wconf 83' lang='lat' dir='ltr'>ex</span> <span class='ocrx_word' id='word_1_73' title='bbox 407 754 556 789; x_wconf 91' lang='lat' dir='ltr'>sancto</span> <span class='ocrx_word' id='word_1_74' title='bbox 578 755 622 789; x_wconf 88' lang='lat' dir='ltr'>et</span> <span class='ocrx_word' id='word_1_75' title='bbox 644 745 853 803; x_wconf 77' lang='lat' dir='ltr'>singulari</span> <span class='ocrx_word' id='word_1_76' title='bbox 874 746 992 789; x_wconf 85' lang='lat' dir='ltr'>hono</span> <span class='ocrx_word' id='word_1_77' title='bbox 1016 746 1238 804; x_wconf 88' lang='lat' dir='ltr'>proposito</span> <span class='ocrx_word' id='word_1_78' title='bbox 1260 747 1441 805; x_wconf 87' lang='lat' dir='ltr'>virgini-</span> 
     </span>
     <span class='ocr_line' id='line_1_10' title="bbox 48 814 1440 876; baseline 0.003 -19"><span class='ocrx_word' id='word_1_79' title='bbox 48 814 146 857; x_wconf 87' lang='lat' dir='ltr'>tatis</span> <span class='ocrx_word' id='word_1_80' title='bbox 164 814 441 858; x_wconf 87' lang='lat' dir='ltr'>divertuntur</span> <span class='ocrx_word' id='word_1_81' title='bbox 468 815 514 858; x_wconf 92' lang='lat' dir='ltr'>in</span> <span class='ocrx_word' id='word_1_82' title='bbox 547 815 842 874; x_wconf 83' lang='lat' dir='ltr'>turpitudines</span> <span class='ocrx_word' id='word_1_83' title='bbox 868 814 1131 873; x_wconf 83' lang='lat' dir='ltr'>voluptatis,</span> <span class='ocrx_word' id='word_1_84' title='bbox 1164 826 1208 859; x_wconf 86' lang='lat' dir='ltr'>et</span> <span class='ocrx_word' id='word_1_85' title='bbox 1237 827 1440 876; x_wconf 87' lang='lat' dir='ltr'>corrupta</span> 
     </span>
     <span class='ocr_line' id='line_1_11' title="bbox 47 885 1442 945; baseline 0.002 -18"><span class='ocrx_word' id='word_1_86' title='bbox 47 893 193 927; x_wconf 86' lang='lat' dir='ltr'>mente</span> <span class='ocrx_word' id='word_1_87' title='bbox 210 893 499 943; x_wconf 87' lang='lat' dir='ltr'>corrumpunt</span> <span class='ocrx_word' id='word_1_88' title='bbox 516 885 646 928; x_wconf 91' lang='lat' dir='ltr'>simul</span> <span class='ocrx_word' id='word_1_89' title='bbox 668 895 710 929; x_wconf 87' lang='lat' dir='ltr'>et</span> <span class='ocrx_word' id='word_1_90' title='bbox 729 900 921 929; x_wconf 87' lang='lat' dir='ltr'>carnem.</span> <span class='ocrx_word' id='word_1_91' title='bbox 946 887 1034 928; x_wconf 91' lang='lat' dir='ltr'>Hos</span> <span class='ocrx_word' id='word_1_92' title='bbox 1052 885 1248 944; x_wconf 86' lang='lat' dir='ltr'>increpat</span> <span class='ocrx_word' id='word_1_93' title='bbox 1265 896 1442 945; x_wconf 87' lang='lat' dir='ltr'>aposto-</span> 
     </span>
     <span class='ocr_line' id='line_1_12' title="bbox 43 952 1440 1014; baseline 0.002 -17"><span class='ocrx_word' id='word_1_94' title='bbox 43 952 113 997; x_wconf 92' lang='lat' dir='ltr'>lus</span> <span class='ocrx_word' id='word_1_95' title='bbox 133 957 284 999; x_wconf 90' lang='lat' dir='ltr'>Petrus</span> <span class='ocrx_word' id='word_1_96' title='bbox 303 954 454 999; x_wconf 90' lang='lat' dir='ltr'>dicens</span> <span class='ocrx_word' id='word_1_97' title='bbox 474 975 482 1000; x_wconf 92' lang='lat'><strong>:</strong></span> <span class='ocrx_word' id='word_1_98' title='bbox 513 975 532 996; x_wconf 71' lang='grc' dir='ltr'>ι(</span> <span class='ocrx_word' id='word_1_99' title='bbox 553 955 710 999; x_wconf 86' lang='lat' dir='ltr'>Melius</span> <span class='ocrx_word' id='word_1_100' title='bbox 732 955 816 999; x_wconf 84' lang='lat' dir='ltr'>illis</span> <span class='ocrx_word' id='word_1_101' title='bbox 832 965 924 999; x_wconf 91' lang='lat' dir='ltr'>erat</span> <span class='ocrx_word' id='word_1_102' title='bbox 940 972 1031 999; x_wconf 90' lang='lat' dir='ltr'>non</span> <span class='ocrx_word' id='word_1_103' title='bbox 1048 971 1309 1014; x_wconf 87' lang='lat' dir='ltr'>cognoscere</span> <span class='ocrx_word' id='word_1_104' title='bbox 1326 958 1440 1000; x_wconf 87' lang='lat' dir='ltr'>viam</span> 
     </span>
    </p>
   </div>
   <div class='ocr_carea' id='block_1_3' title="bbox 43 1024 1441 1148">
    <p class='ocr_par' dir='ltr' id='par_1_3' title="bbox 43 1024 1441 1148">
     <span class='ocr_line' id='line_1_13' title="bbox 49 1024 1435 1084; baseline 0.004 -19"><span class='ocrx_word' id='word_1_105' title='bbox 49 1040 70 1065; x_wconf 91' lang='lat'>»</span> <span class='ocrx_word' id='word_1_106' title='bbox 95 1024 260 1078; x_wconf 83' lang='lat' dir='ltr'>salutis,</span> <span class='ocrx_word' id='word_1_107' title='bbox 283 1040 414 1082; x_wconf 87' lang='lat' dir='ltr'>quam</span> <span class='ocrx_word' id='word_1_108' title='bbox 430 1035 741 1080; x_wconf 84' lang='lat' dir='ltr'>cognoscentes</span> <span class='ocrx_word' id='word_1_109' title='bbox 755 1035 870 1069; x_wconf 86' lang='lat' dir='ltr'>retro</span> <span class='ocrx_word' id='word_1_110' title='bbox 888 1027 1137 1084; x_wconf 83' lang='lat' dir='ltr'>respicere2.</span> <span class='ocrx_word' id='word_1_111' title='bbox 1156 1044 1176 1067; x_wconf 85' lang='lat'>»</span> <span class='ocrx_word' id='word_1_112' title='bbox 1197 1028 1234 1070; x_wconf 93' lang='grc' dir='ltr'><strong>Ο</strong></span> <span class='ocrx_word' id='word_1_113' title='bbox 1252 1027 1435 1081; x_wconf 84' lang='lat' dir='ltr'>malum,</span> 
     </span>
     <span class='ocr_line' id='line_1_14' title="bbox 43 1089 1441 1148; baseline 0.004 -14"><span class='ocrx_word' id='word_1_114' title='bbox 43 1101 159 1135; x_wconf 89' lang='lat' dir='ltr'>retro</span> <span class='ocrx_word' id='word_1_115' title='bbox 185 1092 396 1148; x_wconf 86' lang='lat' dir='ltr'>respicere</span> <span class='ocrx_word' id='word_1_116' title='bbox 419 1090 428 1133; x_wconf 75' lang='lat' dir='ltr'>l</span> <span class='ocrx_word' id='word_1_117' title='bbox 466 1092 579 1133; x_wconf 83' lang='lat' dir='ltr'>Uxor</span> <span class='ocrx_word' id='word_1_118' title='bbox 602 1089 719 1131; x_wconf 90' lang='lat' dir='ltr'>enim</span> <span class='ocrx_word' id='word_1_119' title='bbox 752 1090 888 1142; x_wconf 84' lang='lat' dir='ltr'>Loth,</span> <span class='ocrx_word' id='word_1_120' title='bbox 920 1104 1019 1147; x_wconf 83' lang='lat' dir='ltr'>quae</span> <span class='ocrx_word' id='word_1_121' title='bbox 1043 1091 1224 1135; x_wconf 88' lang='lat' dir='ltr'>liberata</span> <span class='ocrx_word' id='word_1_122' title='bbox 1246 1108 1270 1136; x_wconf 89' lang='lat' dir='ltr'>a</span> <span class='ocrx_word' id='word_1_123' title='bbox 1301 1097 1441 1140; x_wconf 90' lang='lat' dir='ltr'>Sodo-</span> 
     </span>
    </p>
   </div>
   <div class='ocr_carea' id='block_1_4' title="bbox 37 1160 1440 2484">
    <p class='ocr_par' dir='ltr' id='par_1_4' title="bbox 41 1160 1440 1781">
     <span class='ocr_line' id='line_1_15' title="bbox 43 1160 1439 1220; baseline 0.004 -16"><span class='ocrx_word' id='word_1_124' title='bbox 43 1161 200 1214; x_wconf 59' lang='lat' dir='ltr'>mitisss,</span> <span class='ocrx_word' id='word_1_125' title='bbox 230 1169 382 1205; x_wconf 89' lang='lat' dir='ltr'>contra</span> <span class='ocrx_word' id='word_1_126' title='bbox 411 1168 678 1218; x_wconf 85' lang='lat' dir='ltr'>praeceptum</span> <span class='ocrx_word' id='word_1_127' title='bbox 707 1168 822 1202; x_wconf 90' lang='lat' dir='ltr'>retro</span> <span class='ocrx_word' id='word_1_128' title='bbox 848 1160 1060 1217; x_wconf 76' lang='lat' dir='ltr'>respexit,</span> <span class='ocrx_word' id='word_1_129' title='bbox 1099 1162 1218 1220; x_wconf 88' lang='lat' dir='ltr'>quod</span> <span class='ocrx_word' id='word_1_130' title='bbox 1246 1177 1439 1211; x_wconf 87' lang='lat' dir='ltr'>evaserat</span> 
     </span>
     <span class='ocr_line' id='line_1_16' title="bbox 42 1228 1440 1290; baseline 0.004 -16"><span class='ocrx_word' id='word_1_131' title='bbox 42 1229 247 1290; x_wconf 86' lang='lat' dir='ltr'>perdidit.</span> <span class='ocrx_word' id='word_1_132' title='bbox 271 1232 359 1275; x_wconf 87' lang='lat' dir='ltr'>Nec</span> <span class='ocrx_word' id='word_1_133' title='bbox 378 1229 598 1272; x_wconf 86' lang='lat' dir='ltr'>immerito</span> <span class='ocrx_word' id='word_1_134' title='bbox 616 1229 663 1271; x_wconf 91' lang='lat' dir='ltr'>in</span> <span class='ocrx_word' id='word_1_135' title='bbox 684 1237 873 1272; x_wconf 87' lang='lat' dir='ltr'>statuam</span> <span class='ocrx_word' id='word_1_136' title='bbox 896 1228 994 1272; x_wconf 85' lang='lat' dir='ltr'>salis</span> <span class='ocrx_word' id='word_1_137' title='bbox 1021 1240 1201 1289; x_wconf 88' lang='lat' dir='ltr'>repente</span> <span class='ocrx_word' id='word_1_138' title='bbox 1233 1248 1440 1280; x_wconf 87' lang='lat' dir='ltr'>conversa</span> 
     </span>
     <span class='ocr_line' id='line_1_17' title="bbox 44 1298 1438 1357; baseline 0.004 -12"><span class='ocrx_word' id='word_1_139' title='bbox 44 1309 133 1355; x_wconf 82' lang='lat' dir='ltr'>est,</span> <span class='ocrx_word' id='word_1_140' title='bbox 162 1300 244 1344; x_wconf 87' lang='lat' dir='ltr'>nisi</span> <span class='ocrx_word' id='word_1_141' title='bbox 269 1308 320 1342; x_wconf 89' lang='lat' dir='ltr'>ut</span> <span class='ocrx_word' id='word_1_142' title='bbox 338 1298 480 1342; x_wconf 87' lang='lat' dir='ltr'>fatuos</span> <span class='ocrx_word' id='word_1_143' title='bbox 501 1313 580 1342; x_wconf 91' lang='lat' dir='ltr'>suo</span> <span class='ocrx_word' id='word_1_144' title='bbox 602 1299 732 1341; x_wconf 87' lang='lat' dir='ltr'>etiam</span> <span class='ocrx_word' id='word_1_145' title='bbox 755 1298 955 1357; x_wconf 79' lang='lat' dir='ltr'>exemplo</span> <span class='ocrx_word' id='word_1_146' title='bbox 985 1301 1197 1346; x_wconf 88' lang='lat' dir='ltr'>condiret.</span> <span class='ocrx_word' id='word_1_147' title='bbox 1227 1304 1309 1354; x_wconf 88' lang='lat' dir='ltr'>Qui</span> <span class='ocrx_word' id='word_1_148' title='bbox 1337 1316 1438 1350; x_wconf 90' lang='lat' dir='ltr'>sunt</span> 
     </span>
     <span class='ocr_line' id='line_1_18' title="bbox 42 1368 1437 1428; baseline 0.004 -14"><span class='ocrx_word' id='word_1_149' title='bbox 42 1381 86 1414; x_wconf 87' lang='lat' dir='ltr'>et</span> <span class='ocrx_word' id='word_1_150' title='bbox 117 1371 400 1414; x_wconf 79' lang='lat' dir='ltr'>aberrantes?</span> <span class='ocrx_word' id='word_1_151' title='bbox 434 1371 596 1413; x_wconf 90' lang='lat' dir='ltr'>Omnes</span> <span class='ocrx_word' id='word_1_152' title='bbox 623 1368 838 1423; x_wconf 83' lang='lat' dir='ltr'>haeretici,</span> <span class='ocrx_word' id='word_1_153' title='bbox 865 1370 942 1428; x_wconf 85' lang='lat' dir='ltr'>qui</span> <span class='ocrx_word' id='word_1_154' title='bbox 971 1371 1120 1415; x_wconf 89' lang='lat' dir='ltr'>relicta</span> <span class='ocrx_word' id='word_1_155' title='bbox 1145 1374 1335 1417; x_wconf 86' lang='lat' dir='ltr'>veritatis</span> <span class='ocrx_word' id='word_1_156' title='bbox 1366 1377 1437 1421; x_wconf 84' lang='lat' dir='ltr'>via</span> 
     </span>
     <span class='ocr_line' id='line_1_19' title="bbox 43 1437 1434 1501; baseline 0.004 -17"><span class='ocrx_word' id='word_1_157' title='bbox 43 1440 228 1484; x_wconf 90' lang='lat' dir='ltr'>errando</span> <span class='ocrx_word' id='word_1_158' title='bbox 246 1455 322 1499; x_wconf 88' lang='lat' dir='ltr'>per</span> <span class='ocrx_word' id='word_1_159' title='bbox 346 1439 565 1483; x_wconf 84' lang='lat' dir='ltr'>desertum</span> <span class='ocrx_word' id='word_1_160' title='bbox 587 1437 926 1492; x_wconf 86' lang='lat' dir='ltr'>latrocinantur,</span> <span class='ocrx_word' id='word_1_161' title='bbox 950 1449 992 1483; x_wconf 89' lang='lat' dir='ltr'>et</span> <span class='ocrx_word' id='word_1_162' title='bbox 1010 1441 1174 1484; x_wconf 88' lang='lat' dir='ltr'>animas</span> <span class='ocrx_word' id='word_1_163' title='bbox 1192 1452 1370 1501; x_wconf 88' lang='lat' dir='ltr'>captant</span> <span class='ocrx_word' id='word_1_164' title='bbox 1388 1446 1434 1489; x_wconf 89' lang='lat' dir='ltr'>in</span> 
     </span>
     <span class='ocr_line' id='line_1_20' title="bbox 42 1507 1434 1571; baseline 0.003 -17"><span class='ocrx_word' id='word_1_165' title='bbox 42 1511 229 1570; x_wconf 88' lang='lat' dir='ltr'>peccatis</span> <span class='ocrx_word' id='word_1_166' title='bbox 244 1546 255 1564; x_wconf 80' lang='lat'>,</span> <span class='ocrx_word' id='word_1_167' title='bbox 281 1508 648 1568; x_wconf 85' lang='lat' dir='ltr'>praepediuntque</span> <span class='ocrx_word' id='word_1_168' title='bbox 666 1523 721 1550; x_wconf 91' lang='lat' dir='ltr'>ne</span> <span class='ocrx_word' id='word_1_169' title='bbox 738 1508 835 1566; x_wconf 85' lang='lat' dir='ltr'>quis</span> <span class='ocrx_word' id='word_1_170' title='bbox 856 1507 910 1551; x_wconf 86' lang='lat' dir='ltr'>ad</span> <span class='ocrx_word' id='word_1_171' title='bbox 926 1509 1108 1566; x_wconf 87' lang='lat' dir='ltr'>patriam</span> <span class='ocrx_word' id='word_1_172' title='bbox 1127 1511 1268 1555; x_wconf 85' lang='lat' dir='ltr'>valeat</span> <span class='ocrx_word' id='word_1_173' title='bbox 1286 1528 1434 1571; x_wconf 90' lang='lat' dir='ltr'>perve-</span> 
     </span>
     <span class='ocr_line' id='line_1_21' title="bbox 42 1578 1434 1638; baseline 0.004 -14"><span class='ocrx_word' id='word_1_174' title='bbox 42 1582 136 1624; x_wconf 84' lang='lat' dir='ltr'>nire</span> <span class='ocrx_word' id='word_1_175' title='bbox 162 1600 171 1625; x_wconf 94' lang='lat'>:</span> <span class='ocrx_word' id='word_1_176' title='bbox 202 1580 346 1624; x_wconf 85' lang='lat' dir='ltr'>effecti</span> <span class='ocrx_word' id='word_1_177' title='bbox 367 1579 460 1638; x_wconf 88' lang='lat' dir='ltr'>lupi</span> <span class='ocrx_word' id='word_1_178' title='bbox 490 1578 697 1622; x_wconf 91' lang='lat' dir='ltr'>semitarii</span> <span class='ocrx_word' id='word_1_179' title='bbox 724 1578 868 1621; x_wconf 84' lang='lat' dir='ltr'>induti</span> <span class='ocrx_word' id='word_1_180' title='bbox 898 1579 1025 1622; x_wconf 84' lang='lat' dir='ltr'>ovina</span> <span class='ocrx_word' id='word_1_181' title='bbox 1052 1580 1186 1637; x_wconf 80' lang='lat' dir='ltr'>pelle,</span> <span class='ocrx_word' id='word_1_182' title='bbox 1220 1598 1321 1626; x_wconf 89' lang='lat' dir='ltr'>cum</span> <span class='ocrx_word' id='word_1_183' title='bbox 1349 1586 1434 1630; x_wconf 89' lang='lat' dir='ltr'>sint</span> 
     </span>
     <span class='ocr_line' id='line_1_22' title="bbox 41 1648 1435 1714; baseline 0.001 -19"><span class='ocrx_word' id='word_1_184' title='bbox 41 1652 159 1695; x_wconf 90' lang='lat' dir='ltr'>intus</span> <span class='ocrx_word' id='word_1_185' title='bbox 192 1651 287 1709; x_wconf 94' lang='lat' dir='ltr'>lupi</span> <span class='ocrx_word' id='word_1_186' title='bbox 320 1665 521 1709; x_wconf 81' lang='lat' dir='ltr'>rapaces3</span> <span class='ocrx_word' id='word_1_187' title='bbox 551 1648 838 1707; x_wconf 87' lang='lat' dir='ltr'>praedicantes</span> <span class='ocrx_word' id='word_1_188' title='bbox 867 1648 1092 1693; x_wconf 86' lang='lat' dir='ltr'>Christum</span> <span class='ocrx_word' id='word_1_189' title='bbox 1115 1651 1254 1706; x_wconf 80' lang='lat' dir='ltr'>viam,</span> <span class='ocrx_word' id='word_1_190' title='bbox 1286 1662 1329 1696; x_wconf 90' lang='lat' dir='ltr'>et</span> <span class='ocrx_word' id='word_1_191' title='bbox 1357 1656 1435 1714; x_wconf 82' lang='lat' dir='ltr'>qui</span> 
     </span>
     <span class='ocr_line' id='line_1_23' title="bbox 41 1720 906 1781; baseline -0.005 -15"><span class='ocrx_word' id='word_1_192' title='bbox 41 1738 114 1766; x_wconf 90' lang='lat' dir='ltr'>eos</span> <span class='ocrx_word' id='word_1_193' title='bbox 135 1731 380 1781; x_wconf 88' lang='lat' dir='ltr'>sequuntur</span> <span class='ocrx_word' id='word_1_194' title='bbox 402 1721 612 1765; x_wconf 85' lang='lat' dir='ltr'>ducentes</span> <span class='ocrx_word' id='word_1_195' title='bbox 635 1720 689 1763; x_wconf 91' lang='lat' dir='ltr'>ad</span> <span class='ocrx_word' id='word_1_196' title='bbox 705 1728 906 1763; x_wconf 88' lang='lat' dir='ltr'>mortem.</span> 
     </span>
    </p>

    <p class='ocr_par' dir='ltr' id='par_1_5' title="bbox 37 1789 1431 2484">
     <span class='ocr_line' id='line_1_24' title="bbox 99 1789 1428 1851; baseline 0.004 -15"><span class='ocrx_word' id='word_1_197' title='bbox 99 1795 153 1836; x_wconf 88' lang='lat' dir='ltr'>V.</span> <span class='ocrx_word' id='word_1_198' title='bbox 190 1793 271 1837; x_wconf 88' lang='lat' dir='ltr'>Hic</span> <span class='ocrx_word' id='word_1_199' title='bbox 292 1792 326 1836; x_wconf 92' lang='lat' dir='ltr'>si</span> <span class='ocrx_word' id='word_1_200' title='bbox 349 1793 505 1851; x_wconf 88' lang='lat' dir='ltr'>aliquis</span> <span class='ocrx_word' id='word_1_201' title='bbox 527 1791 644 1835; x_wconf 88' lang='lat' dir='ltr'>dicat</span> <span class='ocrx_word' id='word_1_202' title='bbox 665 1811 673 1835; x_wconf 73' lang='grc' dir='ltr'>ε</span> <span class='ocrx_word' id='word_1_203' title='bbox 701 1791 817 1843; x_wconf 89' lang='lat' dir='ltr'>Quid</span> <span class='ocrx_word' id='word_1_204' title='bbox 837 1806 915 1848; x_wconf 83' lang='lat' dir='ltr'>ego</span> <span class='ocrx_word' id='word_1_205' title='bbox 938 1789 1094 1835; x_wconf 84' lang='lat' dir='ltr'>faciam</span> <span class='ocrx_word' id='word_1_206' title='bbox 1118 1809 1207 1838; x_wconf 89' lang='lat' dir='ltr'>non</span> <span class='ocrx_word' id='word_1_207' title='bbox 1227 1794 1428 1842; x_wconf 86' lang='lat' dir='ltr'>invenio:</span> 
     </span>
     <span class='ocr_line' id='line_1_25' title="bbox 40 1860 1430 1921; baseline 0.004 -15"><span class='ocrx_word' id='word_1_208' title='bbox 40 1877 140 1906; x_wconf 87' lang='lat' dir='ltr'>ecce</span> <span class='ocrx_word' id='word_1_209' title='bbox 160 1862 294 1906; x_wconf 90' lang='lat' dir='ltr'>homo</span> <span class='ocrx_word' id='word_1_210' title='bbox 316 1862 539 1906; x_wconf 88' lang='lat' dir='ltr'>Christum</span> <span class='ocrx_word' id='word_1_211' title='bbox 560 1860 794 1920; x_wconf 78' lang='lat' dir='ltr'>praedicat3</span> <span class='ocrx_word' id='word_1_212' title='bbox 820 1862 932 1904; x_wconf 88' lang='lat' dir='ltr'>viam</span> <span class='ocrx_word' id='word_1_213' title='bbox 955 1861 1185 1921; x_wconf 74' lang='lat' dir='ltr'>praedicat,</span> <span class='ocrx_word' id='word_1_214' title='bbox 1207 1865 1367 1909; x_wconf 91' lang='lat' dir='ltr'>Christi</span> <span class='ocrx_word' id='word_1_215' title='bbox 1385 1882 1430 1911; x_wconf 88' lang='lat' dir='ltr'>se</span> 
     </span>
     <span class='ocr_line' id='line_1_26' title="bbox 41 1931 1427 1991; baseline 0.003 -16"><span class='ocrx_word' id='word_1_216' title='bbox 41 1932 146 1976; x_wconf 91' lang='lat' dir='ltr'>dicit</span> <span class='ocrx_word' id='word_1_217' title='bbox 179 1947 268 1975; x_wconf 90' lang='lat' dir='ltr'>esse</span> <span class='ocrx_word' id='word_1_218' title='bbox 303 1931 593 1990; x_wconf 83' lang='lat' dir='ltr'>discipulum,</span> <span class='ocrx_word' id='word_1_219' title='bbox 633 1931 860 1975; x_wconf 86' lang='lat' dir='ltr'>veritatem</span> <span class='ocrx_word' id='word_1_220' title='bbox 906 1947 950 1975; x_wconf 90' lang='lat' dir='ltr'>se</span> <span class='ocrx_word' id='word_1_221' title='bbox 990 1932 1097 1977; x_wconf 87' lang='lat' dir='ltr'>dicit</span> <span class='ocrx_word' id='word_1_222' title='bbox 1139 1936 1427 1991; x_wconf 87' lang='lat' dir='ltr'>annuntiare,</span> 
     </span>
     <span class='ocr_line' id='line_1_27' title="bbox 40 2000 1430 2062; baseline 0.005 -18"><span class='ocrx_word' id='word_1_223' title='bbox 40 2016 176 2062; x_wconf 91' lang='lat' dir='ltr'>quare</span> <span class='ocrx_word' id='word_1_224' title='bbox 196 2017 286 2045; x_wconf 87' lang='lat' dir='ltr'>non</span> <span class='ocrx_word' id='word_1_225' title='bbox 309 2017 465 2061; x_wconf 85' lang='lat' dir='ltr'>sequar</span> <span class='ocrx_word' id='word_1_226' title='bbox 494 2001 597 2046; x_wconf 88' lang='lat' dir='ltr'>talia</span> <span class='ocrx_word' id='word_1_227' title='bbox 625 2000 968 2060; x_wconf 75' lang='lat' dir='ltr'>praedicantem?</span> <span class='ocrx_word' id='word_1_228' title='bbox 995 2003 1258 2061; x_wconf 86' lang='lat' dir='ltr'>Respondeo</span> <span class='ocrx_word' id='word_1_229' title='bbox 1284 2025 1291 2050; x_wconf 94' lang='lat'>:</span> <span class='ocrx_word' id='word_1_230' title='bbox 1318 2009 1430 2060; x_wconf 86' lang='lat' dir='ltr'>Quia</span> 
     </span>
     <span class='ocr_line' id='line_1_28' title="bbox 41 2070 1430 2130; baseline 0.004 -14"><span class='ocrx_word' id='word_1_231' title='bbox 41 2070 162 2116; x_wconf 89' lang='lat' dir='ltr'>aliud</span> <span class='ocrx_word' id='word_1_232' title='bbox 195 2072 285 2130; x_wconf 89' lang='lat' dir='ltr'>ejus</span> <span class='ocrx_word' id='word_1_233' title='bbox 318 2071 452 2115; x_wconf 89' lang='lat' dir='ltr'>habet</span> <span class='ocrx_word' id='word_1_234' title='bbox 478 2070 657 2130; x_wconf 83' lang='lat' dir='ltr'>lingua,</span> <span class='ocrx_word' id='word_1_235' title='bbox 695 2071 813 2116; x_wconf 83' lang='lat' dir='ltr'>aliud</span> <span class='ocrx_word' id='word_1_236' title='bbox 848 2073 1124 2117; x_wconf 88' lang='lat' dir='ltr'>conscientia.</span> <span class='ocrx_word' id='word_1_237' title='bbox 1166 2076 1290 2119; x_wconf 87' lang='lat' dir='ltr'>Unde</span> <span class='ocrx_word' id='word_1_238' title='bbox 1327 2078 1430 2121; x_wconf 88' lang='lat' dir='ltr'>novi</span> 
     </span>
     <span class='ocr_line' id='line_1_29' title="bbox 40 2140 1429 2205; baseline 0.004 -18"><span class='ocrx_word' id='word_1_239' title='bbox 40 2142 184 2203; x_wconf 84' lang='lat' dir='ltr'>inquis</span> <span class='ocrx_word' id='word_1_240' title='bbox 211 2144 229 2186; x_wconf 77' lang='lat' dir='ltr'><strong>P</strong></span> <span class='ocrx_word' id='word_1_241' title='bbox 263 2140 480 2202; x_wconf 88' lang='lat' dir='ltr'>numquid</span> <span class='ocrx_word' id='word_1_242' title='bbox 523 2157 604 2200; x_wconf 85' lang='lat' dir='ltr'>ego</span> <span class='ocrx_word' id='word_1_243' title='bbox 640 2143 926 2188; x_wconf 90' lang='lat' dir='ltr'>conscientias</span> <span class='ocrx_word' id='word_1_244' title='bbox 967 2143 1182 2189; x_wconf 89' lang='lat' dir='ltr'>discutere</span> <span class='ocrx_word' id='word_1_245' title='bbox 1220 2149 1429 2205; x_wconf 81' lang='lat' dir='ltr'>possum?</span> 
     </span>
     <span class='ocr_line' id='line_1_30' title="bbox 40 2210 1430 2272; baseline 0.004 -15"><span class='ocrx_word' id='word_1_246' title='bbox 40 2213 264 2258; x_wconf 88' lang='lat' dir='ltr'>Christum</span> <span class='ocrx_word' id='word_1_247' title='bbox 296 2212 352 2256; x_wconf 88' lang='lat' dir='ltr'>ab</span> <span class='ocrx_word' id='word_1_248' title='bbox 374 2227 426 2256; x_wconf 90' lang='lat' dir='ltr'>eo</span> <span class='ocrx_word' id='word_1_249' title='bbox 453 2210 584 2255; x_wconf 91' lang='lat' dir='ltr'>audio</span> <span class='ocrx_word' id='word_1_250' title='bbox 609 2230 618 2255; x_wconf 80' lang='lat' dir='ltr'><em>z</em></span> <span class='ocrx_word' id='word_1_251' title='bbox 646 2212 768 2271; x_wconf 90' lang='lat' dir='ltr'>quod</span> <span class='ocrx_word' id='word_1_252' title='bbox 795 2213 947 2269; x_wconf 91' lang='lat' dir='ltr'>audio,</span> <span class='ocrx_word' id='word_1_253' title='bbox 972 2215 1056 2258; x_wconf 92' lang='lat' dir='ltr'>hoc</span> <span class='ocrx_word' id='word_1_254' title='bbox 1076 2214 1231 2272; x_wconf 70' lang='lat' dir='ltr'>credo,</span> <span class='ocrx_word' id='word_1_255' title='bbox 1256 2217 1339 2261; x_wconf 91' lang='lat' dir='ltr'>hoc</span> <span class='ocrx_word' id='word_1_256' title='bbox 1362 2227 1430 2262; x_wconf 91' lang='lat' dir='ltr'>te-</span> 
     </span>
     <span class='ocr_line' id='line_1_31' title="bbox 39 2281 1424 2338; baseline 0.004 -11"><span class='ocrx_word' id='word_1_257' title='bbox 39 2299 139 2328; x_wconf 92' lang='lat' dir='ltr'>neo.</span> <span class='ocrx_word' id='word_1_258' title='bbox 163 2286 262 2329; x_wconf 90' lang='lat' dir='ltr'>Non</span> <span class='ocrx_word' id='word_1_259' title='bbox 289 2293 332 2328; x_wconf 91' lang='lat' dir='ltr'>te</span> <span class='ocrx_word' id='word_1_260' title='bbox 354 2282 533 2327; x_wconf 89' lang='lat' dir='ltr'>seducat</span> <span class='ocrx_word' id='word_1_261' title='bbox 559 2282 673 2327; x_wconf 87' lang='lat' dir='ltr'>filius</span> <span class='ocrx_word' id='word_1_262' title='bbox 700 2281 920 2338; x_wconf 84' lang='lat' dir='ltr'>falsitatis,</span> <span class='ocrx_word' id='word_1_263' title='bbox 946 2285 980 2328; x_wconf 88' lang='lat' dir='ltr'>si</span> <span class='ocrx_word' id='word_1_264' title='bbox 1013 2285 1127 2330; x_wconf 90' lang='lat' dir='ltr'>filius</span> <span class='ocrx_word' id='word_1_265' title='bbox 1149 2301 1193 2330; x_wconf 89' lang='lat' dir='ltr'>es</span> <span class='ocrx_word' id='word_1_266' title='bbox 1219 2288 1424 2333; x_wconf 88' lang='lat' dir='ltr'>veritatis.</span> 
     </span>
     <span class='ocr_line' id='line_1_32' title="bbox 40 2352 1431 2413; baseline 0.003 -14"><span class='ocrx_word' id='word_1_267' title='bbox 40 2354 164 2399; x_wconf 87' lang='lat' dir='ltr'>Disce</span> <span class='ocrx_word' id='word_1_268' title='bbox 181 2355 290 2413; x_wconf 84' lang='lat' dir='ltr'>jam,</span> <span class='ocrx_word' id='word_1_269' title='bbox 309 2354 568 2403; x_wconf 75' lang='lat' dir='ltr'>Christiane,</span> <span class='ocrx_word' id='word_1_270' title='bbox 585 2353 657 2412; x_wconf 87' lang='lat' dir='ltr'>qui</span> <span class='ocrx_word' id='word_1_271' title='bbox 680 2353 901 2398; x_wconf 89' lang='lat' dir='ltr'>Christum</span> <span class='ocrx_word' id='word_1_272' title='bbox 929 2352 1144 2399; x_wconf 87' lang='lat' dir='ltr'>desideras</span> <span class='ocrx_word' id='word_1_273' title='bbox 1162 2366 1205 2400; x_wconf 89' lang='lat' dir='ltr'>et</span> <span class='ocrx_word' id='word_1_274' title='bbox 1222 2358 1371 2402; x_wconf 85' lang='lat' dir='ltr'>audire</span> <span class='ocrx_word' id='word_1_275' title='bbox 1388 2369 1431 2404; x_wconf 89' lang='lat' dir='ltr'>et</span> 
     </span>
     <span class='ocr_line' id='line_1_33' title="bbox 37 2425 1429 2484; baseline 0.004 -15"><span class='ocrx_word' id='word_1_276' title='bbox 37 2425 199 2470; x_wconf 86' lang='lat' dir='ltr'>videre.</span> <span class='ocrx_word' id='word_1_277' title='bbox 229 2426 271 2470; x_wconf 88' lang='lat' dir='ltr'>Si</span> <span class='ocrx_word' id='word_1_278' title='bbox 292 2425 389 2484; x_wconf 89' lang='lat' dir='ltr'>quis</span> <span class='ocrx_word' id='word_1_279' title='bbox 405 2426 485 2470; x_wconf 86' lang='lat' dir='ltr'>tibi</span> <span class='ocrx_word' id='word_1_280' title='bbox 504 2425 726 2470; x_wconf 85' lang='lat' dir='ltr'>Christum</span> <span class='ocrx_word' id='word_1_281' title='bbox 749 2425 980 2484; x_wconf 82' lang='lat' dir='ltr'>praedicat,</span> <span class='ocrx_word' id='word_1_282' title='bbox 1013 2427 1192 2472; x_wconf 87' lang='lat' dir='ltr'>attende</span> <span class='ocrx_word' id='word_1_283' title='bbox 1221 2437 1263 2473; x_wconf 87' lang='lat' dir='ltr'>et</span> <span class='ocrx_word' id='word_1_284' title='bbox 1286 2431 1429 2475; x_wconf 85' lang='lat' dir='ltr'>consi-</span> 
     </span>
    </p>
   </div>
   <div class='ocr_carea' id='block_1_5' title="bbox 91 2514 1267 2613">
    <p class='ocr_par' dir='ltr' id='par_1_6' title="bbox 91 2514 1267 2613">
     <span class='ocr_line' id='line_1_34' title="bbox 91 2514 960 2557; baseline -0.001 -8"><span class='ocrx_word' id='word_1_285' title='bbox 91 2518 99 2535; x_wconf 88' lang='lat'>¹</span> <span class='ocrx_word' id='word_1_286' title='bbox 120 2527 133 2549; x_wconf 85' lang='lat'>1</span> <span class='ocrx_word' id='word_1_287' title='bbox 149 2518 220 2549; x_wconf 85' lang='lat' dir='ltr'>Cor.</span> <span class='ocrx_word' id='word_1_288' title='bbox 237 2526 282 2556; x_wconf 66' lang='grc' dir='ltr'>ιι,</span> <span class='ocrx_word' id='word_1_289' title='bbox 305 2527 334 2547; x_wconf 91' lang='lat'>1.</span> <span class='ocrx_word' id='word_1_290' title='bbox 348 2532 389 2540; x_wconf 82' lang='lat'>-</span> <span class='ocrx_word' id='word_1_291' title='bbox 406 2522 418 2539; x_wconf 89' lang='lat'><em>²</em></span> <span class='ocrx_word' id='word_1_292' title='bbox 439 2524 457 2548; x_wconf 86' lang='lat'><em>2</em></span> <span class='ocrx_word' id='word_1_293' title='bbox 475 2518 744 2557; x_wconf 66' lang='lat' dir='ltr'>Pe11·‚11‚21.·=-</span> <span class='ocrx_word' id='word_1_294' title='bbox 763 2514 776 2540; x_wconf 82' lang='lat'>3</span> <span class='ocrx_word' id='word_1_295' title='bbox 793 2518 872 2548; x_wconf 78' lang='lat' dir='ltr'>Gen.</span> <span class='ocrx_word' id='word_1_296' title='bbox 893 2526 960 2548; x_wconf 74' lang='lat' dir='ltr'>xxx.</span> 
     </span>
     <span class='ocr_line' id='line_1_35' title="bbox 229 2577 1267 2613; baseline 0.004 -4"><span class='ocrx_word' id='word_1_297' title='bbox 229 2580 388 2610; x_wconf 75' lang='lat' dir='ltr'>XXXIV.</span> <span class='ocrx_word' id='word_1_298' title='bbox 1245 2577 1267 2613; x_wconf 77' lang='grc'><strong>9</strong></span> 
     </span>
    </p>
   </div>
  </div>
 </body>
</html>
