1729 3143
535 226 589 252 m:
620 224 787 260 GENESI‚
824 224 906 250 Lm.
947 225 975 248 1.
1363 210 1446 248 435

68 291 296 351 pertinere.
323 292 433 343 Quae
455 290 600 334 omnia
622 288 740 333 unde
757 288 933 332 veniant
952 302 1039 331 non
1061 285 1259 344 intelligo
1277 320 1287 340 ,
1326 285 1408 329 nisi
1425 301 1448 329 a

67 376 233 415 summa
248 376 464 410 mensura,
485 369 529 404 et
541 374 739 413 numero,
756 367 799 402 et
815 357 983 411 ordine,
995 372 1094 416 quae
1111 356 1157 399 in
1172 356 1264 415 ipsa
1283 356 1359 399 Dei
1379 371 1452 399 su—

67 431 280 476 blimitate
301 429 651 475 incommutabili
668 438 799 489 atque
821 437 982 472 aeterna
999 427 1256 472 consistunt.
1277 424 1406 479 Quod
1419 425 1454 469 si

67 501 308 560 cogitarent
328 501 397 545 isti
416 499 709 560 loquacissimi
731 507 774 542 et
797 498 1084 556 ineptissimi,
1104 513 1194 542 non
1221 496 1347 540 nohis
1374 505 1455 540 tae-

67 570 190 616 dium
221 571 440 626 facerent,
477 571 552 615 sed
577 570 658 630 ipsi
690 567 1006 614 considerando
1035 583 1185 612 omnes
1214 566 1457 627 pulchritu-

67 640 189 686 dines
210 651 254 686 et
274 656 461 686 summas
485 651 528 686 et
549 641 740 696 infimas,
768 642 907 683 Deum
936 639 1143 683 artificem
1165 639 1328 698 ubique
1357 637 1456 682 lau-

45 710 245 770 ·darent3
278 721 322 756 et
354 712 563 772 quoniam
598 725 816 770 nusquam
849 709 1090 754 offenditur
1127 710 1238 754 ratio
1259 743 1270 765 ‚
1317 708 1457 753 sicubi

66 781 178 827 forte
200 797 349 827 sensus
366 782 549 827 carnalis
567 781 822 836 offenditur,
844 796 934 825 non
950 796 1095 824 rerum
1114 781 1305 840 ipsarum
1322 780 1455 836 vitio,

68 852 143 898 sed
158 863 318 898 nostrae
335 854 608 899 mortalitatis
628 854 790 897 meritis
805 853 1087 913 imputarent.
1109 855 1165 896 Et
1180 861 1297 897 certe
1313 851 1460 896 omnia

67 924 268 969 animalia
288 934 364 970 aut
384 925 507 969 utilia
534 924 659 969 nobis
681 934 783 964 sunt
797 955 808 973 ,
834 934 911 962 aut
928 924 1184 979 perniciosa,
1212 932 1288 968 aut
1303 937 1459 981 super-

67 995 171 1039 flua.
196 995 414 1041 Adversus
435 992 559 1035 utilia
582 1006 671 1034 non
694 990 858 1033 habent
880 988 988 1048 quid
1006 987 1156 1033 dicant
1177 1010 1189 1047 3
1229 993 1285 1034 de
1309 993 1460 1050 perni-

67 1064 191 1109 ciosis
214 1073 361 1107 autem
385 1061 455 1107 vel
479 1061 688 1121 punimur
709 1059 777 1104 vel
795 1075 1048 1104 exercemur
1068 1059 1139 1104 vel
1156 1069 1387 1117 terremur,
1408 1071 1459 1108 ut

67 1150 158 1179 non
180 1135 313 1178 vitam
334 1134 459 1178 istam
477 1133 624 1176 multis
643 1131 846 1191 periculis
876 1140 919 1176 et
956 1131 1181 1176 laboribus
1209 1131 1430 1178 subditam
1446 1169 1459 1190 ,

67 1204 144 1250 sed
168 1205 296 1248 aliam
317 1203 565 1258 meliorem,
589 1203 666 1247 ubi
687 1203 894 1246 securitas
918 1217 1087 1246 summa
1109 1212 1196 1257 est,
1230 1202 1463 1261 diligamus

69 1285 112 1320 et
132 1274 452 1329 desideremus,
487 1283 530 1318 et
561 1289 655 1317 eam
688 1273 813 1317 nobis
844 1273 1015 1332 pietatis
1045 1274 1207 1317 meritis
1235 1288 1464 1333 compare-

68 1362 180 1391 mus.
215 1348 275 1390 De
296 1346 527 1405 superfluis
556 1361 658 1390 vero
684 1344 793 1405 quid
815 1344 939 1388 nobis
962 1353 1027 1388 est
1056 1346 1284 1404 quaerere?
1313 1345 1356 1389 Si
1385 1345 1465 1390 tibi

41 1417 268 1479 ‚displicet
291 1417 413 1478 quod
438 1433 529 1461 non
550 1425 734 1476 prosunt
750 1451 760 1471 ,
796 1415 965 1475 placeat
992 1415 1113 1476 quod
1147 1431 1238 1460 non
1272 1417 1460 1461 obsunt:

70 1489 173 1550 quia
201 1489 280 1534 etsi
311 1488 463 1533 domui
493 1497 652 1533 nostrae
686 1502 777 1531 non
811 1497 914 1531 sunt
941 1487 1180 1531 necessaria
1197 1522 1208 1542 ,
1233 1487 1293 1532 eis
1317 1497 1465 1533 tamen

71 1560 315 1621 completur
337 1562 467 1621 hujus
490 1559 780 1604 universitatis
801 1559 1048 1617 integritas,
1076 1575 1175 1619 quae
1198 1559 1339 1604 multo
1367 1575 1460 1605 rna-

6 1655 7 1658 =
41 1657 53 1664 κ
66 1632 136 1692 jor
158 1641 221 1676 est
243 1627 375 1691 quam
401 1632 558 1676 domus
580 1639 726 1675 nostra
748 1639 792 1674 et
818 1630 958 1674 multo
987 1629 1156 1674 melior.
1193 1633 1316 1675 Hanc
1345 1632 1464 1675 enim

5 1730 7 1738 ν
70 1702 211 1747 multo
219 1702 374 1746 melius
384 1701 791 1755 administratDeus,
803 1715 933 1761 quam
947 1702 1252 1762 unusquisque
1266 1711 1464 1747 nostrum

6 1773 8 1780 ’
71 1772 253 1818 domum
269 1788 406 1818 suam.
425 1775 593 1831 Usurpa
606 1786 708 1832 ergo
723 1771 862 1827 utilia,
874 1788 978 1816 cave
993 1773 1250 1832 perniciosa,
1265 1774 1464 1833 relinque

70 1845 305 1905 superflua.
328 1847 379 1888 In
408 1843 612 1888 omnibus
634 1853 777 1888 tamen
800 1859 901 1888 cum
920 1859 1157 1898 mensuras,
1181 1854 1225 1889 et
1241 1860 1471 1902 numeros,

71 1924 115 1960 et
134 1914 334 1960 ordinem
356 1915 477 1959 vides
493 1949 504 1969 ,
530 1914 737 1958 artificem
767 1930 931 1973 quaere.
968 1916 1058 1960 Nec
1080 1915 1214 1958 alium
1241 1915 1434 1960 invenies
1451 1950 1463 1971 ,

4 1999 6 2006 “
72 1986 154 2030 nisi
175 1986 253 2030 ubi
274 2000 444 2030 summa
464 2000 688 2038 mensura,
720 1993 764 2028 et
789 1999 985 2029 summus
1011 2001 1247 2041 numerus,
1272 1996 1316 2031 et
1342 2002 1463 2032 sum—

73 2071 170 2102 mus
188 2056 297 2101 ordo
323 2065 407 2111 est,
432 2055 478 2099 id
495 2064 573 2110 est7
596 2058 735 2099 Deum
748 2090 758 2109 ‚
779 2054 834 2100 de
855 2071 944 2115 quo
962 2056 1180 2102 verissime
1197 2057 1364 2102 dictum
1378 2067 1459 2114 est,

3 2152 7 2188 3
47 2169 58 2173 ,
74 2127 196 2187 quod
222 2126 369 2172 omnia
389 2126 436 2169 in
459 2141 682 2180 mensura,
715 2135 758 2170 et
779 2142 963 2171 numero
980 2162 991 2181 ‚
1024 2136 1068 2172 et
1091 2129 1284 2187 pondere
1316 2129 1463 2189 dispo-

75 2201 209 2243 suerit
222 2201 252 2242 ¹.
278 2198 345 2243 Sic
358 2196 537 2242 fortasse
551 2196 796 2240 uberiorem
818 2198 959 2256 capies
973 2197 1184 2254 fructum,
1206 2215 1307 2244 cum
1324 2204 1464 2244 Deum

74 2267 227 2314 laudas
246 2270 292 2313 in
313 2267 559 2313 humilitate
583 2265 775 2311 formicae
793 2302 803 2323 ,
833 2283 966 2327 quam
988 2283 1092 2313 cum
1111 2270 1265 2317 transis
1278 2271 1467 2317 fluvium

74 2341 121 2385 in
137 2340 317 2400 alicujus
326 2340 517 2401 jumenti
537 2338 785 2383 altitudine.

131 2413 320 2456 XXVII.
358 2429 380 2453 »
400 2413 457 2455 Et
474 2409 580 2455 dixit
598 2413 737 2454 Deus:
759 2409 987 2453 Faciamus
996 2410 1221 2455 hominem
1239 2412 1460 2471 adimagi-

81 2499 99 2521 »
123 2496 223 2525 nem
241 2489 285 2525 et
302 2478 629 2524 similitudinem
648 2487 856 2533 nostram,
872 2488 915 2524 et
931 2479 1091 2525 habeat
1109 2490 1368 2540 potestatem
1384 2482 1462 2540 pis-

128 2573 136 2589 ¹
158 2569 235 2609 Sap.
251 2577 295 2606 xi,
316 2575 369 2599 20.

1210 2596 1275 2659 28.
