1729 3143
242 219 327 260 434
682 226 716 254 s.
752 225 983 255 Aue-usum
1015 229 1199 258 EPISCOPI

240 317 258 340 »
287 297 398 341 tium
425 303 468 338 et
500 292 740 337 bestiarum
772 302 926 338 terrae:
954 302 998 338 et
1031 295 1090 339 sic
1122 305 1186 340 est
1216 294 1399 341 factum.
1432 299 1489 342 Et
1521 297 1625 342 fecit

239 386 259 409 »
285 371 397 412 Deus
421 363 577 408 bestias
599 372 726 408 terrae
755 364 998 409 secundum
1029 380 1188 424 genus⁷
1213 375 1257 411 et
1282 382 1439 426 pecora
1467 383 1626 413 secun-

241 456 261 479 »
284 437 390 481 dum
411 449 547 493 genus
563 470 575 491 ‚
599 445 643 480 et
671 436 816 480 omnia
838 436 1033 496 repentia
1059 445 1183 480 terrae
1204 437 1450 482 secundum
1473 453 1623 497 genus.

242 528 259 548 »
288 509 344 551 Et
374 505 484 551 vidit
517 509 631 551 Deus
659 507 760 568 quia
791 508 908 552 bona
935 509 1078 551 sunt1.
1100 525 1121 549 »
1159 507 1310 552 Solent
1343 508 1474 551 etiam
1502 509 1628 554 istam

234 579 466 624 Manichaei
486 595 661 625 movere
679 580 967 640 quaestionem
985 588 1034 623 ut
1052 579 1200 624 dicant
1221 598 1230 624 :
1256 578 1373 633 Quid
1391 594 1499 639 opus
1517 589 1625 635 erat,

235 659 284 693 ut
305 659 394 694 tam
413 651 551 696 multa
575 651 779 696 animalia
801 654 914 695 Deus
934 649 1121 706 faceret,
1147 651 1235 695 sive
1251 651 1296 694 in
1314 651 1437 711 aquis
1451 685 1462 706 ‚
1483 650 1628 695 sivein

238 730 348 765 terra
366 756 377 776 ‚
403 738 504 782 quae
527 723 782 768 hominibus
804 738 894 767 non
915 731 1019 767 sunt
1047 722 1316 767 necessaria?
1337 721 1476 766 multa
1499 722 1628 766 etiam

235 793 472 852 perniciosa
496 805 600 840 sunt
616 804 660 839 et
678 794 887 839 timenda.
911 793 995 839 Sed
1018 810 1120 839 cum
1146 793 1225 838 ista
1247 793 1402 838 dicunt
1418 829 1428 849 ‚
1454 809 1544 838 non
1561 793 1630 837 in-

234 862 439 923 telligunt
461 865 838 924 quemadmodum
861 865 1007 909 omnia
1029 865 1212 925 pulchra
1235 874 1337 910 sunt
1356 864 1573 910 conditori
1586 872 1630 908 et
1675 867 1678 924 ξ

234 934 388 979 artifici
409 951 488 979 suo
506 970 516 984 ‚
543 937 619 989 qui
649 936 855 972 munibus
884 936 1023 973 utitur
1051 934 1106 973 ad
1134 936 1495 989 gubernationem
1526 935 1628 978 uni·
1676 930 1678 939 ⁸

232 1001 445 1047 versitatis
463 1035 473 1053 ,
499 999 569 1043 cui
590 1014 760 1044 summa
778 998 874 1058 lege
896 999 1164 1044 dominatur.
1185 1001 1227 1046 Si
1247 1001 1364 1045 enim
1386 1007 1432 1046 in
1451 1006 1631 1062 alicujus

230 1073 396 1133 opificis
415 1070 636 1114 officinam
650 1070 876 1130 imperitus
898 1071 1146 1127 intraverit,
1171 1071 1292 1117 videt
1306 1072 1368 1116 ibi
1389 1072 1526 1117 multa
1544 1073 1632 1118 ins-

231 1151 450 1188 trumenta
472 1158 661 1203 quorum
686 1158 835 1187 causas
856 1143 1059 1202 ignorat,
1099 1152 1140 1187 et
1163 1143 1199 1187 si
1222 1143 1410 1188 multum
1435 1153 1499 1189 est
1521 1144 1631 1188 insi-

231 1217 352 1275 piens
379 1249 391 1270 ,
431 1215 653 1275 superflua
674 1224 817 1275 putat.
843 1217 1046 1259 Jamvero
1065 1215 1100 1259 si
1120 1215 1166 1260 in
1187 1214 1410 1261 fornacem
1427 1217 1630 1261 incautus

228 1284 461 1340 ceciderit,
489 1295 566 1330 aut
584 1284 850 1330 ferramento
868 1284 1016 1346 aliquo
1034 1295 1180 1338 acuto,
1205 1302 1307 1331 cum
1325 1285 1369 1330 id
1388 1287 1499 1330 male
1516 1296 1631 1332 trac-

231 1365 294 1401 tat
308 1392 318 1410 ‚
344 1372 388 1400 se
409 1357 553 1416 ipsum
573 1356 883 1412 vulneraverit,
904 1357 1034 1401 etiam
1052 1357 1293 1416 perniciosa
1311 1366 1354 1401 et
1372 1357 1498 1402 noxia
1516 1357 1630 1402 exis-

232 1427 430 1471 timatibi
453 1443 542 1471 esse
564 1427 718 1471 multa.
741 1430 938 1481 Quorum
961 1436 1109 1471 tamen
1126 1443 1255 1472 usum
1278 1429 1483 1489 quoniam
1509 1428 1632 1473 novit

228 1497 382 1543 artifex
399 1533 410 1553 ,
435 1499 729 1559 insipientiam
749 1500 842 1560 ejus
864 1497 1042 1554 irridet,
1070 1507 1113 1543 et
1126 1498 1260 1544 verba
1277 1500 1426 1560 inepta
1443 1515 1534 1544 non
1550 1515 1631 1543 cu-

230 1584 356 1624 ram,
383 1570 604 1614 officinam
634 1585 757 1615 suam
790 1572 1005 1615 instanter
1039 1579 1225 1615 exercet.
1266 1573 1322 1615 Et
1361 1580 1508 1616 tamen
1539 1579 1628 1614 tam

234 1640 356 1685 stulti
378 1650 480 1685 sunt
502 1642 699 1686 homines
716 1677 727 1697 ‚
753 1650 804 1686 ut
826 1642 945 1701 apud
962 1641 1173 1686 artificem
1195 1641 1415 1686 hominem
1439 1657 1529 1686 non
1551 1657 1631 1686 au-

232 1711 366 1757 deant
389 1714 636 1774 vituperare
660 1730 759 1774 quae
782 1714 985 1773 ignorant
1005 1749 1016 1770 ,
1042 1713 1118 1759 sed
1140 1729 1242 1759 cum
1264 1729 1313 1758 ea
1335 1713 1523 1759 viderint
1539 1728 1632 1758 cre-

235 1781 343 1827 dant
364 1799 452 1828 esse
474 1785 711 1829 necessaria
728 1820 739 1840 ‚
765 1793 807 1829 et
831 1794 1009 1844 propter
1025 1800 1129 1829 usus
1151 1785 1318 1843 aliquos
1338 1785 1535 1829 instituta
1555 1802 1563 1829 :
1586 1784 1632 1828 in

233 1854 318 1899 hoc
341 1865 488 1899 autem
509 1855 676 1900 mundo
698 1857 823 1916 cujus
843 1855 1043 1900 conditor
1063 1864 1105 1900 et
1128 1855 1453 1900 administrator
1476 1855 1631 1915 praedi-

235 1934 360 1970 catur
398 1929 511 1970 Deus
528 1961 540 1981 ‚
571 1926 736 1970 audent
757 1926 897 1970 multa
926 1925 1245 1983 reprehendere
1269 1941 1458 1987 quorum
1482 1941 1631 1971 causas

236 2012 327 2041 non
349 1997 500 2042 vident
517 2032 527 2052 ,
559 2006 602 2042 et
623 1998 670 2041 in
700 1997 905 2057 operibus
937 2005 1069 2057 atque
1096 1996 1395 2042 instrumentis
1426 1998 1631 2057 omnipo-

237 2069 366 2113 tentis
389 2069 576 2114 Artificis
598 2069 755 2114 volunt
777 2084 821 2113 se
843 2067 983 2113 videri
1006 2069 1114 2112 scire
1137 2070 1258 2128 quod
1280 2070 1493 2114 nesciunt.

296 2143 461 2186 XXVI.
497 2144 591 2201 Ego
607 2157 710 2186 vero
724 2140 866 2186 fateor
880 2155 950 2184 me
964 2141 1128 2184 nescire
1149 2155 1293 2184 mures
1307 2150 1351 2185 et
1366 2156 1482 2184 ranae
1497 2155 1632 2201 quare

239 2222 395 2258 creatae
417 2213 503 2258 sint
518 2249 529 2269 ‚
555 2222 631 2257 aut
652 2229 813 2258 muscae
837 2221 912 2257 aut
931 2211 1159 2257 vermiculi
1187 2231 1195 2257 ε
1221 2212 1348 2257 video
1370 2221 1518 2257 tamen
1534 2227 1632 2258 om·

241 2285 312 2329 nia
334 2285 380 2330 in
400 2300 479 2329 suo
504 2298 659 2343 genere
681 2284 865 2344 pulchra
894 2298 983 2328 esse
1000 2318 1011 2339 ‚
1037 2283 1234 2344 quamvis
1256 2293 1435 2344 propter
1460 2291 1633 2344 peccata

244 2365 388 2400 nostra
409 2354 547 2400 multa
567 2355 693 2400 nobis
714 2354 946 2400 videantur
963 2353 1141 2398 adversa
1162 2369 1171 2396 :
1195 2369 1285 2398 non
1300 2357 1417 2410 enim
1436 2353 1633 2399 animalis

245 2423 423 2486 alicujus
451 2442 608 2486 corpus
638 2435 682 2471 et
704 2426 899 2470 membra
927 2424 1175 2479 considero,
1201 2425 1278 2470 ubi
1299 2441 1388 2469 non
1412 2439 1633 2468 mensuras

245 2504 288 2537 ct
310 2511 512 2541 numeros
534 2507 576 2541 et
598 2497 797 2542 ordinem
818 2496 1036 2541 inveniam
1063 2494 1118 2539 ad
1147 2497 1356 2540 unitatem
1383 2494 1628 2540 concordiae

299 2586 301 2589 '
328 2582 404 2610 tien.
425 2592 446 2618 ι,
468 2581 554 2622 2401
586 2582 628 2611 25v
