1729 3143
459 181 514 208 DE
547 181 698 209 nmmo
731 178 944 219 Arima-mo,
978 181 1061 209 Lm.
1095 181 1143 207 11.
1407 169 1486 209 331

113 253 176 289 tat
200 244 256 289 ab
279 245 435 299 altero,
461 255 535 290 aut
556 245 738 290 alterum
766 246 810 288 in
840 245 975 289 altero
999 244 1224 300 consistat,
1248 243 1384 290 veluti
1405 260 1492 289 nu-

111 331 256 360 merus
280 332 301 359 a
320 316 554 375 sapientia,
580 316 650 361 vel
668 318 714 359 in
737 315 959 374 sapientia.
989 319 1097 361 Nam
1117 315 1368 376 sapientiam
1385 316 1494 359 exis-

111 394 203 430 tere
225 402 247 430 a
269 401 452 430 numero
469 421 480 442 ‚
505 395 581 430 aut
602 385 833 430 consistere
861 385 906 429 in
934 401 1131 440 numero,
1157 401 1245 430 non
1268 385 1402 429 ausim
1425 386 1492 429 di—

110 471 206 500 cere
228 476 234 501 :
254 457 397 500 nescio
417 457 530 500 enim
545 471 634 515 quo
651 455 782 499 modo
801 456 903 514 quia
922 455 1082 499 multos
1101 456 1203 500 novi
1225 456 1493 501 numerarios

110 535 185 569 aut
211 534 507 570 numeratores
524 560 535 580 ‚
560 524 631 569 vel
663 524 698 568 si
725 539 815 583 quo
841 524 925 568 alio
959 525 1136 568 nomine
1158 526 1341 570 vocandi
1362 534 1489 581 sunt,

108 595 184 654 qui
205 610 371 639 summe
392 603 525 654 atque
544 592 801 637 mirabiliter
816 602 1090 652 computant,
1115 595 1328 653 sapientes
1346 604 1494 639 autem

106 680 345 725 perpaucos
360 700 371 720 ‚
412 674 487 708 aut
528 663 709 709 forsitan
744 665 986 719 neminem,
1033 663 1163 724 longe
1201 665 1493 710 venerabilior

105 735 211 778 mihi
254 733 443 778 occurrit
478 734 685 792 sapientia
720 749 850 793 quam
890 749 1111 778 numerus.
1151 737 1203 778 A.
1242 738 1350 778 Rem
1387 735 1493 779 dicis

103 818 235 862 quam
257 819 337 862 ego
367 818 545 863 quoque
566 803 712 847 mirari
735 803 867 848 soleo.
901 806 1009 849 Nam
1032 819 1132 848 cum
1159 804 1494 848 incommutabi-

103 871 189 916 lem
213 872 439 918 veritatem
462 888 744 917 numerorum
765 888 938 917 mecum
958 874 1048 933 ipse
1068 873 1312 928 considero,
1339 882 1381 916 et
1404 875 1494 932 ejus

97 944 224 1002 quasi
248 943 395 984 cubile
417 958 465 986 ae
484 944 706 1000 penetrale
726 943 796 985 vel
829 945 1049 999 regionem
1078 942 1314 1001 quamdam
1329 977 1339 997 ,
1370 942 1439 986 vel
1460 944 1493 986 si

105 1009 226 1070 quod
258 1009 376 1054 aliud
405 1025 566 1053 nomen
596 1019 748 1069 aptum
770 1010 955 1054 inveniri
974 1019 1144 1069 potest,
1175 1026 1264 1070 quo
1292 1011 1494 1056 nomine-

100 1095 198 1124 mus
219 1080 342 1140 quasi
362 1080 665 1124 habitaculum
688 1079 911 1140 quoddam
934 1080 1170 1140 sedemque
1186 1096 1492 1138 numerorum,

99 1149 230 1207 longe
258 1163 484 1193 removeor
512 1165 535 1192 a
562 1164 745 1207 corpore
770 1168 779 1192 :
806 1158 848 1192 et
870 1150 1094 1193 inveniens
1122 1148 1304 1194 fortasse
1327 1151 1495 1211 aliquid

100 1215 221 1277 quod
243 1213 432 1274 cogitare
453 1217 632 1275 possim,
658 1232 748 1261 non
770 1227 917 1262 tamen
934 1218 1100 1277 aliquid
1120 1219 1346 1263 inveniens
1373 1221 1495 1279 quod

99 1286 242 1332 verbis
262 1284 456 1345 proferre
478 1285 690 1329 sufficiam
704 1320 715 1340 ,
744 1286 875 1330 redeo
896 1296 1108 1347 tanquam
1126 1288 1307 1333 lassatus
1329 1289 1375 1333 in
1400 1290 1495 1333 haec

98 1366 246 1402 nostra
263 1391 274 1411 ‚
299 1364 350 1399 ut
371 1355 495 1415 loqui
516 1355 678 1414 possim
694 1389 705 1410 ‚
731 1364 775 1399 et
796 1371 845 1399 ea
869 1372 969 1416 quae
997 1367 1098 1402 ante
1120 1357 1269 1402 oculos
1291 1359 1371 1403 sita
1393 1368 1496 1404 sunt

99 1426 198 1472 dico
214 1463 225 1485 ,
250 1427 362 1471 sicut
382 1426 468 1470 dici
486 1425 642 1470 solent.
668 1427 761 1469 Hoc
782 1425 892 1469 mihi
913 1425 1068 1470 accidit
1087 1428 1216 1470 etiam
1236 1444 1337 1472 cum
1355 1429 1410 1473 de
1427 1445 1494 1473 sa—

98 1497 261 1557 pientia
283 1505 498 1555 quantum
520 1496 646 1540 valeo
661 1531 672 1551 ‚
708 1496 1033 1553 vigilantissime
1060 1505 1192 1555 atque
1212 1497 1495 1544 intentissime

99 1568 258 1625 cogito.
285 1570 342 1611 Et
364 1576 595 1626 propterea
628 1566 818 1611 multum
846 1568 980 1612 miror
998 1602 1008 1622 ‚
1041 1582 1143 1611 cum
1169 1567 1264 1611 haec
1296 1569 1386 1613 duo
1408 1570 1495 1614 sint

97 1637 143 1680 in
177 1637 458 1680 secretissima
492 1636 814 1696 certissimaque
850 1637 1054 1692 veritate,
1090 1637 1325 1682 accedente
1363 1639 1494 1682 etiam

96 1706 346 1751 testimonio
381 1708 723 1766 Scripturarum‚
757 1723 847 1767 quo
885 1709 1226 1752 commemoravi
1255 1709 1494 1768 conjuncte

97 1775 169 1820 illa
208 1776 373 1835 posita,
410 1775 649 1835 plurimum
683 1777 839 1832 miror,
881 1787 932 1821 ut
972 1777 1087 1833 dixi,
1119 1793 1255 1838 quare
1287 1793 1494 1823 numerus

98 1846 192 1891 vilis
213 1847 266 1890 sit
287 1845 561 1890 multitudini
594 1848 839 1903 hominum,
856 1857 900 1891 et
922 1849 1297 1908 charasapientia.
1328 1849 1412 1894 Sed
1429 1851 1495 1893 ni-

99 1917 260 1960 mirum
290 1915 400 1960 illud
433 1926 520 1972 est,
552 1917 673 1977 quod
704 1934 792 1962 una
814 1918 1018 1977 quaedam
1047 1918 1287 1978 eademque
1309 1935 1374 1963 res
1391 1928 1489 1965 est:

99 1995 403 2031 verumtamen
426 1987 633 2045 quoniam
654 1986 938 2032 nihilominus
952 1989 998 2031 in
1015 1988 1172 2032 divinis
1194 1989 1333 2032 Libris
1352 1987 1406 2032 de
1423 2004 1492 2033 sa-

99 2054 261 2115 pientia
285 2055 447 2099 dicitur
471 2074 479 2099 :
508 2075 528 2098 «
546 2056 672 2109 Quod
690 2058 865 2117 attingit
882 2073 905 2102 a
921 2059 1010 2102 fine
1026 2074 1165 2118 usque
1182 2057 1237 2102 ad
1259 2060 1390 2103 finem
1407 2057 1493 2103 for-

103 2142 125 2167 »
150 2126 275 2180 titer,
309 2134 353 2168 et
384 2125 580 2184 disponit
614 2128 760 2171 omnia
793 2129 1023 2183 suaviter1,
1050 2150 1067 2170 »
1102 2145 1150 2172 ea
1181 2129 1376 2188 potentia
1407 2145 1492 2189 qua

101 2193 271 2240 sortiter
291 2211 314 2239 a
337 2196 424 2239 fine
445 2211 584 2255 usque
606 2196 661 2240 ad
683 2198 816 2242 finem
844 2200 1016 2258 attingit
1031 2235 1042 2255 ‚
1076 2215 1287 2244 numerus
1313 2198 1491 2244 fortasse

99 2264 259 2308 dieitur
293 2284 302 2310 ε
334 2280 383 2309 ea
415 2280 517 2311 vero
541 2282 629 2326 qua
658 2266 847 2327 disponit
870 2269 1015 2314 omnia
1037 2270 1229 2314 suaviter
1247 2305 1258 2325 ‚
1284 2269 1490 2330 sapientia

101 2334 275 2393 proprie
296 2335 387 2393 jam
408 2345 614 2393 vocatur,
639 2353 740 2382 cum
763 2339 816 2382 sit
838 2348 1075 2400 utrumque
1109 2341 1240 2385 unius
1271 2341 1488 2401 ejusdem-

101 2418 187 2463 que
208 2403 445 2461 sapientiae.

152 2491 169 2510 ν
182 2487 255 2527 Sap.
275 2497 343 2529 vm,
367 2499 395 2519 1.
