1729 3143
611 236 664 262 DE
699 236 944 263 uffinsssuws.
1399 228 1479 264 237

98 299 378 358 ejusdemque
410 307 578 343 naturae
609 309 740 359 atque
769 299 1046 354 substantiae,
1071 308 1147 343 aut
1173 308 1222 343 ut
1248 302 1485 358 expressius

97 368 283 423 dicatur,
303 369 513 423 essentiae,
530 384 630 427 quae
653 376 741 408 οὐσία
758 383 897 426 graece
910 367 1155 427 appellatur
1171 386 1180 413 2
1196 368 1272 413 sed
1295 385 1385 414 esse
1412 370 1487 414 Fi-

97 436 207 481 lium
229 447 468 482 creaturam
491 458 502 494 3
530 438 739 495 Spiritum
762 453 864 481 vero
887 447 1086 482 sanctum
1109 448 1354 483 creaturam
1372 455 1488 484 crea-

98 515 208 551 turae
223 541 234 560 ‚
259 507 343 551 hoc
360 516 448 561 est,
472 505 526 550 ab
544 507 637 565 ipso
659 506 771 551 Filio
793 516 987 550 creatum
1009 507 1181 551 volunt.
1204 511 1256 552 In
1274 525 1325 553 eo
1342 519 1489 554 autem

97 576 218 636 quod
238 576 462 621 Christum
479 576 570 620 sine
590 576 735 620 anima
763 575 899 620 solam
921 591 1095 620 carnem
1117 579 1353 637 suscepisse
1371 580 1489 623 arbi(

96 655 268 691 trantur
283 681 294 701 ‚
319 647 464 690 minus
489 646 582 691 noti
603 655 705 690 sunt
732 666 741 690 ε
767 662 847 691 nec
870 648 1073 691 adversus
1092 662 1163 691 eos
1181 648 1236 691 ab
1255 648 1401 708 aliquo
1419 650 1489 693 in-

96 716 197 760 veni
218 715 273 759 de
293 717 376 759 hac
395 731 441 759 re
463 715 701 775 aliquando
719 714 850 760 fuisse
870 725 1100 760 certatum.
1126 716 1210 761 Sed
1232 717 1316 762 hoc
1342 734 1489 762 verum

98 801 186 830 esse
201 820 213 841 ,
239 795 283 830 et
303 786 578 845 Epiphanius
600 802 690 830 non
714 787 849 831 tacuit
867 822 878 842 ,
904 797 947 831 et
964 801 1045 845 ego
1065 802 1119 831 ex
1140 802 1291 831 eorum
1309 788 1492 847 quibus-

98 856 199 900 dam
213 856 382 915 scriptis
396 865 439 900 et
456 856 824 902 collocutionibus
842 858 1078 902 certissime
1096 858 1303 916 comperi.
1321 858 1495 916 Rebap·

98 926 220 970 tizari
243 942 422 986 quoque
459 928 513 970 ab
543 928 612 973 his
651 929 886 973 catholicos
910 930 1112 973 novimus
1130 964 1141 984 ,
1165 939 1316 973 utrum
1340 937 1384 972 et
1404 944 1495 972 non

98 995 333 1040 catholicos
354 1030 364 1051 ‚
395 997 557 1041 nescio.

158 1069 207 1109 L.
234 1062 453 1110 vadianos
474 1101 485 1121 ‚
519 1082 629 1126 quos
652 1068 842 1126 appellat
863 1069 1134 1127 Epiphanius
1149 1103 1161 1124 ‚
1187 1078 1231 1112 et
1251 1069 1497 1112 schismati—

97 1150 170 1179 cos
190 1169 202 1189 ‚
247 1151 337 1179 non
369 1136 596 1182 haereticos
627 1138 722 1181 vult
745 1138 915 1188 videri3
954 1139 1026 1177 alii
1059 1148 1219 1180 vocant
1242 1139 1496 1196 Anthropo-

97 1205 358 1263 morphitas,
380 1206 589 1265 quoniam
609 1209 748 1250 Deum
769 1202 852 1246 sibi
863 1203 1037 1259 fingunt
1055 1203 1318 1260 cogitatione
1331 1208 1495 1250 carnali

97 1273 144 1316 in
176 1274 503 1316 similitudinem
533 1275 724 1320 hominis
753 1269 1048 1329 corruptibilis
1075 1289 1085 1314 ε
1111 1273 1233 1330 quod
1263 1274 1495 1318 rusticitati

99 1356 252 1386 eorum
272 1341 429 1385 tribuit
450 1340 724 1399 Epiphanius
742 1374 753 1394 ‚
778 1355 960 1398 parcens
983 1340 1042 1382 eis
1064 1355 1119 1382 ne
1136 1339 1338 1384 dicantur
1355 1342 1494 1388 haere-

101 1413 187 1457 tici.
213 1415 297 1456 Eos
340 1421 485 1456 autem
519 1426 735 1470 separasse
763 1426 807 1453 se
842 1410 948 1453 dicit
983 1425 1006 1453 3
1044 1411 1354 1455 communione
1390 1429 1493 1458 nos-

100 1492 164 1528 tra
185 1519 196 1538 ,
222 1482 445 1542 culpando
478 1484 702 1540 episcopos
725 1481 879 1524 divites
896 1516 907 1535 ,
934 1490 977 1524 et
1010 1481 1172 1524 Pascha
1204 1496 1303 1524 cum
1330 1482 1493 1527 Judaeis

100 1552 378 1598 celebrando.
406 1552 610 1605 Quamvis
639 1552 723 1595 sint
760 1551 835 1610 qui
874 1566 946 1594 eos
980 1551 1026 1593 in
1058 1553 1253 1608 AEgypto
1287 1551 1494 1597 Ecclesiae

100 1621 326 1668 catholicae
344 1621 668 1666 communicare
686 1628 946 1664 asseverent.
966 1623 1027 1662 De
1042 1619 1309 1663 Photinianis
1327 1629 1491 1677 autem,

100 1708 210 1752 quos
230 1692 312 1736 isto
329 1691 426 1736 loco
446 1690 718 1749 Epiphanius
741 1697 1055 1733 commemorat
1072 1723 1082 1743 ‚
1103 1689 1195 1747 Jam
1213 1690 1409 1749 superius
1433 1707 1496 1735 sa-

99 1763 154 1806 tis
176 1761 349 1806 locutus
371 1777 485 1806 sum.

158 1836 232 1876 LI.
260 1833 546 1878 Semiarianos
568 1831 840 1891 Epiphanius
858 1830 989 1886 dicit,
1015 1831 1093 1890 qui
1107 1830 1254 1875 similis
1271 1833 1489 1876 essentiae¹

100 1903 254 1947 dicunt
271 1902 448 1957 Filium,
468 1911 677 1961 tanquam
695 1917 785 1945 non
802 1900 955 1960 plenos
972 1901 1154 1945 Arianos
1177 1921 1185 1945 :
1207 1902 1329 1960 quasi
1346 1903 1495 1947 Ariani

101 1989 182 2017 nec
220 1973 402 2017 similem
434 1971 572 2017 velint
609 1990 618 2016 ε
654 1987 755 2015 cum
790 1972 873 2016 hoc
905 1971 1172 2016 Eunomiani
1199 1971 1342 2016 dicere
1381 1973 1496 2017 cele-

101 2043 305 2086 brentur.

160 2115 254 2156 LII.
281 2111 583 2157 Macedoniani
606 2121 708 2156 sunt
730 2129 753 2157 a
775 2113 1050 2168 Macedonio,
1078 2128 1186 2173 quos
1209 2122 1251 2157 et
1274 2121 1495 2166 πνευματιμοῐ-

102 2204 174 2234 χως
192 2184 332 2227 Graeci
350 2182 504 2227 dicunt
521 2218 531 2237 ,
552 2198 603 2226 60
621 2183 742 2242 quod
757 2183 811 2227 de
833 2185 994 2243 Spiritu
1012 2194 1162 2229 sancto
1179 2185 1364 2242 litigent.
1385 2186 1495 2229 Nam

103 2253 158 2297 de
179 2257 307 2297 Patre
340 2262 384 2298 et
418 2252 529 2297 Filio
564 2261 680 2297 recte
718 2253 942 2309 sentiunt,
974 2255 1094 2313 quod
1122 2255 1252 2299 unius
1275 2255 1361 2298 sint
1382 2255 1496 2312 ejus-

103 2322 292 2383 demque
325 2322 577 2367 substantiae
608 2322 677 2367 vel
700 2323 897 2367 essentice
922 2342 931 2368 :
956 2324 1030 2368 sed
1062 2325 1116 2369 de
1151 2326 1313 2384 Spiritu
1346 2333 1494 2367 sancto

104 2395 187 2438 hoc
219 2394 378 2439 nolunt
409 2393 584 2438 credere
606 2430 616 2448 ,
656 2403 897 2438 creaturam
923 2410 1023 2438 eum
1055 2411 1144 2439 esse
1173 2395 1377 2440 dicentes.
1405 2397 1493 2438 Hos

105 2466 250 2523 potius
282 2464 461 2524 quidam
497 2465 782 2510 Semiarianos
805 2475 993 2521 vocant,
1033 2467 1152 2525 quoti
1175 2467 1219 2509 in
1244 2467 1326 2510 hac
1347 2480 1492 2524 quaes-

157 2558 165 2573 ¹
197 2548 404 2594 Ὀμειευσὶεν.
