1729 3143
542 211 595 238 m:
628 208 796 248 QUARTA
830 208 970 237 FEmA.
1368 195 1450 235 149

74 284 168 321 tum
190 284 253 321 est
274 295 283 321 ε
312 295 331 320 «
350 278 427 321 Vae
449 275 614 336 duplici
630 275 802 320 corde1.
823 293 842 316 »
863 278 1100 329 Insensate,
1122 273 1285 332 inepte,
1310 272 1451 318 fatue:

73 347 204 405 ignis,
230 346 456 407 splendor,
482 356 524 391 et
545 346 662 391 calor
681 345 811 390 simul
833 354 963 405 atque
984 342 1326 404 inseparabiliter
1340 378 1351 399 ,
1377 357 1457 387 nec

72 416 290 473 distincte,
315 417 390 462 sed
410 417 635 477 aequaliter
655 417 856 461 habitant
874 432 1009 461 unam
1030 417 1272 471 lucernam,
1304 424 1348 459 et
1369 430 1457 458 una

75 488 258 534 Trinitas
281 492 394 534 Deus
410 488 539 533 simul
559 504 648 533 non
669 496 813 548 potest
834 488 1076 532 inhabitare
1100 489 1288 532 animam
1302 487 1461 531 huma-

71 561 209 603 nam?
233 561 275 604 Si
303 559 420 618 apud
448 569 489 603 te
522 558 701 619 aequalis
738 558 917 602 unitatis
954 557 1197 600 individuae
1242 556 1462 601 Trinitatis

72 645 162 674 non
199 628 330 673 fuerit
367 630 500 689 digna
537 631 701 674 mansio
735 630 935 684 inventa,
983 627 1318 687 respondebitur
1349 627 1429 671 tibi
1452 645 1461 670 ε

75 719 96 741 «
121 701 233 744 Ecce
266 700 540 761 relinquetur
568 701 690 746 vobis
724 700 880 745 domus
912 709 1054 744 vestra
1078 699 1291 742 deserta2.
1317 716 1338 738 >›
1366 701 1465 742 Non

72 770 185 813 enim
204 770 259 814 de
279 770 496 830 lapidibus
518 772 627 816 vivis
650 772 864 816 construis
887 769 1103 828 templum
1126 772 1239 824 Deo,
1265 784 1374 828 quos
1392 782 1462 810 re⁸

70 839 330 898 baptizando
354 842 587 900 praefocas,
614 843 879 895 exhonoras,
907 840 1133 900 reprobas,
1159 848 1316 893 vastas,
1342 839 1466 881 dam-

69 923 145 952 nas
160 944 170 963 ,
197 911 468 954 exterminas.
493 914 580 957 Nec
604 911 892 955 fundamenta
915 908 1225 969 Apostolorum
1250 907 1461 966 sequeris,

70 994 169 1022 cum
194 980 279 1024 sint
299 981 380 1039 ipsi
397 982 614 1026 columnae
638 983 716 1026 Dei
732 982 836 1036 vivi,
861 996 991 1039 super
1009 995 1117 1040 quas
1140 977 1370 1022 fabricavit
1387 978 1465 1020 Sa-

69 1049 230 1106 pientia
250 1049 429 1090 domum
449 1067 572 1090 suam
593 1070 604 1090 ι
630 1061 680 1090 ut
700 1059 1029 1089 construeretur
1054 1063 1205 1089 verum
1225 1047 1337 1091 illud
1354 1055 1468 1089 tem-

67 1116 208 1174 plum,
234 1116 280 1158 in
297 1131 386 1174 quo
408 1125 501 1158 erat
513 1115 686 1173 pietatis
709 1129 920 1172 magnum
937 1122 1277 1158 sacramentum.
1301 1118 1363 1157 De
1378 1130 1467 1174 quo

67 1187 232 1245 templo
247 1185 422 1229 dicebat
440 1184 603 1228 Judaeis
620 1204 629 1228 ε
654 1184 847 1228 «Solvite
858 1183 1074 1242 templum
1090 1185 1189 1238 hoc,
1205 1185 1305 1227 etin
1316 1185 1464 1228 triduo

71 1275 90 1297 n
114 1256 379 1300 resuscitabo
399 1255 560 1299 illudss.
594 1272 615 1295 »
643 1257 695 1298 In
724 1253 920 1313 patribus
948 1254 1034 1297 tuis
1061 1269 1151 1297 non
1182 1254 1317 1297 habes
1349 1253 1463 1313 lapi-

68 1326 168 1371 dem
183 1326 451 1384 angularem,
468 1339 601 1385 quem
617 1326 862 1368 secundum
880 1324 1161 1368 Divinitatem
1176 1324 1292 1367 Patri
1308 1339 1460 1384 aequa-

67 1396 153 1440 lem
179 1411 269 1440 non
296 1394 434 1440 credis
460 1413 470 1440 z
496 1409 576 1438 nec
600 1403 747 1438 tecum
780 1410 830 1437 ex
858 1394 1032 1437 duabus
1060 1394 1216 1452 pennis
1240 1394 1465 1438 charitatis

68 1465 347 1511 dilectionem
368 1465 447 1509 Dei
475 1464 517 1508 et
550 1464 734 1523 proximi
764 1473 807 1507 te
840 1463 1004 1507 habere
1033 1463 1332 1520 demonstras,
1363 1465 1466 1524 quia

68 1552 148 1581 nec
171 1540 311 1581 Deum
335 1535 478 1594 diligis
500 1535 612 1579 sicut
635 1534 885 1593 diligendus
907 1543 992 1588 est,
1019 1549 1100 1578 nec
1127 1535 1376 1593 proximum
1407 1535 1465 1578 si-

68 1616 144 1651 cut
165 1616 207 1650 te
228 1608 385 1666 ipsum.
412 1605 608 1663 «Diliges
631 1605 745 1648 enim
768 1604 1007 1648 Dominum
1029 1607 1168 1648 Deum
1191 1614 1317 1648 tuum
1334 1640 1344 1658 ,
1372 1604 1467 1649 die-

71 1695 91 1718 »
127 1686 222 1720 tum
244 1686 334 1730 est,
359 1691 411 1719 ex
431 1684 525 1719 toto
546 1675 678 1719 corde
700 1683 777 1718 tuo
791 1709 802 1728 ,
828 1683 871 1718 et
893 1690 942 1718 ex
963 1683 1054 1719 tota
1076 1674 1219 1718 anima
1237 1683 1334 1728 tua,
1356 1685 1398 1718 et
1415 1691 1465 1718 ex

71 1765 90 1788 »
127 1756 217 1791 tota
239 1747 402 1791 virtute
424 1746 541 1790 tua4.
562 1764 581 1787 »
609 1748 672 1790 Da
695 1761 769 1789 cor
787 1754 914 1790 tuum
938 1745 1079 1799 Patri,
1117 1745 1305 1789 animam
1330 1745 1459 1799 Filio,

67 1818 272 1863 virtutem
299 1817 478 1876 Spiritui
511 1826 675 1861 sancto.
722 1820 836 1861 Ecce
872 1817 954 1861 tria
989 1816 1210 1871 Trinitati,
1243 1831 1292 1860 ex
1323 1816 1463 1860 tribus

68 1905 206 1934 unum
226 1889 451 1933 hominem
469 1889 547 1932 uni
571 1889 769 1932 Trinitati
792 1888 1052 1932 sacrificium
1075 1887 1294 1943 obtulisti,
1320 1888 1461 1931 haere-

68 1960 148 2002 sim
176 1959 380 2003 Arianam
410 1958 574 2016 vicisti,
608 1959 816 2018 quoniam
850 1958 1062 2002 Dominus
1091 1960 1206 2002 Deus
1238 1967 1339 2002 tuus
1372 1973 1462 2001 non

69 2039 154 2073 tres
176 2028 262 2083 dii,
284 2030 360 2072 sed
381 2030 593 2073 Dominus
617 2045 732 2074 unus
759 2038 837 2074 est.
866 2031 971 2074 Haec
1002 2038 1065 2073 est
1096 2027 1261 2073 fabrica
1283 2038 1429 2073 sancta
1447 2063 1458 2083 ,

68 2100 164 2142 haec
197 2107 259 2142 est
289 2098 411 2142 aula⁵
433 2114 533 2143 vera
550 2133 561 2149 ‚
585 2100 632 2142 in
653 2116 741 2160 qua
771 2109 873 2145 sunt
902 2115 1002 2145 oves
1032 2099 1220 2154 Christi,
1254 2114 1343 2144 non
1365 2099 1460 2159 lupi

70 2168 248 2212 diaboli.

130 2239 208 2280 IX.
250 2238 410 2281 Cavete
426 2270 437 2290 ,
466 2235 753 2291 dilectissimi,
773 2236 948 2282 fraudes
968 2239 1274 2284 haereticorum
1295 2259 1306 2295 3
1355 2253 1455 2283 oves

72 2306 253 2359 Christi,
279 2306 426 2349 timete
454 2306 629 2351 insidias
661 2306 863 2364 luporum
885 2327 893 2352 :
917 2307 1062 2353 videte
1082 2310 1184 2369 quia
1205 2307 1313 2352 nihil
1346 2308 1452 2352 sub-

73 2386 260 2421 tractum
292 2385 354 2419 est
382 2376 559 2421 utilitati
592 2386 768 2433 vestrae,
805 2379 851 2422 in
882 2388 1096 2438 quantum
1120 2379 1212 2438 ipse
1240 2379 1447 2423 Dominus

123 2479 131 2494 ¹
148 2472 245 2504 Eccli.
262 2482 296 2511 n,
315 2470 440 2512 14.—-²
459 2473 571 2504 Matth.
594 2484 682 2513 xxm,
703 2473 755 2505 38.
775 2490 815 2496 -—-
833 2472 846 2496 3
859 2475 947 2506 Joan.
965 2485 996 2506 u.
1023 2486 1073 2515 19.
1091 2473 1157 2503 —4
1173 2476 1282 2506 Matth.
1304 2473 1444 2513 rr11,3†.

76 2544 117 2549 —
135 2525 148 2550 5
169 2527 271 2558 Forte
289 2527 391 2558 caula.
