1729 3143
229 220 312 259 230
665 228 698 256 s.
734 227 967 256 Auens-nm
999 227 1180 256 nrlscom

226 295 475 340 adversatus
497 295 537 336 ei
559 292 741 349 dicitur3
761 291 837 335 sed
852 291 961 351 quid
978 292 1032 335 sit
1047 292 1192 351 ipsum
1212 292 1378 352 aliquid
1394 327 1406 348 ‚
1431 295 1610 339 omnino

221 382 310 410 non
328 365 499 409 dicitur.
522 362 735 407 Philaster
751 371 898 406 autem
912 364 1203 407 continuatim
1215 364 1342 422 ponit
1359 366 1509 410 ambos
1527 365 1610 410 sub

223 435 404 494 singulis
421 443 464 476 et
486 433 671 491 propriis
693 433 885 477 numeris
901 468 912 488 ‚
937 434 1062 494 quasi
1081 434 1264 478 haereses
1281 433 1406 490 duas,
1427 450 1529 480 cum
1542 437 1611 480 di-

226 516 295 550 cat
311 504 546 548 Photinum
562 505 608 547 in
624 504 826 549 omnibus
844 503 968 549 Pauli
985 514 1183 549 secutum
1201 504 1333 550 fuisse
1349 505 1607 550 doctrinam.

281 575 438 617 XLVI.
474 573 703 618 Manichaei
725 588 749 617 a
770 572 963 634 quodam
990 577 1120 618 Persa
1150 575 1413 630 extiterunt,
1437 576 1516 634 qui
1533 590 1612 620 vo-

225 643 409 688 cabatur
430 645 580 687 Manes
602 662 612 688 :
636 644 834 703 quamvis
858 653 902 687 et
924 643 1090 703 ipsum,
1118 660 1220 688 cum
1237 646 1328 704 ejus
1342 645 1493 689 insana
1510 643 1614 690 doc-

221 714 335 759 trina
356 713 559 772 coepisset
577 714 623 757 in
646 714 812 757 Graecia
827 712 1075 773 praedicari,
1101 714 1394 758 Manichaeum
1412 715 1613 774 discipuli

220 785 314 843 ejus
357 782 576 842 appellare
612 783 864 828 maluerunt
883 817 894 839 ,
939 783 1180 827 devitantes
1217 799 1380 828 nomen
1417 785 1609 828 insaniae.

220 854 349 898 Unde
369 854 551 914 quidam
572 869 725 899 eorum
747 855 871 914 quasi
893 854 1109 899 doctiores
1124 888 1136 909 ‚
1168 862 1212 897 et
1233 869 1285 898 eo
1313 854 1407 913 ipso
1428 855 1613 899 menda—

220 925 358 969 ciores
376 960 388 982 7
429 925 648 983 geminata
672 942 695 965 n
717 925 862 968 littera
877 960 889 979 ‚
926 925 1252 969 Mannichaeum
1271 933 1431 968 vocant
1447 958 1459 978 ‚
1496 925 1617 983 quasi

218 1011 379 1039 manna
399 994 677 1038 fundentem.
705 998 792 1039 Iste
819 995 909 1039 duo
938 995 1149 1054 principia
1175 996 1288 1038 inter
1309 1009 1354 1038 se
1383 993 1550 1038 diversa
1572 1003 1617 1038 et

218 1065 419 1120 adversa,
454 1065 698 1124 eademque
719 1074 882 1109 aetema
904 1073 949 1109 et
971 1074 1210 1119 coaeterna,
1241 1064 1326 1108 hoc
1353 1073 1418 1107 est
1445 1078 1616 1123 semper

217 1134 376 1188 fuisse,
409 1135 658 1190 composuit
679 1151 688 1173 ;
723 1134 921 1189 duasque
953 1144 1130 1179 naturas
1164 1143 1296 1194 atque
1317 1134 1581 1178 substantias
1602 1168 1613 1188 ‚

213 1203 319 1246 boni
341 1202 506 1244 scilicet
529 1207 572 1242 et
602 1196 729 1251 mali,
766 1213 953 1257 sequens
984 1204 1088 1248 alios
1120 1204 1326 1263 antiquos
1355 1204 1583 1246 haereticos
1603 1237 1615 1257 ,

217 1270 421 1329 opinatus
444 1277 522 1311 est.
551 1270 748 1319 Quarum
770 1267 884 1311 inter
905 1284 949 1311 se
966 1286 1160 1328 pugnam
1181 1283 1223 1314 et
1238 1273 1613 1326 commixtionem,

218 1348 262 1384 et
283 1338 390 1382 boni
412 1353 435 1380 a
457 1336 573 1380 malo
593 1337 921 1396 purgationem,
957 1347 1000 1381 et
1024 1338 1131 1381 boni
1155 1338 1277 1397 quod
1308 1341 1486 1398 purgari
1521 1355 1613 1385 non

219 1408 403 1468 poterit,
428 1421 529 1450 cum
556 1406 734 1450 maloin
753 1415 968 1450 aeternum
990 1407 1316 1452 damnationem
1332 1443 1343 1463 ‚
1370 1409 1615 1454 secundum

218 1494 297 1524 sua
319 1477 524 1534 dogmata
546 1485 862 1532 asseverantes,
888 1475 1027 1520 multa
1042 1476 1314 1532 fabulantur,
1335 1495 1434 1538 quae
1453 1488 1614 1525 cuncta

220 1550 412 1593 intexere
434 1547 537 1591 huic
560 1547 694 1606 Operi
718 1547 846 1591 nimis
867 1546 1051 1606 longum
1073 1558 1150 1592 est.
1177 1552 1243 1592 Ex
1264 1549 1330 1593 his
1358 1558 1505 1594 autem
1529 1551 1616 1595 suis

221 1618 381 1663 fabulis
403 1616 526 1663 vanis
550 1627 683 1677 atque
715 1618 858 1677 impiis
890 1628 1110 1676 coguntur
1139 1618 1282 1663 dicere
1301 1653 1313 1674 ‚
1337 1619 1501 1664 animas
1533 1621 1618 1666 bo-

224 1704 321 1744 nas,
346 1703 452 1748 quas
475 1698 656 1732 censent
681 1688 735 1731 ab
757 1688 999 1732 animarum
1020 1688 1233 1733 malarum
1259 1698 1428 1734 naturae
1454 1690 1618 1735 scilicet

222 1759 450 1805 contrariae
479 1759 792 1803 commixtione
832 1758 1105 1813 liberandas,
1138 1760 1230 1818 ejus
1260 1762 1385 1820 cujus
1419 1763 1535 1805 Deus
1556 1769 1621 1805 est

221 1845 312 1875 esse
332 1838 515 1873 naturae.
556 1829 745 1874 Proinde
778 1830 997 1873 mundum
1023 1845 1048 1872 a
1076 1837 1234 1873 natura
1268 1830 1390 1885 boni,
1425 1832 1509 1875 hoc
1533 1840 1615 1885 est,

224 1915 248 1944 a
281 1908 439 1944 natura
460 1900 539 1944 Dei
561 1899 727 1945 factum
743 1934 755 1954 ‚
789 1899 1055 1944 confitentur
1085 1898 1262 1958 quidem
1283 1934 1294 1955 ‚
1326 1900 1402 1944 sed
1422 1900 1477 1944 de
1499 1916 1620 1945 com-

225 1970 432 2014 mixtione
473 1970 580 2013 boni
614 1978 657 2013 et
690 1969 818 2024 mali,
863 1983 964 2028 quae
1003 1967 1117 2012 facta
1155 1978 1218 2012 est.
1231 2003 1242 2023 ,
1284 1969 1465 2029 quando
1501 1971 1618 2014 inter

225 2056 269 2084 se
291 2050 479 2100 utraque
503 2049 660 2084 natura
682 2039 905 2099 pugnavit.
933 2042 1074 2098 Ipsam
1092 2054 1196 2083 vero
1214 2039 1319 2083 boni
1333 2055 1356 2084 a
1373 2040 1490 2084 malo
1511 2055 1619 2100 pur-

228 2111 448 2170 gationem
477 2126 526 2155 ac
557 2110 886 2165 liberationem,
922 2125 1012 2154 non
1044 2109 1184 2153 solum
1215 2125 1294 2169 per
1318 2118 1462 2155 totum
1489 2125 1621 2155 mun-

227 2181 336 2225 dum
356 2190 399 2225 et
418 2180 473 2225 de
493 2181 696 2225 omnibus
718 2182 809 2240 ejus
836 2180 1061 2224 elementis
1083 2181 1265 2224 virtutes
1296 2181 1372 2224 Dei
1389 2180 1533 2225 facere
1548 2181 1619 2225 di-

225 2261 354 2306 cunt,
375 2251 659 2295 verumetiam
674 2251 848 2294 Eiectos
864 2265 964 2294 suos
985 2264 1062 2309 per
1079 2249 1284 2294 alimenta
1296 2264 1396 2309 quae
1418 2260 1615 2295 sumunt.

227 2323 284 2365 Et
305 2322 364 2366 eis
385 2322 550 2381 quippe
572 2321 788 2365 alimentis
803 2356 814 2376 ‚
852 2321 964 2365 sicut
984 2321 1188 2365 universo
1208 2320 1392 2375 mundo,
1418 2321 1496 2364 Dei
1510 2322 1618 2365 sub-

229 2393 432 2436 stantiam
448 2392 682 2452 perhibent
697 2407 786 2436 esse
800 2391 1078 2436 commixtam
1099 2410 1109 2436 2
1124 2405 1257 2450 quam
1270 2391 1447 2450 purgari
1461 2400 1619 2450 putant

226 2460 274 2504 in
294 2462 453 2506 Electis
483 2464 569 2507 suis
602 2478 654 2508 eo
676 2478 832 2521 genere
855 2463 979 2517 vitae,
1014 2476 1103 2521 quo
1138 2461 1291 2505 vivunt
1314 2459 1453 2506 Electi
1473 2462 1616 2506 Mani·

227 2530 470 2587 cimorum,
495 2532 615 2577 velut
636 2533 822 2577 sanctius
844 2540 887 2576 et
908 2530 1187 2576 excellentius
1205 2529 1491 2576 Auditoribus
1507 2531 1610 2575 suis.
