1729 3143
446 220 500 248 ΒΕ
531 220 740 258 sYMBoLo,
774 220 912 248 SERMO
943 219 1009 246 111.
1357 208 1406 245 81

36 304 57 329 »
83 288 128 330 in
149 287 230 330 isto
247 300 337 330 non
357 285 531 330 invenio
547 299 718 329 causam
735 318 745 338 ‚
772 283 952 343 accipite
974 297 1072 327 eum
1091 297 1167 328 vos
1184 283 1198 308 ¹
1222 300 1231 326 2
1258 299 1278 321 »
1304 281 1412 340 quid

33 355 152 400 aliud
174 355 362 410 dicebat,
387 369 519 414 quam
541 355 648 398 hoc:
675 352 744 396 Ad
762 353 955 412 judicem
977 353 1097 413 quasi
1121 367 1220 397 cum
1243 367 1317 395 reo
1333 366 1411 395 ve-

32 426 154 470 nistis
171 461 182 481 ‚
213 425 288 470 sed
309 425 587 469 innocentem
610 422 780 481 legibus
800 423 1034 467 tradidistis
1054 459 1064 478 ‚
1090 424 1134 467 in
1156 437 1286 482 quem
1310 420 1414 465 nul-

32 495 126 539 lum
153 496 316 539 crimen
342 494 526 553 probare
549 492 755 537 valuistis.
788 494 886 537 Non
907 508 980 536 ero
998 494 1139 551 justus
1155 527 1166 547 ‚
1199 493 1233 536 si
1259 507 1417 537 secun-

33 566 139 609 dum
169 565 430 610 desiderium
461 572 654 608 vestrum
682 563 960 607 innocentem
993 563 1192 608 occidero
1220 583 1228 608 :
1256 579 1329 609 ero
1362 565 1416 608 ab

33 637 118 680 hoc
139 636 255 679 facto
270 669 282 689 ‚
318 650 342 677 a
362 643 500 678 vestra
525 632 735 678 seditione
754 633 920 677 alienus
935 667 946 688 ‚
971 634 1004 677 si
1021 633 1144 677 vobis
1167 650 1267 677 eum
1289 633 1421 678 tradi-

34 707 154 750 dero.
184 723 205 747 «
225 704 419 763 Accipite
443 719 543 749 eum
560 739 571 760 ,
596 704 770 764 inquit,
800 719 876 749 vos
891 738 902 758 ‚
940 712 984 747 et
1014 703 1257 748 secundum
1280 704 1422 762 legem

37 793 58 816 »
82 783 266 819 vestram
287 774 544 832 crucifigite.
573 791 593 814 »
620 777 677 818 Et
699 772 788 828 illi,
817 792 836 815 «
859 776 946 818 Nos
970 773 1128 818 scimus
1146 809 1156 828 ‚
1182 773 1420 833 inquiunt,

37 863 59 886 »
82 844 185 902 quia
205 858 304 887 reus
321 852 384 887 est
400 844 566 887 mortis.
593 862 613 884 n
640 843 757 896 Quid
778 844 857 888 scit
874 859 1013 888 caecus
1036 843 1166 889 corde
1180 879 1191 899 ‚
1217 860 1307 888 non
1325 860 1424 889 cor-

34 915 164 973 pore?
185 913 355 959 Clamat
377 912 497 973 quod
519 914 657 958 nescit
671 948 682 968 ,
708 923 752 957 et
773 923 822 957 ut
843 914 1023 973 impleat
1040 914 1160 974 quod
1178 915 1300 959 saevit
1319 949 1330 969 ‚
1355 913 1425 957 di*-

35 985 96 1028 cit
127 999 172 1028 se
206 984 313 1028 scire
343 983 463 1044 quod
484 985 635 1028 nescit.
661 987 826 1028 Iterum
848 984 1012 1029 Pilatus
1035 985 1158 1030 audit
1179 988 1329 1031 Jesum
1350 1004 1359 1029 :
1384 994 1428 1029 et

36 1054 249 1112 responsis
271 1055 362 1112 ejus
386 1054 431 1096 in
452 1063 620 1096 metum
648 1055 799 1096 missus
816 1087 827 1106 ‚
853 1055 1082 1099 consilium
1114 1056 1283 1099 invenit
1313 1070 1428 1112 quo-

0 1147 1 1174 ;
36 1121 170 1165 modo
190 1135 289 1163 eum
322 1119 574 1163 dimitteret.
606 1121 814 1177 Egressus
847 1119 901 1163 ad
933 1120 1108 1165 Judaeos
1132 1121 1242 1166 dixit
1268 1142 1276 1166 :
1307 1143 1325 1165 α
1352 1127 1428 1168 Est

40 1208 61 1232 »
86 1189 358 1235 consuetudo
379 1198 429 1232 ut
452 1188 669 1232 dimittam
700 1189 822 1233 vobis
856 1204 995 1233 unum
1016 1191 1061 1234 in
1085 1192 1247 1235 Pascha
1262 1227 1272 1246 ,
1298 1193 1429 1238 vultis

39 1278 61 1302 »
87 1275 188 1318 ergo
221 1259 439 1303 dimittam
468 1259 592 1303 vobis
627 1273 771 1316 regem
794 1259 1084 1304 Judaeorum‘?
1120 1262 1431 1307 Clamaverunt

41 1347 62 1371 »
89 1338 133 1373 et
153 1329 356 1372 dixerunt
378 1347 387 1372 ε
413 1327 512 1373 Noli
534 1328 674 1386 ipsum
707 1329 925 1373 dimittere
941 1365 952 1384 ‚
978 1330 1054 1374 sed
1086 1332 1331 1376 Barabbam
1346 1337 1378 1376 2.
1407 1352 1426 1373 »

39 1399 143 1443 Fuit
164 1407 308 1442 autem
329 1398 548 1442 Barabbas
566 1432 576 1452 ,
603 1406 651 1441 ut
674 1397 948 1454 Evangelista
970 1410 1116 1441 narrat
1133 1433 1144 1452 ‚
1167 1403 1344 1460 insignis
1365 1403 1430 1448 la-

40 1477 123 1512 tro.
150 1470 187 1512 Ο
205 1469 374 1511 caecitas
395 1466 649 1510 Judaeorum
668 1467 676 1508 l
711 1482 736 1509 o
755 1465 867 1509 furia
884 1467 1237 1524 phreneticorum
1258 1469 1266 1511 l
1296 1488 1315 1509 «
1334 1473 1433 1515 Noli

42 1555 63 1578 »
89 1538 232 1596 ipsum
255 1537 473 1580 dimittere
491 1570 501 1590 ‚
533 1535 607 1579 sed
632 1535 872 1578 Barabbam
893 1554 902 1578 ε
932 1554 951 1576 »
977 1536 1085 1595 quid
1109 1534 1194 1580 fuit
1217 1536 1335 1582 aliud
1367 1541 1429 1583 di-

41 1622 137 1651 cere
159 1622 290 1666 quam
310 1641 320 1660 ‚
345 1607 578 1650 Occidatur
602 1607 798 1650 Christus
828 1605 1013 1650 salvator
1034 1641 1044 1660 ‚
1082 1608 1184 1666 quia
1207 1610 1429 1654 suscitavit

42 1685 265 1720 mortuum
289 1697 299 1732 3
339 1675 583 1719 dimittatur
603 1674 714 1718 latro
740 1710 749 1728 ,
790 1684 840 1718 ut
860 1676 1017 1719 iterum
1041 1686 1262 1735 perpetret
1283 1679 1427 1723 homi-

43 1745 232 1789 cidium?
257 1744 340 1789 Sed
368 1744 550 1788 clamate
577 1763 585 1788 :
611 1744 717 1803 quid
738 1744 931 1788 clamatis
954 1746 1226 1791 nescientes?
1251 1749 1432 1794 Occida-

44 1825 116 1860 tur
151 1831 176 1859 a
207 1815 329 1859 vobis
370 1814 596 1869 Christus,
645 1824 688 1858 et
724 1814 994 1859 redimantur
1027 1826 1190 1874 gentes.
1233 1818 1429 1865 Medicus

45 1894 191 1929 autem
211 1885 284 1928 ille
307 1885 549 1928 animarum
578 1884 654 1943 qui
674 1900 748 1928 vos
777 1885 952 1929 videbat
977 1886 1178 1945 phrenesi
1199 1887 1397 1933 laborare
1414 1925 1425 1946 ,

45 1970 249 2000 somnum
271 1954 418 1998 salutis
446 1954 671 2013 ingerebat
695 1973 704 1998 ι
730 1963 773 1998 et
803 1954 902 1999 ideo
935 1955 1065 1999 etiam
1093 1957 1183 2015 ipse
1202 1973 1282 2016 pro
1305 1960 1430 2003 nobis

47 2025 237 2070 dormire
268 2025 458 2070 volebat.
505 2028 729 2085 Tanquam
770 2024 933 2069 diceret
959 2045 967 2069 :
999 2025 1196 2071 Medicus
1217 2043 1339 2083 sum,
1362 2031 1431 2073 in-

47 2097 162 2140 firmi
179 2097 276 2140 estis
298 2115 306 2140 z
331 2097 558 2140 infirmitas
578 2105 718 2141 vestra
740 2111 896 2155 magna
918 2095 1079 2156 refugit
1099 2113 1301 2144 somnum
1322 2099 1431 2143 salu-

0 2192 1 2195 =
49 2167 116 2210 tis.
142 2169 256 2210 Ecce
278 2165 447 2210 dormio
470 2180 548 2223 ego
577 2175 755 2224 propter
770 2182 845 2210 vos
862 2201 873 2221 ‚
904 2176 974 2222 ut,
1003 2182 1073 2211 me
1094 2168 1214 2224 viso,
1241 2169 1430 2214 dormire

0 2255 2 2272 ι
50 2236 237 2281 delectet
258 2246 301 2280 et
321 2252 397 2280 vos
414 2271 424 2290 ‚
455 2245 498 2280 et
525 2251 549 2280 a
573 2235 736 2294 poenali
757 2246 896 2280 morte
916 2237 1098 2282 liberem
1119 2255 1209 2284 vos.
1239 2240 1322 2285 Sed
1350 2240 1432 2285 illis

0 2326 1 2329 ¹
52 2316 96 2351 et
112 2306 167 2350 de
193 2307 275 2351 illis
304 2308 389 2352 hoc
412 2306 610 2362 dicebat,
641 2322 750 2366 quos
772 2306 1010 2352 credituros
1027 2310 1072 2352 in
1095 2326 1138 2353 se
1156 2310 1435 2369 postmodum

0 2395 2 2418 ι
53 2387 234 2422 noverat
254 2412 264 2433 ,
287 2386 331 2421 et
351 2393 430 2437 pro
448 2377 609 2437 quihus
630 2378 823 2437 pendens
843 2380 1011 2422 Patrem
1030 2382 1211 2438 rogabat
1226 2416 1236 2435 ‚
1260 2381 1406 2426 dicens
1425 2403 1433 2428 :

59 2466 81 2491 «
105 2451 247 2503 Pater,
267 2448 439 2506 ignosce
455 2447 554 2503 illis,
572 2448 672 2507 quia
690 2448 888 2492 nesciunt
908 2448 1015 2508 quid
1032 2449 1198 2495 faciunt
1212 2452 1243 2494 3.
1268 2470 1288 2493 »
1315 2456 1434 2497 Inter

104 2540 112 2556 ¹
136 2536 227 2566 Joan.
243 2544 307 2572 xlx,
325 2534 357 2565 6.
374 2551 416 2556 —
431 2541 444 2556 ²
463 2534 512 2567 Id.
527 2544 615 2575 xvm,
637 2532 812 2575 39·41.—
831 2532 843 2556 3
858 2536 934 2566 Luc.
957 2544 1049 2575 xxiii,
1071 2535 1122 2577 34.

245 2599 432 2630 CXXXIV.
1226 2592 1249 2629 6
