1729 3143
261 148 316 187 96
687 158 720 185 s.
756 153 987 183 AUGUSTINI
1019 153 1200 182 muscum

261 242 280 265 »
304 236 428 282 aquae
444 223 476 265 ¹.
504 241 521 263 »
546 220 779 280 Apostolus
800 227 946 264 autem
967 233 1186 277 exponens
1204 218 1289 263 hoc
1311 217 1370 263 ait
1397 236 1406 264 ε
1442 237 1460 259 «
1488 222 1635 265 Patres

257 293 436 337 »nostri
475 305 615 335 escam
649 289 885 348 spiritalem
919 290 1322 344 manducaverunt,
1359 298 1403 334 et
1430 290 1636 334 eumdem

258 382 276 405 »
302 371 455 422 potum
477 359 711 419 spiritalem
732 360 953 404 biberunt.
979 359 1194 404 Bibebant
1225 359 1341 403 enim
1367 359 1423 402 de
1453 359 1636 419 spiritali

258 454 275 476 »
301 440 592 492 consequente
620 446 691 475 eos
718 441 853 491 petra.
893 435 1019 476 Petra
1042 440 1187 475 autem
1210 439 1301 475 erat
1328 430 1525 475 Christus
1549 433 1581 473 2.
1613 450 1631 472 »

253 507 349 562 Ipsa
363 511 464 546 sunt
478 501 551 546 illa
565 501 800 561 posteriora
819 502 916 556 Dei,
935 501 1130 546 Christus
1138 501 1229 545 Dei.
1244 500 1454 546 Hocvidit
1463 503 1636 558 Moyses

250 572 552 631 prophetando
569 608 581 628 ,
610 572 731 632 quod
752 572 912 616 Paulus
932 572 1108 631 exponit
1130 569 1316 615 dicendo
1340 589 1350 614 ε
1379 588 1397 610 «
1423 573 1537 614 Cum
1557 585 1635 614 ve-

254 662 270 684 »
297 643 363 687 nit
385 677 395 697 ‚
434 643 578 702 inquit
597 677 609 698 ‚
645 641 876 701 plenitudo
905 642 1112 700 temporis
1131 676 1143 697 ‚
1183 641 1299 685 misit
1329 643 1442 684 Deus
1474 638 1635 683 Filium

252 732 269 753 ))
296 728 423 756 suum
446 711 611 757 factum
633 727 685 755 ex
704 710 886 755 muliere
900 712 932 753 3.
958 729 978 751 »
1004 710 1235 755 Mulierem
1252 710 1324 753 hic
1346 709 1470 769 ponit
1487 743 1499 763 ‚
1527 725 1635 754 con-

247 783 525 827 suetudinem
549 797 720 826 servans
743 780 977 825 locutionis
1001 781 1199 823 Hebraeae
1215 814 1226 834 ‚
1252 794 1351 839 quae
1376 793 1525 823 omnes
1546 778 1636 822 foe-

246 852 384 897 minas
417 853 618 897 mulieres
655 848 860 911 appellat.
898 852 1009 895 Nam
1046 850 1258 909 scriptum
1281 858 1377 894 est:
1410 868 1430 891 «
1461 851 1636 894 Servate

247 941 270 965 »
293 924 496 968 mulieres
530 939 628 984 quae
660 921 857 967 nondum
892 929 1192 979 cognoverunt
1218 923 1362 967 virum
1382 921 1415 963 ⁴.
1445 939 1464 961 »
1499 922 1557 964 Et
1580 919 1635 964 de

243 993 332 1049 ipsa
353 997 445 1039 Eva
471 995 639 1039 dictum
661 1002 725 1037 est
754 1011 763 1037 :
801 1010 819 1032 «
845 991 1068 1035 Formavit
1089 1005 1184 1034 eam
1205 991 1251 1034 in
1272 989 1500 1034 mulierem
1524 992 1539 1015 ⁵
1569 1009 1578 1034 :
1611 1007 1632 1030 »

245 1068 480 1118 antequam
501 1056 622 1101 illam
654 1056 747 1101 viro
772 1055 1090 1114 conjungeret,
1113 1069 1208 1098 eam
1231 1053 1459 1098 mulierem
1483 1055 1634 1115 appel-

248 1129 367 1174 lavit.

304 1201 379 1243 IV.
407 1197 534 1242 Fides
563 1205 710 1241 autem
738 1205 781 1240 et
802 1195 958 1240 veritas
979 1196 1063 1240 hoc
1085 1194 1317 1254 praedicat,
1343 1194 1463 1255 quod
1485 1196 1634 1240 Chris*

246 1280 315 1314 tus
348 1269 402 1313 sit
438 1277 565 1311 natus
589 1282 640 1310 ex
670 1266 854 1324 virgine.
891 1266 958 1310 Sic
991 1266 1211 1324 accepistis
1229 1300 1239 1319 ‚
1280 1265 1339 1309 sic
1361 1280 1436 1309 vos
1458 1265 1634 1309 credere

243 1339 407 1383 dixistis
433 1357 442 1382 ;
467 1338 625 1383 Credo.
666 1338 771 1379 Haec
805 1336 1005 1380 nativitas
1041 1336 1119 1379 Dei
1146 1344 1189 1379 et
1216 1335 1402 1379 hominis
1429 1333 1544 1378 facta
1570 1344 1633 1379 est

243 1425 372 1454 causa
392 1408 581 1451 hominis
613 1424 624 1450 :
656 1415 706 1449 ut
742 1406 938 1449 sublimis
969 1405 1041 1446 illa
1073 1405 1272 1462 Majestas
1307 1404 1545 1462 procedens
1580 1420 1632 1449 ex

243 1478 373 1523 corde
396 1478 532 1522 Patr-is
554 1512 565 1532 ,
589 1475 841 1520 infunderet
863 1487 905 1515 se
928 1472 972 1515 in
994 1481 1119 1516 utero
1142 1474 1290 1517 matris
1307 1508 1317 1528 ‚
1343 1490 1471 1518 causa
1493 1475 1631 1532 exegit

241 1549 413 1607 pietatis
434 1569 444 1601 3
471 1558 520 1588 ut
542 1548 674 1587 homo
697 1542 966 1585 inveniretur
991 1542 1186 1601 perditus
1203 1577 1214 1598 ,
1240 1552 1283 1587 et
1305 1546 1395 1588 Deo
1417 1545 1531 1587 Patri
1553 1559 1630 1603 per

241 1615 530 1661 Mediatorem
553 1613 854 1656 restitueretur
870 1612 1087 1656 inventus.
1109 1613 1218 1657 Mira
1242 1621 1385 1656 tamen
1402 1614 1496 1656 haec
1512 1614 1627 1657 nati-

241 1687 348 1731 vitas
381 1681 571 1728 secunda
591 1716 601 1736 ‚
639 1681 793 1725 fratres
815 1680 1095 1724 dilectissimi.
1130 1683 1349 1725 Caeterum
1386 1681 1506 1726 illam
1534 1684 1625 1741 pri-

241 1769 356 1799 mam
377 1787 388 1806 ,
428 1767 514 1811 qua
546 1751 600 1795 de
636 1754 762 1794 Patre
794 1759 921 1794 natus
957 1759 1020 1794 est
1051 1750 1142 1794 sine
1173 1750 1318 1807 aliqua
1340 1760 1503 1804 matre,
1529 1753 1626 1810 quis

242 1823 490 1869 enarrabit?
515 1822 558 1867 Si
571 1822 684 1865 hauc
701 1836 790 1865 non
807 1835 1034 1879 possumus
1050 1818 1261 1876 explicare
1276 1853 1286 1873 ,
1312 1817 1430 1863 illam
1447 1823 1626 1880 quando

240 1895 432 1940 valemus
450 1892 518 1936 vel
535 1892 770 1935 inchoare?
793 1890 834 1934 Si
856 1890 950 1932 haec
970 1889 1029 1932 ita
1047 1903 1125 1932 nos
1142 1898 1340 1943 exercet,
1365 1898 1415 1933 ut
1433 1890 1536 1934 fidei
1552 1891 1626 1936 det

240 1965 385 2010 locum
407 1985 418 2022 3
454 1962 574 2006 illam
605 1960 784 2022 quando
807 1959 1086 2017 attingimus,
1111 1974 1244 2018 quam
1266 1974 1347 2003 nec
1381 1960 1511 2004 corda
1543 1977 1624 2021 po-

241 2044 420 2081 tuerunt
441 2032 810 2093 comprehendere
833 2031 1179 2087 Prophetarum?
1205 2033 1269 2074 De
1289 2030 1370 2074 hae
1392 2040 1538 2075 tamen
1559 2048 1626 2077 se-

242 2106 385 2151 cunda
413 2105 522 2148 mira
545 2113 588 2147 ct
617 2100 830 2146 ineffabili
865 2099 1058 2144 dicamus
1090 2099 1281 2160 aliquid,
1312 2100 1431 2160 quod
1459 2100 1624 2146 factum

242 2185 304 2221 est
326 2191 404 2235 pro
427 2174 552 2219 nobis
572 2208 583 2228 ,
608 2181 656 2217 ut
675 2171 868 2215 Verbum
886 2186 985 2215 caro
1007 2170 1129 2214 fieret
1145 2205 1156 2225 ,
1181 2179 1223 2214 et
1240 2170 1456 2214 habitaret
1476 2171 1520 2215 in
1539 2188 1623 2217 no-

242 2249 307 2292 bis
321 2250 352 2290 ⁶.
376 2246 481 2300 Quis
499 2244 615 2289 enim
629 2259 717 2288 non
735 2251 1009 2301 expavescat,
1036 2256 1136 2285 cum
1157 2240 1279 2285 audit
1295 2243 1433 2284 Deum
1451 2246 1622 2287 natum?

244 2318 378 2361 Audis
399 2325 646 2362 nascentem
660 2350 670 2370 ,
705 2313 803 2358 vide
830 2314 875 2357 in
898 2314 991 2372 ipso
1014 2321 1114 2357 ortu
1143 2311 1350 2356 miracula
1372 2311 1617 2358 facientem.

292 2422 301 2437 ¹
323 2415 400 2446 Psal.
415 2426 530 2456 nxvn,
545 2422 596 2446 20.
613 2429 655 2435 —
671 2419 684 2434 ²
703 2423 716 2444 1
736 2414 808 2443 Cor.
823 2421 856 2448 x,
877 2408 952 2451 4-5.
967 2427 1008 2432 -
1023 2408 1036 2432 3
1055 2408 1123 2442 Gal.
1142 2419 1188 2449 ιν,
1208 2407 1241 2449 4.
1255 2424 1296 2432 -
1311 2400 1328 2433 4
1344 2410 1435 2442 Num.
1461 2420 1546 2452 xxxi,
1569 2411 1620 2443 18.

247 2487 287 2493 —
307 2468 320 2493 5
338 2473 415 2504 Gen.
442 2481 476 2511 11,
498 2478 551 2503 22.
568 2485 608 2493 -
626 2466 640 2491 ⁵
658 2464 850 2507 Joau‚1,14.

1696 827 1699 845 ι’

1696 850 1699 872 l
