1729 3143
617 181 671 207 DE
704 181 953 209 HAERESIBUS.
1401 173 1480 212 241

105 260 129 288 a
149 243 343 288 materia.
371 246 539 302 Negant
563 244 827 288 salvatorem
847 245 892 287 in
921 258 1048 288 carne
1080 244 1227 288 sedere
1253 244 1310 289 ad
1337 246 1486 291 dexte-

103 329 194 357 ram
217 315 353 358 Patris
371 348 382 369 ‚
408 313 484 358 sed
513 330 561 358 ea
583 329 627 358 se
645 314 812 357 exuisse
836 314 1068 372 perhibent
1085 349 1096 369 ,
1126 330 1308 374 eamque
1330 316 1377 359 in
1398 317 1488 360 sole

99 383 290 442 posuisse
304 418 316 439 ‚
341 384 596 443 accipientes
618 383 887 427 occasionem
908 383 962 426 de
980 383 1150 428 Psalmo
1165 418 1177 439 ‚
1202 384 1279 428 ubi
1299 385 1481 444 legitur:

99 472 120 494 «
145 457 198 497 In
213 454 302 498 sole
318 455 464 512 posuit
480 453 812 497 tabernaculum
827 456 999 496 suum¹.
1030 473 1048 494 »
1074 456 1245 514 Negant
1267 457 1399 500 etiam
1421 457 1482 499 vi-

99 524 269 568 sibilem
306 525 566 583 paradisum.
607 523 874 581 Baptismum
909 525 955 566 in
992 540 1104 583 aqua
1136 542 1226 570 non
1248 527 1482 586 accipiunt.

99 595 478 638 Resurrectionem
508 608 598 637 non
632 602 790 651 putant
810 592 1003 637 futuram
1021 628 1032 649 ,
1068 595 1143 638 sed
1176 596 1371 655 quotidie
1394 597 1487 640 fieri

97 663 144 706 in
164 664 441 721 generatione
458 663 665 707 filiorum.

155 741 248 782 LX,
273 738 546 783 Proclianitae
568 739 706 782 secuti
724 747 826 782 sunt
843 739 969 794 istos,
994 749 1038 782 et
1060 738 1325 785 addiderunt
1344 741 1489 786 Chris-

96 816 192 851 tum
208 823 298 851 non
318 809 366 851 in
386 824 515 852 carne
536 809 718 852 venisse.

157 886 273 927 LXI.
300 884 533 929 Patriciani
551 901 573 928 a
597 885 781 928 Patricio
798 886 1066 944 nuncupati,
1087 875 1376 931 substantiam
1392 901 1489 931 car-

97 953 162 996 nis
184 954 388 997 humanae
412 970 502 998 non
524 970 547 997 a
576 958 665 998 Deo
679 989 691 1007 ‚
717 955 794 998 sed
815 971 838 998 a
860 955 1038 999 diabolo
1061 956 1283 1000 conditam
1305 956 1458 1001 dicunt
1477 978 1488 1014 3

97 1037 281 1081 eamque
302 1023 361 1066 sic
378 1022 632 1081 fugiendam
647 1033 690 1067 et
703 1023 1006 1068 detestandam
1029 1034 1212 1083 putant,
1237 1035 1287 1070 ut
1310 1026 1486 1086 quidam

96 1106 247 1135 eorum
278 1093 590 1150 perhibeantur
619 1094 749 1137 etiam
772 1104 911 1138 morte
934 1095 1015 1138 sibi
1044 1095 1163 1139 illata
1194 1111 1340 1141 carere
1359 1112 1489 1141 carne

95 1160 300 1204 voluisse.

154 1238 294 1278 LXII.
317 1237 470 1279 Ascitae
497 1237 552 1280 ab
576 1246 673 1280 utre
692 1234 900 1293 appellati
916 1242 1018 1277 sunt
1038 1253 1047 1278 :
1073 1243 1165 1279 §.mg
1183 1238 1298 1280 enim
1322 1252 1460 1294 graece
1475 1275 1487 1294 ‚

94 1302 229 1347 latine
250 1311 348 1346 uter
370 1302 528 1346 dicitur
550 1321 558 1346 :
585 1318 717 1361 quem
740 1303 1027 1361 perhibentur
1050 1304 1251 1348 inflatum
1284 1315 1328 1350 et
1359 1323 1488 1366 oper-

97 1381 192 1416 tum
224 1372 406 1416 circuire
447 1372 710 1415 bacchantes
726 1407 737 1425 ‚
772 1381 982 1431 tanquam
1014 1374 1095 1431 ipsi
1131 1373 1215 1418 sint
1250 1378 1488 1434 evangelici

94 1451 213 1486 utres
233 1443 335 1486 novi
355 1456 471 1485 novo
488 1441 591 1485 vino
613 1441 780 1500 repleti.

155 1519 316 1561 LXIII.
344 1515 731 1572 Passalorynchitae
753 1516 799 1559 in
822 1525 995 1560 tantum
1018 1516 1186 1562 silentio
1209 1519 1413 1575 student,
1437 1531 1487 1566 ut

95 1587 274 1631 naribus
292 1595 335 1629 et
355 1585 480 1629 labiis
501 1586 588 1629 suis
608 1585 794 1644 digitum
813 1596 1039 1645 opponant
1056 1622 1066 1641 ,
1098 1603 1154 1631 ne
1170 1588 1240 1632 vel
1257 1590 1393 1648 ipsam
1415 1601 1483 1636 ta-

95 1656 391 1701 citurnitatem
410 1670 516 1699 voce
533 1656 783 1714 praeripiant
799 1690 810 1710 ‚
836 1657 1014 1714 quando
1037 1657 1270 1701 tacendum
1295 1660 1373 1703 sibi
1396 1676 1484 1706 esse

95 1727 363 1770 arbitrantur
381 1746 393 1782 3
424 1724 543 1768 unde
560 1725 689 1769 etiam
712 1725 796 1768 illis
817 1735 881 1769 est
903 1741 1063 1769 nomen
1086 1727 1274 1772 inditum
1294 1748 1303 1773 :
1323 1739 1484 1777 miscam

95 1797 211 1840 enim
243 1810 380 1853 graece
413 1794 571 1839 dicitur
602 1795 755 1854 palus3
797 1805 840 1840 et
875 1805 985 1849 ῥύγχρς
1015 1813 1159 1842 nasus.
1204 1801 1293 1844 Cur
1336 1811 1481 1846 autem

95 1881 171 1925 per
200 1865 350 1924 palum
372 1864 557 1921 digitum
591 1865 830 1922 significare
863 1865 1125 1922 maluerint,
1161 1883 1184 1911 a
1216 1870 1377 1928 quibus
1398 1873 1480 1916 hoc

95 1950 258 1979 nomen
278 1935 580 1993 compositum
612 1944 703 1990 est,
739 1937 884 1980 nescio
913 1955 921 1980 :
953 1952 1053 1980 cum
1084 1953 1221 1995 graece
1242 1949 1285 1982 et
1312 1939 1481 1985 dicatur

93 2004 255 2064 digitus
278 2011 443 2052 δάκτυλος,
466 2013 510 2048 et
536 2004 700 2063 possint
729 2007 882 2065 utique
910 2007 1310 2064 Dactylorynchitae
1338 2011 1478 2056 multo

95 2075 338 2119 evidentius
358 2076 619 2132 nuncupari.

153 2151 308 2193 LXIV.
335 2151 499 2209 Aquari
521 2165 573 2193 ex
593 2150 678 2193 hoc
701 2151 906 2210 appellati
927 2161 1029 2196 sunt
1048 2187 1059 2207 ‚
1088 2153 1209 2213 quod
1232 2170 1389 2214 aquam
1412 2157 1480 2201 of-

95 2221 244 2264 ferunt
264 2221 310 2264 in
331 2219 490 2278 poculo
515 2221 781 2265 Sacramenti
799 2256 809 2276 ‚
845 2237 933 2266 non
956 2222 1067 2267 illud
1089 2225 1210 2283 quod
1233 2227 1372 2270 omnis
1395 2229 1479 2270 Ec·-

95 2289 238 2333 clesia,

155 2366 286 2407 LXV.
309 2364 559 2408 Coluthiani
575 2381 597 2408 a
613 2364 804 2424 quodam
822 2366 1013 2411 Colutho
1031 2402 1041 2421 ‚
1062 2369 1136 2427 qui
1152 2368 1324 2414 dicebat
1341 2375 1476 2416 Deum

145 2465 153 2481 ¹
177 2459 254 2490 Psai.
275 2470 365 2497 xvim,
383 2463 415 2491 6.

258 2536 439 2566 cxxxiv.
1254 2532 1300 2569 16
