1729 3143
221 236 302 276 248
657 249 688 272 S.
727 245 955 271 AUGUSTINI
990 246 1169 273 EPISCOPI

219 318 371 373 Itaque
393 314 471 356 hos
493 310 734 359 haereticos,
761 311 969 368 quoniam
991 310 1165 354 nullum
1187 326 1338 354 eorum
1359 313 1483 370 ponit
1498 328 1603 357 auc-

216 394 371 437 torem,
399 381 603 425 Arabicos
626 396 854 439 possumus
877 397 1159 441 nuncupare:
1186 382 1262 441 qui
1286 381 1487 425 dixerunt
1509 384 1604 427 ani-

214 470 304 500 mas
324 468 425 497 cum
447 451 701 510 corporibus
721 452 832 496 mori
855 461 986 511 atque
1017 452 1208 506 dissolvi,
1229 461 1272 496 et
1288 453 1333 495 in
1349 452 1437 495 fine
1459 454 1604 497 saeculi

212 534 450 581 utrumque
472 537 709 580 resurgere.
739 521 823 566 Sed
844 522 923 565 hos
952 522 1247 581 disputatione
1273 522 1472 580 Origenis
1494 537 1607 581 prae-

212 593 341 637 sentis
364 601 407 635 et
429 607 500 635 eos
523 591 800 651 alloquentis,
837 592 1061 635 celerrime
1089 592 1195 636 dicit
1217 592 1350 636 fuisse
1371 602 1602 636 correctos.

209 665 305 705 ¹lam
324 677 442 705 nunc
460 661 546 704 illae
564 662 958 705 commemorandae
976 671 1078 706 sunt
1094 662 1296 708 haereses.
1318 677 1418 721 quae
1438 677 1461 704 a
1479 661 1606 705 nobis

210 747 300 775 non
314 731 432 789 apud
443 731 545 775 istos
567 741 749 790 repertae
761 741 879 786 sunt,
899 732 974 775 sed
987 733 1032 775 in
1048 731 1398 776 recordationem
1414 739 1607 775 nostram

210 800 625 860 quomodocumque
643 809 876 843 venerunt.

271 872 512 914 LXXXIV.
550 870 793 914 Helvidiani
817 871 955 914 exorti
973 871 1028 914 ab
1048 870 1269 924 Helvidio,
1293 870 1353 913 ita
1370 869 1609 926 virginitati

209 940 358 983 Mariae
393 940 716 991 contradicunt,
758 950 807 983 ut
835 955 929 983 eam
962 948 1060 997 post
1091 939 1313 982 Christum
1344 938 1449 981 alios
1478 937 1610 980 etiam

210 1010 321 1053 filios
337 1010 391 1052 de
412 1010 506 1053 viro
523 1026 601 1053 suo
619 1013 642 1053 J
647 1011 779 1069 oseph
803 1010 1018 1069 peperisse
1041 1007 1326 1053 contendant.
1347 1007 1432 1052 Sed
1449 1008 1608 1051 mirum

212 1081 257 1121 ni
293 1081 419 1133 istos,
446 1080 736 1137 praetermisso
765 1080 956 1124 Helvidii
990 1080 1192 1134 nomine,
1226 1077 1608 1122 Antidicomaritas

211 1148 483 1206 Epiphanius
507 1144 758 1203 appellavit.

269 1217 489 1259 LXXXV.
528 1215 774 1257 paterniani
796 1214 1020 1262 inferiores
1040 1228 1183 1278 partes
1208 1218 1389 1262 humani
1416 1216 1608 1275 corporis

211 1300 302 1329 non
317 1301 340 1327 a
360 1287 472 1337 Deo,
498 1282 573 1326 sed
591 1299 614 1326 a
637 1282 811 1328 diabolo
834 1283 968 1329 factas
992 1289 1243 1343 opinantur,
1270 1296 1314 1328 et
1335 1286 1534 1328 omnium
1557 1300 1608 1328 ex

210 1355 295 1399 illis
317 1354 515 1412 partibus
537 1354 803 1412 flagitiorum
824 1354 1045 1399 licentiam
1062 1356 1302 1398 tribuentes
1316 1355 1606 1413 impurissime

210 1427 378 1470 vivunt.
398 1426 485 1467 Hos
499 1425 629 1468 etiam
645 1426 935 1469 Venustianos
948 1425 1127 1485 quidam
1144 1435 1319 1469 vocant.

270 1496 511 1539 LXXXVI.
550 1494 883 1539 Tertullianistae
915 1513 936 1540 a
976 1495 1261 1549 Tertulliano,
1305 1496 1428 1554 cujus
1463 1494 1605 1538 multa

211 1565 418 1623 leguntur
445 1565 665 1623 opuscula
694 1565 1046 1624 eloquentissime
1064 1567 1236 1624 scripta,
1263 1579 1401 1624 usque
1423 1564 1479 1608 ad
1500 1580 1604 1609 nos-

213 1645 330 1677 trum
364 1643 536 1692 tempus
570 1634 781 1693 paulatim
816 1634 1082 1689 deficientes,
1108 1636 1154 1678 in
1176 1635 1377 1679 extremis
1411 1634 1605 1694 reliquiis

214 1704 370 1746 durare
400 1712 642 1760 potuerunt
670 1704 714 1746 in
738 1704 846 1747 urbe
867 1705 1227 1762 Carthaginensi:
1264 1720 1335 1747 me
1364 1713 1511 1747 autem
1542 1703 1605 1746 ibi

212 1774 354 1832 posito
376 1782 476 1816 ante
497 1773 664 1832 aliquot
686 1788 838 1827 annos,
864 1775 983 1832 quod
1007 1775 1136 1818 etiam
1160 1784 1202 1817 te
1226 1775 1471 1818 meminisse
1494 1774 1606 1817 arhi—

214 1854 319 1897 tror,
341 1843 459 1886 omni
482 1858 532 1886 ex
552 1852 674 1902 parte
696 1845 944 1903 consumpti
971 1854 1086 1887 sunt.
1114 1845 1366 1887 Paucissimi
1388 1844 1503 1886 enim
1527 1844 1601 1902 qui

213 1924 524 1969 remanserant,
550 1915 593 1958 in
616 1914 883 1959 Catholicam
914 1916 1193 1969 transierunt,
1216 1930 1426 1974 suamque
1455 1914 1603 1958 basili-

211 2001 322 2039 cam,
339 2001 439 2044 quae
453 2000 572 2029 nunc
586 1986 715 2028 etiam
733 1986 952 2029 notissima
967 1995 1045 2040 est,
1063 1984 1294 2030 Catholicae
1310 1983 1599 2029 tradiderunt.

216 2054 506 2099 Tertullianus
525 2071 627 2114 ergo
649 2056 759 2099 sicut
781 2056 936 2114 scripta
954 2057 1044 2114 ejus
1061 2056 1274 2110 indicant,
1295 2055 1482 2098 animam
1503 2053 1608 2098 dicit

214 2126 501 2169 immortalem
524 2124 720 2185 quidem,
746 2124 820 2168 sed
843 2140 937 2168 eam
958 2140 1115 2184 corpus
1138 2140 1227 2168 esse
1248 2123 1475 2169 contendit
1495 2143 1503 2168 :
1529 2139 1606 2168 ne—

214 2211 300 2255 que
333 2196 446 2238 hanc
481 2204 670 2249 tantum,
707 2194 782 2238 sed
812 2195 953 2252 ipsum
982 2196 1112 2239 etiam
1149 2198 1304 2239 Deum.
1341 2197 1428 2238 Nec
1457 2203 1605 2237 tamen

216 2266 317 2309 hinc
339 2266 568 2309 haereticus
589 2264 748 2308 dicitur
770 2265 923 2308 factus.
952 2268 1100 2308 Posset
1121 2265 1234 2308 enim
1263 2278 1444 2323 quoquo
1472 2263 1604 2307 modo

214 2336 357 2392 putari
374 2336 510 2394 ipsam
532 2344 730 2378 naturam
748 2335 1124 2394 substantiamque
1141 2334 1331 2378 divinam
1354 2349 1511 2391 eorpus
1527 2348 1605 2377 vo-

217 2419 336 2459 care,
361 2420 449 2448 non
472 2404 557 2448 tale
579 2404 735 2464 corpus
756 2407 879 2463 cujus
900 2414 1041 2463 partes
1068 2404 1160 2447 aliae
1183 2405 1378 2462 majores,
1398 2403 1491 2446 aliae
1518 2403 1603 2446 mi-

222 2489 346 2515 nores
364 2475 621 2526 valeant-vel
637 2475 824 2518 debeant
842 2475 1036 2532 cogitari,
1059 2473 1202 2533 qualia
1219 2482 1321 2517 sunt
1343 2474 1487 2517 omnia
1503 2488 1603 2532 quae

219 2544 392 2600 proprie
414 2543 595 2585 dicimus
619 2559 825 2601 corpora,
856 2545 1054 2602 quamvis
1076 2543 1131 2587 de
1160 2544 1302 2588 anima
1326 2544 1412 2587 tale
1441 2542 1603 2602 aliquid
