1729 3143
481 219 534 246 DE
566 219 775 257 SYMBOLO‚
809 219 949 248 SERMO
981 221 1011 245 1.
1383 210 1438 249 29

58 296 152 331 tens
161 285 311 330 Filius.
339 285 382 330 Si
405 287 679 345 omnipotens
694 300 782 330 non
799 286 950 344 genuit
967 285 1327 344 omnipotentem,
1348 301 1439 331 non

56 371 207 402 verum
224 356 363 400 filium
385 357 548 415 genuit.
567 354 684 408 Quid
716 356 831 399 enim
860 355 1060 411 dicimus,
1074 355 1244 411 fratres,
1262 356 1296 400 si
1314 359 1443 400 Pater

54 428 191 486 major
211 427 423 471 minorem
449 425 590 468 filium
626 425 802 482 genuit?
834 425 952 477 Quid
974 426 1093 470 enim
1114 424 1227 481 dixi,
1255 426 1444 484 genuit?

58 499 200 541 Homo
229 497 344 540 enim
371 496 507 554 major
535 502 709 553 generat
735 493 875 537 filium
910 495 1148 551 minorem,
1169 509 1321 540 verum
1343 503 1407 539 est
1428 511 1441 539 τ

56 566 131 611 sed
152 568 255 627 quia
276 566 459 612 senescit
476 564 566 621 ille,
591 565 743 610 crescit
765 565 859 620 iste,
884 573 928 608 et
942 563 998 608 ad
1019 564 1205 610 formam
1220 567 1353 624 patris
1375 563 1444 609 sui

55 638 124 682 vel
145 637 375 682 crescendo
393 637 604 696 pervenit.
631 636 766 680 Filius
787 635 867 680 Dei
883 635 918 679 si
939 650 1029 680 non
1043 636 1210 689 crescit,
1231 636 1332 694 quia
1359 649 1446 679 nec·

55 717 197 767 potest
213 711 328 751 Deus
350 722 591 764 senescere3
612 706 832 766 perfectus
853 715 981 750 natus
999 714 1076 750 est.
1099 704 1323 749 Perfectus
1336 706 1446 763 qui-0

54 778 154 822 dem
178 788 321 831 natus,
346 779 380 821 si
401 793 491 822 non
512 778 681 831 crescit,
703 786 746 821 et
762 777 905 821 minor
927 792 1017 821 non
1039 776 1245 820 remansit
1261 796 1271 832 3
1289 790 1440 834 aequa-

55 847 107 891 lis
138 857 214 892 est.
264 851 374 892 Nam
415 856 466 891 ut
503 846 644 892 sciatis
674 847 1021 906 omnipotentem
1055 846 1110 890 de
1143 845 1452 903 omnipotente:

56 926 232 971 natum,
257 918 401 976 ipsum
437 918 586 961 audite
618 917 695 976 qui
723 917 891 961 Veritas
912 925 990 960 est.
1026 919 1089 959 De
1113 930 1157 959 se
1189 915 1310 973 quod
1340 914 1448 957 dicit

53 988 237 1041 Veritas,
262 988 341 1031 hoc
365 996 428 1033 est
449 1002 617 1031 verum.
641 985 757 1039 Quid
781 987 839 1030 ait
857 986 1051 1029 Veritas?
1068 985 1187 1038 Quid
1211 985 1268 1027 ait
1284 983 1446 1037 Filius,
1479 971 1493 979 ”

56 1058 131 1116 qui
154 1066 216 1100 est
238 1058 404 1101 Veritas
420 1060 464 1101 3³«
489 1062 800 1115 Quaecumquae
818 1059 945 1100 Pater
967 1054 1093 1110 facit,
1129 1056 1223 1098 haec
1242 1063 1286 1097 et
1309 1053 1448 1097 Filius

57 1126 252 1170 similiter
278 1127 416 1171 facit&
442 1146 461 1168 »
488 1129 774 1185 Omnipotens
797 1135 859 1169 est
882 1125 1047 1182 Filius,
1072 1125 1218 1169 omnia
1246 1123 1449 1167 faciendo

58 1211 157 1253 quae
171 1196 370 1239 voluerit.
383 1198 491 1239 Nam
501 1196 534 1238 si
544 1194 649 1238 facit
657 1195 800 1253 aliqua
811 1198 952 1246 Pater,
968 1210 1067 1251 quae
1076 1209 1165 1234 non
1174 1192 1281 1236 facit
1290 1192 1444 1246 Filius,

58 1263 474 1307 falsumdixitFilius
488 1283 496 1306 :
512 1266 843 1321 «Quaecumque
865 1265 991 1305 Pater
1006 1260 1230 1314 facit,haec
1252 1269 1296 1303 et
1314 1260 1457 1305 Filius

62 1352 83 1375 »
103 1333 205 1378 facit
225 1333 433 1377 similiter.
462 1352 482 1374 »
507 1333 591 1378 Sed
612 1333 714 1393 quia
741 1347 895 1376 verum
911 1330 1019 1374 dixit
1041 1329 1175 1373 Filius
1195 1349 1204 1374 ε
1236 1331 1452 1375 «Credite

63 1421 84 1443 n
111 1419 401 1463 quaecumque
418 1407 546 1447 Pater
566 1402 687 1457 facit,
701 1403 797 1446 haec
812 1400 1110 1446 etFiliusfacit
1121 1399 1317 1444 similiter
1335 1420 1344 1444 :
1370 1418 1390 1441 »
1407 1411 1458 1445 et

61 1473 298 1516 credidistis
319 1473 365 1516 in
385 1472 546 1516 Filium
569 1470 1066 1530 omnipotentem.Quod
1082 1469 1266 1513 verbum
1292 1471 1373 1513 etsi
1409 1473 1458 1517 in

66 1541 275 1599 Symbolo
303 1557 392 1585 non
426 1542 608 1595 dixistis,
634 1550 781 1584 tamen
813 1541 896 1584 hoc
931 1549 994 1583 est
1016 1539 1137 1598 quod
1159 1541 1454 1597 expressistis,

64 1612 241 1670 quando
258 1612 303 1654 in
325 1612 503 1655 unicum
524 1611 666 1669 ipsum
689 1613 827 1653 Deum
846 1609 1101 1653 credidistis.
1127 1609 1276 1654 Habet
1288 1611 1456 1671 aliquid

66 1685 191 1725 Pater
212 1682 333 1741 quod
369 1696 457 1725 non
480 1681 611 1724 habet
633 1679 794 1723 Filius?
817 1682 910 1723 Hoc
932 1679 1082 1723 Ariani
1106 1679 1304 1725 haeretici
1340 1681 1458 1726 blas-

66 1751 213 1809 phemi
231 1750 397 1803 dicunt,
424 1765 513 1794 non
535 1764 628 1807 ego.
669 1748 751 1794 Sed
775 1764 855 1806 ego
877 1749 983 1808 quid
1002 1749 1130 1794 dico?
1155 1751 1199 1796 Si
1222 1751 1356 1795 habet
1373 1751 1456 1795 ali·-

67 1820 172 1879 quid
196 1823 337 1873 Pater,
361 1818 481 1878 quod
503 1834 591 1862 non
610 1819 743 1862 habet
761 1819 896 1862 Filius
913 1854 923 1873 ,
945 1821 1158 1864 mentitur
1181 1820 1317 1865 Filius
1335 1856 1345 1876 ,
1377 1821 1456 1881 qui

69 1889 195 1932 dicit:
218 1908 236 1929 «
256 1889 413 1932 Omnia
436 1904 535 1948 quae
556 1888 948 1943 habetPater,mea
968 1893 1104 1933 sunt2.
1133 1908 1153 1930 »
1171 1890 1311 1934 Multa
1329 1900 1373 1934 et
1393 1891 1459 1934 in-

69 1958 354 2002 numerabilia
377 1967 478 2001 sunt
494 1958 741 2001 testimonia
767 1958 928 2017 quibus
953 1959 1182 2017 probetur,
1204 1961 1306 2019 quia
1320 1960 1456 2005 Filius

69 2044 196 2073 verus
218 2029 296 2072 Dei
317 2029 453 2072 Patris
484 2037 547 2071 est
569 2028 704 2071 Filius
720 2063 730 2081 ,
757 2037 800 2071 et
832 2032 960 2072 Pater
988 2032 1103 2072 Deus
1124 2044 1278 2073 verum
1306 2032 1456 2088 genuit

71 2098 231 2141 Filium
249 2101 403 2150 Deum,
424 2107 467 2141 et
482 2101 607 2141 Pater
622 2108 665 2142 et
687 2097 822 2142 Filius
843 2114 957 2142 unus
976 2109 1039 2143 est
1057 2102 1186 2143 Deus.

131 2169 207 2209 VI.
247 2165 330 2209 Sed
351 2167 429 2209 iste
451 2166 586 2210 Filius
621 2168 774 2211 unicus
795 2169 872 2211 Dei
895 2170 1031 2211 Patris
1056 2169 1369 2227 omnipotentis
1391 2171 1455 2213 vi-

74 2236 251 2279 deamus
281 2235 388 2294 quid
412 2233 513 2278 fecit
534 2245 712 2293 propter
733 2251 833 2290 nos,
867 2236 974 2295 quid
997 2253 1141 2296 passus
1174 2248 1238 2282 est
1275 2248 1454 2298 propter

74 2321 166 2349 nos.
197 2308 332 2349 Natus
353 2305 408 2347 de
434 2306 595 2363 Spiritu
627 2315 776 2349 sancto
793 2314 835 2347 et
856 2306 1021 2362 virgine
1042 2308 1195 2351 Maria.
1230 2307 1309 2350 Ille
1338 2311 1452 2353 Deus

74 2384 221 2419 tantus
243 2374 418 2434 aequalis
443 2376 584 2428 Patri,
618 2385 743 2418 natus
771 2374 825 2417 de
857 2376 1017 2434 Spiritu
1050 2387 1198 2420 sancto
1222 2385 1265 2420 et
1286 2378 1452 2435 virgine

75 2447 208 2490 Maria
222 2444 415 2498 humilis,
436 2445 553 2489 unde
575 2454 744 2489 sanaret
759 2445 978 2503 superbos.
1002 2446 1214 2491 Exaltavit
1234 2462 1278 2491 se
1300 2449 1447 2504 homo,

127 2535 132 2549 ¹
155 2531 245 2560 Joan.
260 2539 292 2569 v,
318 2539 366 2569 19.
388 2544 427 2550 —-
447 2528 608 2567 ²1d.xv1‚
629 2528 677 2559 15.
