1729 3143
243 221 325 259 556
672 231 706 258 s.
744 228 973 257 Aucvsnm
1006 229 1186 258 11213001’1

237 297 402 342 caecitas
421 294 584 338 malum
600 303 679 348 cst,
694 293 924 339 videbant:
941 296 974 339 si
987 294 1187 351 surditas,
1205 295 1456 341 audiebant.
1477 298 1520 342 Si
1539 299 1620 342 ob-

237 376 475 412 mutescere
497 374 572 410 aut
590 375 761 410 mutum
777 381 866 410 esse
887 366 1050 411 malum
1065 375 1144 421 est,
1164 382 1302 427 usque
1321 367 1428 412 adeo
1443 368 1621 426 signatae

237 447 367 497 atque
384 435 598 481 distinctae
622 436 681 480 ibi
698 452 823 482 voces
842 446 980 492 erant,
1001 445 1051 481 ut
1072 436 1274 482 adversus
1294 441 1433 482 Deum
1455 437 1623 482 bellum

238 523 411 567 gerere,
447 509 558 553 sicut
589 508 771 552 asseritis
788 544 798 563 ‚
831 509 954 553 eisin
982 508 1190 553 concione
1219 524 1308 554 uno
1336 508 1624 569 persuadente

237 577 464 638 placuerit.
485 578 527 623 Si
544 577 742 623 sterilitas
765 579 930 623 malum
953 588 1031 634 est,
1048 587 1139 623 erat
1160 578 1219 624 ibi
1237 579 1347 624 filios
1368 579 1624 639 procreandi

238 665 395 709 magna
430 648 706 695 foecunditas.
742 650 785 696 Si
817 649 992 695 exilium
1019 649 1184 695 malum
1217 660 1279 695 est
1293 687 1304 706 ,
1338 652 1384 695 in
1413 667 1489 696 sua
1512 660 1625 696 terra

240 729 378 775 erant,
396 735 581 780 suasque
598 721 794 779 regiones
810 719 1073 766 incolebant.
1094 720 1136 766 Si
1151 722 1333 766 servitus
1350 722 1515 766 malum
1534 730 1623 776 est,

240 798 362 835 erant
389 790 449 834 ibi
479 791 608 835 etiam
631 792 707 851 qui
729 790 986 848 regnabant.
1015 791 1058 836 Si
1080 806 1195 836 mors
1217 790 1380 836 malum
1401 800 1485 846 est,
1511 792 1628 836 vive-

239 862 360 916 bant,
378 862 498 906 etita
517 862 744 916 vivebant,
770 869 820 904 ut
838 869 1029 905 mentem
1046 862 1183 920 ipsam
1199 877 1396 921 prorsus,
1427 878 1508 907 nec
1531 871 1629 922 post
1682 876 1685 903 z
1724 876 1729 878 ·

241 933 459 977 victoriam
483 932 582 986 Dei,
609 931 700 975 ullo
723 930 854 975 modo
877 946 1073 991 unquam
1096 933 1205 976 mori
1228 948 1350 990 posse
1371 933 1626 991 praedicetis.

299 1005 394 1048 XV.
431 1005 519 1048 Cur
544 1017 691 1063 quaeso
709 1002 754 1046 in
777 1017 948 1046 summo
971 1001 1088 1046 malo
1110 1003 1284 1047 invenio
1306 1012 1425 1048 tanta
1448 1003 1562 1047 bona
1581 1003 1628 1048 iis
1684 1049 1687 1061 ,

240 1074 379 1126 malis,
412 1089 511 1133 quae
549 1074 912 1128 commemoravi,
950 1074 1194 1118 contraria?
1227 1078 1316 1119 Aut
1348 1075 1381 1118 si
1417 1075 1511 1119 haec
1542 1090 1631 1119 non

240 1153 342 1188 sunt
358 1143 485 1198 mala,
500 1142 665 1188 ulla-ne
687 1145 859 1188 tandem
874 1145 1130 1200 substantia,
1147 1145 1191 1188 in
1203 1154 1418 1205 quantum
1430 1146 1632 1190 substan-

241 1215 299 1258 tia
321 1224 401 1268 est,
428 1214 593 1258 malum
618 1215 730 1259 erit?
761 1215 802 1260 Si
830 1214 993 1259 malurn
1015 1214 1290 1259 imbecillitas
1309 1231 1399 1260 non
1428 1225 1513 1270 est,
1536 1231 1631 1260 ma-

241 1283 413 1328 lum-ne
433 1285 513 1330 erit
536 1300 692 1345 corpus
713 1285 965 1329 infirmum?
989 1286 1031 1331 Si
1053 1285 1217 1329 malum
1235 1286 1403 1329 caecitas
1425 1300 1514 1330 non
1539 1295 1629 1341 est,

241 1355 486 1400 malum-ne
520 1366 648 1401 erunt
684 1357 905 1402 tenebrae?
943 1358 986 1402 Si
1022 1355 1188 1400 malum
1217 1356 1402 1400 surditas
1423 1371 1512 1401 uon
1535 1366 1598 1401 est
1617 1391 1628 1411 ,

241 1427 489 1470 malum-ne
512 1428 593 1471 erit
614 1426 802 1472 surdus?
836 1427 880 1472 Si
913 1426 1077 1470 malum
1100 1441 1188 1470 non
1211 1435 1273 1471 est
1302 1435 1473 1471 mutum
1507 1442 1597 1471 esse
1616 1462 1627 1481 ,

241 1497 485 1540 malum-ne
508 1498 587 1540 erit
609 1498 768 1556 piscis?
794 1496 835 1541 Si
868 1496 1067 1540 sterilitas
1090 1495 1255 1540 malum
1284 1512 1373 1541 non
1395 1506 1458 1542 est
1474 1532 1484 1552 ,
1518 1512 1631 1557 quo—

241 1566 372 1613 modo
391 1567 555 1611 malum
574 1576 638 1611 est
655 1567 815 1612 animal
832 1566 996 1611 sterile?
1014 1568 1057 1612 Si
1071 1567 1249 1612 exilium
1266 1567 1430 1612 malum
1444 1584 1533 1613 non
1550 1565 1630 1624 esf,

241 1638 464 1699 quomodo
482 1638 645 1683 malum
664 1647 726 1683 est
744 1638 904 1683 animal
921 1638 1113 1693 exulans,
1137 1639 1206 1683 vc!
1222 1639 1381 1683 animal
1394 1640 1439 1683 in
1457 1638 1630 1683 exilium

241 1708 432 1769 aliquem
458 1709 633 1753 mittens
654 1710 672 1753 Ρ
707 1709 749 1754 Si
776 1709 958 1754 servitus
990 1709 1155 1753 malum
1177 1725 1266 1753 non
1289 1719 1372 1764 est,
1407 1709 1631 1770 quomodo

242 1779 406 1824 malum
430 1789 493 1823 est
516 1777 676 1823 animal
697 1780 900 1833 serviens,
920 1779 988 1823 vel
1006 1780 1162 1823 servire
1177 1781 1426 1839 quempiam
1444 1782 1633 1839 cogens?

244 1851 286 1896 Si
311 1864 424 1894 mors
446 1848 612 1893 malum
635 1864 725 1893 non
746 1858 825 1903 est,
844 1849 1067 1909 quomodo
1079 1849 1243 1893 malum
1261 1858 1324 1894 est
1338 1848 1497 1894 animal
1514 1865 1632 1896 mor-

244 1921 343 1974 tale,
369 1918 438 1964 vel
458 1920 648 1964 inferens
670 1921 887 1964 mortem?
912 1920 954 1964 Si
976 1935 1079 1964 vero
1101 1920 1194 1963 haec
1220 1919 1332 1964 mala
1355 1930 1456 1964 sunt
1473 1955 1484 1974 ‚
1516 1936 1630 1981 quo-

244 1990 375 2036 modo
392 2005 482 2036 non
503 1999 631 2034 erunt
654 1990 769 2034 bona
785 2025 795 2045 ,
822 1990 1001 2034 firmitas
1024 1991 1239 2049 corporis,
1261 1992 1396 2045 visus,
1427 1990 1600 2036 auditus
1616 2026 1628 2045 ‚

243 2063 405 2108 locutio
429 2060 710 2121 persuadens,
737 2060 1017 2115 fcecunditas,
1042 2060 1182 2106 solum
1207 2062 1410 2121 genitale,
1435 2061 1628 2117 libertas,

243 2134 330 2179 vita
346 2169 356 2187 ‚
392 2149 492 2194 quae
513 2134 659 2178 omnia
681 2133 725 2176 in
759 2131 834 2178 illo
864 2133 965 2177 mali
988 2148 1122 2192 regno
1144 2132 1276 2177 fuisse
1295 2133 1529 2193 perhibetis
1546 2168 1557 2188 ,
1588 2143 1630 2178 et

245 2220 464 2249 summum
487 2203 650 2248 malum
673 2203 840 2248 audetis
859 2205 1073 2248 asserere?

303 2277 424 2319 XVI.
446 2278 668 2320 Postremo
681 2275 714 2320 si
725 2273 870 2334 (quod
884 2274 1063 2319 omnino
1081 2289 1210 2318 nemo
1223 2289 1417 2334 unquam
1434 2275 1630 2333 negavit)

245 2347 596 2392 inconvenientia
623 2346 787 2391 malum
809 2356 893 2402 est,
926 2345 1034 2407 quid
1055 2346 1382 2391 convenientius
1404 2361 1537 2406 quam
1556 2345 1629 2390 illa

247 2419 331 2464 suis
346 2419 594 2479 quibusque
612 2416 870 2462 animalibus
882 2415 1111 2473 elementa,
1132 2416 1324 2461 tenebrae
1336 2417 1624 2475 serpentibus,

250 2505 373 2549 aquae
390 2489 657 2545 natantibus,
683 2490 802 2534 venti
824 2488 1088 2544 volantibus,
1109 2489 1217 2548 ignis
1235 2487 1528 2541 edacioribus,
1554 2486 1627 2530 fu-

250 2574 344 2605 mus
367 2560 648 2606 elatioribus?
670 2563 806 2606 Tanta
829 2561 943 2606 enim
973 2575 995 2605 a
1026 2560 1146 2606 vobis
1173 2560 1217 2604 in
1245 2559 1469 2604 discordiae
1501 2566 1628 2616 gente
