1729 3143
40 1346 43 1423 ἰ

40 1428 43 1493 !

389 242 472 270 Lm.
509 244 556 269 11.
592 242 646 269 DE
678 243 858 271 moninus
890 240 1232 270 MANICHAEORUM.
1416 233 1499 271 577

184 307 316 351 XLV.
350 306 468 360 Quid
489 305 629 352 dicam
649 306 704 351 de
720 305 848 366 lignis
865 316 908 352 et
928 306 1174 363 frondibus,
1193 306 1297 367 quae
1307 315 1502 367 tempore

125 386 342 433 arescunt,
375 393 455 422 nec
477 393 529 422 ex
558 393 609 423 eo
639 393 662 422 a
684 377 805 422 vobis
826 378 911 422 dici
941 387 1122 438 possunt
1144 377 1356 423 deteriora
1377 379 1503 423 fieri?

126 448 177 492 Id
193 450 308 493 enim
332 449 539 493 amittunt
559 464 648 509 quo
668 449 815 493 fumus
832 448 1037 507 gignitur,
1072 449 1118 492 id
1148 457 1292 493 autem
1314 449 1503 494 retinent

125 519 243 563 unde
283 518 426 564 lucida
465 519 640 563 flamma
678 520 898 577 consurgit
918 554 929 574 ,
974 529 1017 564 et
1054 536 1103 564 ea
1139 518 1332 564 claritate
1371 535 1503 580 quam

123 588 313 634 multum
338 588 513 647 diligitis
531 624 541 645 ,
570 589 720 649 purius
741 589 910 633 bonum
930 589 975 632 in
997 588 1253 634 aridioribus
1270 625 1281 645 ,
1301 605 1434 649 quam
1460 591 1504 634 in

123 659 400 704 viridioribus
419 675 509 704 esse
530 668 726 705 testatur.
752 662 816 703 Ex
837 675 926 719 quo
955 661 1032 714 fit,
1064 669 1114 704 ut
1135 669 1210 704 aut
1242 661 1405 718 negetis
1429 660 1505 704 Dei

124 741 291 791 partem
313 732 358 775 in
378 731 477 775 luce
497 747 606 790 pura
637 746 769 791 quam
802 731 844 774 in
874 730 1043 775 fumosa
1070 745 1159 775 esse
1188 731 1393 790 majorem
1413 765 1424 785 ,
1462 739 1506 774 et

123 802 183 846 ita
204 802 348 846 omnia
371 801 634 846 documenta
662 810 800 846 vestra
826 800 1033 857 turbetis,
1067 810 1143 844 aut
1170 799 1393 845 fateamini
1413 802 1506 844 fieri

124 888 263 933 posse,
285 882 333 916 ut
351 872 406 915 de
424 872 629 930 stirpibus
646 870 877 929 amputatis
895 870 964 915 vel
985 870 1157 924 evulsis,
1183 871 1218 915 si
1234 871 1507 916 diuturniore

127 951 320 1002 tempore
341 949 629 1001 reponantur,
661 940 875 1000 copiosius
908 940 1049 999 fugiat
1069 939 1172 983 mali
1195 948 1349 984 natura
1374 956 1506 1000 quam

125 1012 244 1058 boni.
270 1015 368 1066 Quo
391 1026 608 1066 concesso,
633 1010 876 1055 tenebimus
893 1009 947 1054 de
965 1009 1166 1069 frugibus
1187 1011 1344 1069 carptis
1371 1012 1508 1070 majus

126 1083 291 1128 malum
309 1098 432 1142 posse
461 1082 578 1126 abire
604 1116 614 1136 ,
653 1090 782 1141 atque
815 1082 873 1125 ita
889 1080 943 1125 in
966 1080 1168 1125 carnibus
1182 1081 1319 1140 majus
1340 1081 1509 1126 bonum

126 1170 249 1215 posse
270 1168 507 1199 remanere.
533 1155 589 1198 Et
614 1153 698 1197 hoc
727 1152 906 1212 quidem
936 1152 989 1196 de
1007 1161 1203 1210 tempore
1230 1151 1395 1196 dictum
1418 1153 1485 1196 sit.

185 1228 342 1271 XLVI.
377 1228 485 1271 Nam
508 1224 543 1269 si
562 1224 854 1268 commotione
874 1233 917 1268 et
936 1223 1189 1267 subactione
1218 1231 1262 1266 et
1290 1223 1509 1267 attritione

126 1297 283 1341 harum
301 1310 463 1349 rerum,
485 1294 601 1354 fugae
619 1294 887 1339 occasionem
901 1293 1067 1338 invenit
1083 1292 1228 1336 divina
1242 1291 1316 1336 illa
1334 1302 1506 1348 natura,

126 1366 265 1411 multa
298 1381 372 1410 vos
403 1365 557 1409 similia
589 1363 883 1423 redarguunt,
909 1379 1008 1424 quae
1032 1364 1146 1407 fiunt
1167 1361 1383 1408 movendo
1413 1378 1508 1407 me-

128 1437 251 1482 liora.
280 1435 441 1481 Hordei
458 1436 638 1495 quidam
655 1450 783 1480 succo
805 1435 955 1479 vinum
979 1434 1226 1489 imitantur,
1263 1432 1384 1494 quod
1411 1448 1508 1478 mo-

128 1507 270 1553 vendo
287 1508 337 1551 fit
353 1507 581 1566 optimum.
606 1508 715 1550 Sane
734 1504 854 1564 quod
870 1505 1047 1548 minime
1063 1503 1419 1563 praetereundum
1448 1511 1512 1547 est

130 1580 213 1623 hoc
235 1593 370 1637 genus
402 1586 530 1636 potus
554 1576 754 1620 citissime
788 1574 974 1618 inebriat
995 1592 1003 1618 z
1029 1588 1109 1617 nec
1137 1582 1282 1617 tamen
1303 1588 1511 1633 unquam

129 1664 307 1694 succum
335 1648 509 1702 hordei,
547 1647 605 1691 fel
634 1646 880 1705 principum
910 1659 999 1688 esse
1020 1644 1197 1688 dixistis.
1224 1643 1380 1687 Farina
1411 1659 1512 1702 par-

130 1722 245 1766 ciore
263 1735 376 1780 aqua
397 1719 534 1778 perite
551 1717 823 1762 contrahitur
839 1714 970 1775 paulo
987 1714 1138 1758 durius
1159 1749 1170 1769 ,
1201 1723 1251 1758 ut
1269 1713 1512 1772 subigendo

132 1792 206 1835 fiat
228 1789 404 1843 melior,
426 1797 468 1831 et
490 1803 578 1847 quo
607 1786 693 1830 dici
722 1786 961 1845 perversius
988 1783 1097 1828 nihil
1119 1792 1261 1842 potest
1276 1818 1287 1837 ,
1324 1783 1421 1827 luce
1440 1783 1514 1826 fu-

132 1862 276 1920 giente
314 1857 554 1903 candidior.
597 1855 860 1901 Pastillarius
896 1853 1024 1898 mella
1058 1853 1134 1897 diu
1157 1853 1346 1911 subigit,
1385 1862 1435 1896 ut
1463 1853 1517 1897 ad

132 1930 257 1975 illum
280 1929 513 1973 candorem
534 1926 815 1986 perveniant,
852 1933 895 1968 et
920 1923 1064 1966 minus
1086 1922 1258 1966 noxiam
1277 1922 1518 1966 mitiorem-

134 2017 220 2062 que
242 1997 520 2044 dulcedinem
547 2015 555 2040 ε
580 1997 664 2040 hoc
686 1992 909 2054 quomodo
926 1992 1095 2036 eveniat
1108 1991 1226 2035 bono
1248 1990 1514 2046 discedente,

135 2070 344 2116 disserite.
380 2066 509 2121 Quod
533 2066 568 2110 si.
589 2080 678 2109 non
697 2064 791 2109 visu
813 2072 856 2107 et
889 2061 1073 2106 odoratu
1097 2071 1140 2105 et
1161 2069 1290 2119 gustu
1306 2095 1317 2115 ,
1341 2060 1417 2105 sed
1439 2077 1519 2106 au-

137 2139 233 2185 ditu
255 2140 385 2184 etiam
407 2136 622 2181 delectato
645 2133 916 2194 praesentiam
938 2132 1014 2176 Dei
1032 2130 1173 2190 placet
1192 2131 1398 2190 probare,
1420 2146 1520 2176 caro

138 2210 311 2256 citharis
333 2224 488 2253 nervos
504 2243 514 2261 ,
551 2216 595 2250 et
616 2205 730 2250 tibiis
751 2219 843 2248 ossa
865 2202 1063 2261 largitur,
1091 2218 1189 2262 quae
1211 2202 1365 2246 siccata
1388 2210 1432 2245 et
1453 2210 1521 2245 at-

139 2282 240 2326 trita
262 2290 305 2324 et
320 2288 433 2324 torta
450 2292 604 2322 sonora
626 2274 884 2319 redduntur.
906 2277 971 2316 Ita
987 2272 1174 2316 dulcedo
1196 2272 1373 2327 musica,
1389 2286 1523 2332 quam

140 2352 195 2398 dc
224 2352 379 2396 divinis
410 2348 550 2408 regnis
582 2346 746 2391 venisse
777 2343 1063 2399 contenditis,
1095 2343 1221 2387 nohis
1252 2350 1525 2388 mortuarum

141 2423 337 2468 carnium
360 2418 559 2465 sordibus
577 2416 820 2470 exhibetur,
842 2424 885 2459 et
904 2424 1098 2473 tempore
1112 2414 1324 2468 arefactis,
1346 2422 1388 2457 et
1401 2412 1524 2457 attri-

144 2496 261 2540 tione
284 2492 486 2546 tenuatis,
514 2499 556 2534 et
581 2489 764 2533 tortione
787 2486 982 2530 distentis
1012 2504 1021 2530 ε
1052 2485 1212 2545 quibus
1235 2484 1527 2529 afflictationi-

146 2566 227 2610 bus
248 2564 377 2608 etiam
395 2562 449 2605 de
461 2561 590 2605 rebus
605 2556 849 2604 viventibus
863 2556 1054 2601 divinam
1072 2555 1355 2632 substantiam
1373 2554 1522 2612 fugere

283 2633 469 2664 cxxxiv.
1286 2628 1331 2653 οι
