1729 3143
319 212 404 241 LIB·
439 213 470 240 1.
506 214 560 241 DE
592 214 776 242 MORIBUS
808 215 1007 243 ECCLESIAE
1037 212 1294 244 cATHOLICAE.
1421 202 1504 245 509

182 277 321 321 XXV.
342 277 472 331 Quod
488 278 523 322 si
542 279 678 323 virtus
701 278 756 323 ad
779 278 950 324 beatam
972 278 1105 324 vitam
1127 295 1206 324 nos
1227 279 1372 334 ducit,
1394 279 1506 324 nihil

123 347 301 391 omnino
327 363 416 392 esse
445 348 652 393 virtutem
675 349 977 393 affirmaverim
994 384 1005 405 ,
1030 350 1111 394 nisi
1137 365 1357 395 summum
1382 364 1503 394 amo-

0 470 8 485 ?
42 413 54 451 'J
121 431 213 460 rem
234 418 325 461 Dei.
349 420 546 478 Namque
564 419 674 463 illud
695 419 815 478 quod
837 420 1152 479 quadripartita
1174 421 1332 465 dicitur
1349 420 1502 475 virtus,

121 488 315 547 exipsius
328 490 484 534 amoris
498 491 615 535 vario
627 489 820 550 quodam
839 491 1002 536 affectu
1018 527 1028 547 ,
1053 501 1268 551 quantum
1282 491 1480 550 intelligo
1492 526 1503 547 ,

121 558 295 603 dicitur.
321 554 474 620 Itaque
495 559 590 605 illas
612 570 800 621 quatuor
821 561 1026 617 virtutes,
1051 578 1236 623 quarum
1261 563 1428 608 utinam
1447 563 1507 606 ita

119 630 173 674 sit
194 630 241 674 in
262 631 482 675 mentibus
502 632 587 687 vis,
620 641 670 676 ut
694 632 871 677 nomina
895 633 940 676 in
969 648 1042 677 ore
1069 643 1172 678 sunt
1199 634 1395 679 omnium
1410 668 1422 689 ,
1447 632 1507 677 sic

119 700 253 745 etiam
273 700 454 745 definire
475 718 566 747 non
588 702 786 747 dubitem
803 738 814 757 ,
840 711 890 747 ut
909 704 1212 762 Temperantia
1234 706 1287 749 sit
1303 719 1424 749 amor
1439 703 1508 748 in-

119 779 291 828 tegrum
311 785 355 815 se
376 772 577 830 praebens
598 773 637 817 ei
659 772 781 831 quod
801 781 997 817 amatur:
1019 771 1251 816 Fortitudo
1268 807 1279 827 ,
1304 788 1425 818 arnor
1438 773 1507 818 sa-

118 840 200 884 cile
221 841 410 886 tolerans
431 844 577 887 omnia
598 852 776 899 propter
797 843 917 900 quod
939 849 1107 885 amatur
1129 860 1138 886 :
1159 843 1332 888 Justitia
1349 878 1360 899 ,
1386 859 1508 889 amor

119 910 200 954 soli
223 920 366 955 amato
399 911 614 965 serviens,
639 919 683 954 et
711 919 939 970 propterea
969 920 1085 956 recte
1108 911 1367 958 dominans:
1396 918 1507 960 P1u-

119 979 295 1036 dentia,
322 995 443 1024 amor
464 995 513 1024 ea
536 945 694 1045 quibus
719 982 949 1040 adjuvatur
977 982 1031 1026 ab
1054 983 1113 1027 eis
1135 984 1295 1044 quibus
1317 984 1507 1044 impedi-

119 1059 220 1106 tur,
246 1051 452 1109 sagaciter
474 1050 670 1110 seligens.
699 1052 784 1097 Sed
802 1053 919 1097 hunc
941 1068 1131 1099 amorem
1149 1070 1237 1100 non
1257 1055 1505 1116 cujuslibet,

119 1121 196 1167 sed
226 1122 304 1166 Dei
325 1137 415 1166 esse
438 1121 650 1177 diximus,
676 1122 722 1166 id
749 1132 840 1177 est,
869 1125 1028 1168 summi
1056 1125 1190 1181 boni,
1226 1141 1408 1170 summae
1437 1143 1507 1172 sa-

119 1192 295 1252 pientiae
324 1207 594 1252 summaeque
626 1192 886 1236 concordiae.
914 1196 1058 1246 Quare
1088 1194 1270 1239 definire
1291 1196 1421 1241 etiam
1448 1197 1508 1243 sic

118 1263 248 1319 licet,
274 1272 323 1307 ut
343 1263 692 1322 Temperantiam
722 1262 916 1308 dicamus
941 1279 1061 1322 esse,
1087 1281 1278 1310 amorem
1306 1270 1395 1312 Deo
1420 1283 1509 1313 sese

47 1341 51 1352 '
119 1335 336 1392 integrum
349 1333 743 1393 incorruptumque
756 1343 997 1379 servantem
1011 1354 1020 1379 ε
1034 1336 1373 1393 Fortitudinem,
1392 1354 1509 1384 amo-

119 1420 212 1449 rem
233 1405 377 1449 omnia
400 1413 578 1464 propter
600 1407 740 1448 Deum
763 1402 887 1448 facile
908 1404 1198 1463 perferentem
1225 1426 1234 1451 :
1261 1408 1481 1452 Justitiam
1495 1443 1506 1465 ,

121 1490 311 1521 amorem
333 1478 424 1520 Deo
445 1484 617 1519 tantum
639 1474 896 1519 servientem
914 1509 926 1530 ,
961 1484 1004 1519 et
1033 1476 1090 1520 ob
1116 1476 1199 1520 hoc
1226 1477 1337 1521 bene
1366 1478 1508 1537 impe—

121 1555 289 1592 rantem
317 1546 483 1591 caeteris
511 1561 611 1605 quae
629 1544 796 1590 homini
820 1545 1013 1605 subjecta
1030 1555 1131 1591 sunt
1152 1566 1160 1592 :
1189 1547 1473 1593 Prudentiam
1494 1584 1506 1605 ,

121 1633 314 1662 amorem
336 1618 448 1661 bene
465 1615 783 1661 discernentem
801 1631 850 1660 ea
869 1616 1030 1677 quibus
1047 1616 1276 1677 adjuvetur
1289 1619 1335 1663 in
1349 1621 1505 1675 Deum,

121 1689 176 1732 ab
196 1688 246 1732 iis
265 1689 425 1748 quibus
443 1686 642 1746 impediri
664 1695 821 1746 potest.

177 1761 340 1803 XXVI.
369 1758 444 1803 His
466 1757 521 1802 de
542 1757 718 1816 singulis
739 1757 974 1802 virtutibus
997 1758 1176 1818 quinam
1206 1758 1381 1804 vivendi
1412 1775 1510 1806 mo-

121 1830 202 1875 dus
224 1829 437 1885 ducatur,
473 1829 621 1889 paucis
643 1828 869 1888 explicabo
887 1864 897 1884 ,
923 1829 957 1873 si
979 1830 1097 1889 prius
1119 1830 1375 1875 testimoniis
1398 1832 1509 1878 Novi

123 1902 388 1947 Testamenti
406 1936 417 1957 ,
442 1901 600 1961 quibus
617 1909 718 1945 utor
728 1901 818 1960 jam
841 1899 918 1945 diu
934 1937 945 1958 ,
970 1900 1025 1945 de
1048 1902 1194 1945 Veteri
1212 1902 1342 1946 etiam
1358 1903 1478 1961 paria
1495 1937 1506 1958 ,

120 1982 171 2017 ut
199 1972 418 2032 pollicitus
448 1987 569 2027 sum,
595 1986 916 2030 comparavero.
950 1973 1065 2016 Num
1088 1971 1204 2015 enim
1230 1971 1389 2016 Paulus
1411 1981 1510 2017 tan-

122 2052 216 2087 tum
256 2043 391 2087 dicit:
413 2044 503 2086 Deo
535 2056 614 2085 nos
647 2056 736 2085 esse
764 2040 924 2085 debere
953 2041 1207 2100 subjunctos
1225 2043 1238 2067 1
1258 2076 1269 2097 ,
1307 2042 1365 2086 ita
1388 2050 1437 2086 ut
1464 2042 1511 2086 in

122 2114 269 2159 medio
290 2111 411 2174 quod
435 2121 602 2171 separet
623 2110 733 2154 nihil
757 2111 810 2154 sit
827 2113 873 2152 2?
893 2113 1048 2157 Nonne
1073 2121 1116 2156 et
1146 2113 1362 2171 Propheta
1391 2127 1513 2157 com-

125 2184 371 2230 modissime
392 2184 475 2227 hoc
493 2191 536 2226 et
558 2181 806 2225 brevissime
823 2181 1035 2240 significat
1047 2217 1058 2236 ,
1081 2198 1182 2227 cum
1199 2182 1305 2227 dicit
1325 2201 1334 2228 z
1363 2200 1383 2224 α
1401 2183 1511 2228 Mihi

126 2275 148 2298 »
175 2264 319 2300 autem
354 2254 573 2298 adhaerere
610 2255 699 2296 Deo
730 2252 897 2296 bonum
920 2253 1046 2296 estssp
1070 2271 1090 2293 »
1128 2255 1281 2297 Nonne
1302 2251 1422 2312 quod
1448 2252 1511 2297 ibi

124 2320 336 2371 latissime'
352 2325 406 2369 de
435 2323 643 2368 charitate
664 2321 831 2366 dictum
854 2330 915 2366 est
931 2356 942 2373 ‚
968 2322 1037 2366 hic
1055 2338 1144 2367 uno
1164 2323 1298 2367 verbo
1318 2323 1510 2368 contine—

125 2407 198 2442 tur
220 2395 339 2455 quod
362 2396 420 2439 ait
443 2414 451 2439 ε
482 2415 502 2436 «
530 2394 775 2438 Inhcerere‘?
800 2410 819 2433 »
857 2394 966 2436 Item
996 2392 1114 2451 quod
1151 2392 1319 2437 addidit
1338 2427 1349 2448 ,
1381 2412 1400 2435 «
1425 2394 1509 2437 bo-

129 2486 150 2510 »
175 2482 284 2512 num
307 2475 396 2522 est,
425 2484 445 2508 »
472 2480 616 2510 nonne
641 2464 696 2509 ad
718 2463 827 2507 illud
850 2463 1049 2522 respicit,
1075 2463 1195 2523 quod
1227 2463 1288 2508 ibi
1319 2463 1508 2524 positum

175 2560 182 2576 ¹
209 2564 222 2585 1
251 2555 323 2587 Gor.
343 2563 397 2594 xv,
416 2561 469 2594 27.
491 2569 532 2577 —-
550 2557 561 2574 ²
581 2553 672 2585 Rom¹
695 2560 770 2591 xm,
791 2549 846 2581 35,
867 2566 907 2572 —
926 2546 938 2571 3
957 2547 1036 2581 Psal.
1057 2557 1159 2591 Lxxu,
1186 2549 1240 2582 28.
