1729 3143
501 186 555 213 ms
586 184 755 223 quun
788 182 930 212 raum.
1327 172 1409 213 143

31 250 152 312 quod
172 259 283 295 esset
304 266 406 310 ager
427 252 646 310 sanguinis
672 269 682 294 ι
707 259 905 294 secutum
933 258 996 293 est
1017 250 1132 293 enim
1163 257 1215 292 ut
1241 247 1410 293 dicere,-

31 330 104 365 tur
128 340 138 366 t
167 340 187 364 «
212 322 309 365 Fiat
329 321 429 365 villa
451 323 540 381 ejus
562 321 730 364 deserta
746 322 777 363 ¹.
804 338 824 360 »
853 322 894 365 Si
918 321 1032 363 enirn
1056 319 1110 363 ad
1128 319 1287 363 Judam
1310 334 1412 378 per-

29 391 168 445 tines,
206 392 240 435 si
265 390 376 436 facta
408 393 498 450 ejus
528 391 705 434 imitaris
725 424 736 444 ‚
768 390 803 433 si
841 392 1092 447 sanguinem
1130 389 1290 435 Christi
1323 404 1413 433 non

28 477 130 506 cum
152 462 306 506 timore
336 472 379 506 et
406 471 594 505 tremore
616 460 800 519 accipi53
832 461 912 503 eris
939 460 1039 504 villa
1062 460 1249 514 deserta,
1275 459 1413 503 male-

29 530 172 586 dicta,
213 533 395 591 reproba
431 541 474 575 et
501 532 687 590 spinosa.
722 531 764 575 Si
791 539 936 573 autem
965 531 1219 588 sanguinem
1254 530 1416 575 Christi

30 611 120 646 tota
141 617 239 646 eum
259 603 496 646 reverentia
518 602 699 661 percipis
717 637 728 657 ‚
750 616 985 659 cognosces
1005 616 1079 659 per
1097 601 1221 644 illum
1243 613 1314 644 tua
1336 600 1414 645 tibi

30 670 189 714 dimitti
209 681 385 730 peccata
402 707 414 722 ,
444 673 651 731 quoniam
675 688 777 731 ager
799 671 872 715 ille
896 687 1027 731 quem
1046 671 1312 729 comparavit
1335 674 1419 714 Ju-

29 741 129 796 das,
159 742 283 801 figuli
310 742 453 787 dictus
475 752 538 786 est
566 762 574 788 :
610 762 630 785 «
661 745 804 787 Habet
825 752 1081 801 potestatem
1114 742 1275 799 figulus
1303 741 1413 796 luti,

31 829 53 853 »
79 827 129 855 ex
150 812 300 856 eadem
329 814 634 873 consparsione
657 813 776 857 aliud
799 813 974 873 quidem
1003 829 1076 857 vas
1101 812 1244 856 facere
1271 813 1316 855 in
1338 812 1419 856 ho·-

31 898 53 923 »
77 897 227 926 norem
245 917 257 935 ‚
282 882 402 927 aliud
423 885 469 927 in
490 884 802 928 contumeliam
822 885 853 926 ².
883 902 903 924 »
936 885 974 926 O
1000 892 1115 926 terra
1138 892 1261 925 tanto
1284 882 1419 938 rigata

26 953 237 1010 sanguine
253 988 264 1007 ‚
292 955 506 1012 responde
523 963 645 998 tanto
663 954 889 1013 sanguini,
914 969 1005 996 non
1021 953 1132 996 sicut
1149 954 1261 996 Cain
1279 960 1322 994 et
1339 953 1419 994 Ju-

25 1021 101 1065 das
124 1023 254 1066 verba
285 1025 600 1076 excusationis,
626 1024 701 1068 sed
733 1026 845 1068 sicut
878 1024 1014 1067 sancti
1043 1027 1255 1080 Martyres
1285 1021 1419 1065 verba

25 1089 323 1133 confessionis.
346 1088 578 1147 Responde
600 1090 712 1133 sicut
732 1088 954 1145 respondit
976 1088 1129 1131 beatus
1156 1091 1418 1147 Stephanus,

26 1158 103 1218 qui
121 1160 166 1201 in
189 1159 272 1202 isto
294 1173 395 1215 agro
414 1158 635 1203 dominico
656 1167 705 1201 ut
729 1159 870 1202 bonus
894 1157 1074 1201 colonus
1099 1158 1335 1216 plurimum
1356 1159 1422 1203 la·

26 1228 226 1272 borando
243 1244 355 1285 genu
372 1229 466 1272 fixit
483 1264 494 1286 ,
519 1237 650 1288 atque
672 1228 727 1272 de
746 1237 859 1272 terra
875 1237 1048 1287 petrosa
1065 1228 1341 1282 vulneratus,
1367 1245 1421 1273 ex

29 1313 78 1342 ea
110 1297 276 1357 lapides
303 1299 350 1341 in
377 1314 455 1342 suo
480 1314 662 1358 corpore
685 1307 897 1358 tanquam
918 1298 964 1340 in
987 1297 1086 1341 sinu
1107 1314 1186 1342 suo
1207 1297 1384 1355 collegit
1408 1317 1418 1344 ι

31 1376 75 1412 et
109 1367 311 1412 sudando
346 1368 393 1411 in
424 1383 577 1427 opere,
611 1377 770 1412 terram
805 1377 956 1412 sancto
990 1368 1203 1426 sanguine
1240 1368 1421 1425 rigando

28 1447 262 1482 centenum
284 1437 477 1482 fructum
496 1455 546 1482 ex
568 1438 775 1495 martyrio
794 1437 980 1482 Domino
999 1438 1291 1495 praesentavit.
1314 1440 1422 1481 Res-

28 1507 175 1567 ponde
196 1510 308 1552 sicut
325 1508 548 1568 respondit
570 1508 814 1567 Cyprianus
831 1543 842 1563 ,
868 1509 1128 1552 Laurentius
1149 1543 1159 1563 ‚
1185 1509 1420 1567 caeterique

29 1580 167 1623 sancti
190 1580 312 1638 pueri
334 1590 377 1624 et
400 1579 556 1639 puellae
571 1614 582 1634 ‚
608 1589 711 1623 aetas
731 1579 872 1624 omnis
894 1589 937 1623 et
959 1590 1144 1638 uterque
1162 1595 1287 1622 sexus
1307 1613 1317 1634 ,
1343 1579 1420 1638 qui

31 1649 316 1708 percipientes
334 1651 587 1709 sanguinem
606 1650 792 1705 Christi,
812 1649 1110 1693 testimonium
1130 1650 1321 1693 dicentes
1336 1684 1347 1703 ‚
1377 1658 1422 1694 et

30 1734 120 1763 non
142 1730 349 1779 negantes
386 1736 544 1765 nomen
580 1721 770 1774 Christi,
807 1735 886 1779 pro
915 1720 1126 1777 sanguine
1147 1735 1279 1779 quem
1303 1720 1423 1763 bibe-

30 1799 135 1834 runt
158 1825 170 1845 ‚
205 1792 464 1850 sanguinem
500 1807 627 1836 suum
656 1791 842 1835 fundere
874 1807 963 1835 nou
995 1791 1339 1845 dubitaverunt,
1364 1791 1422 1835 si-

32 1859 212 1920 mulque
241 1877 340 1905 cum
373 1866 586 1921 Perpetua
608 1871 652 1906 et
680 1861 906 1906 Felicitate
927 1862 973 1906 in
996 1872 1211 1906 aeternum
1239 1876 1422 1920 regnare

30 1941 302 1976 meruerunt.
330 1935 423 1977 Hoc
459 1932 505 1975 in
532 1931 794 1992 Apocalypsi
822 1932 1042 1978 revelante
1064 1933 1260 1992 Angelo‚
1286 1936 1423 1977 Joan-

31 2015 107 2044 nes
132 2002 281 2046 «Vidit
302 2003 478 2047 turbam
498 2004 684 2048 multam
705 2038 716 2059 ‚
741 2019 875 2064 quam
891 2004 1168 2048 dinumerare
1189 2019 1319 2048 nemo
1338 2019 1419 2062 po-

34 2088 56 2112 »
79 2079 190 2114 terat
212 2074 244 2114 3.
272 2090 292 2112 »
335 2076 458 2117 Hanc
495 2074 719 2133 requirens
755 2090 958 2135 quaenam
987 2084 1124 2129 esset,
1167 2089 1422 2134 responsum

33 2139 118 2185 tale
138 2142 304 2201 accepit
328 2161 337 2186 t
369 2162 389 2184 «
418 2143 473 2186 Hi
495 2154 597 2187 sunt
614 2179 625 2198 ‚
651 2145 819 2189 dictum
841 2155 904 2190 est
921 2181 933 2201 7
958 2146 1034 2206 qui
1061 2146 1263 2190 laverunt
1292 2145 1423 2190 stolas

37 2229 58 2253 »
82 2227 179 2256 suas
194 2247 205 2267 ,
229 2221 273 2256 et
295 2213 500 2257 candidas
522 2229 592 2258 eas
613 2213 812 2259 iecerunt
834 2216 881 2259 in
901 2217 1113 2275 sanguine
1132 2217 1247 2276 Agni
1264 2217 1293 2260 4.
1311 2234 1332 2257 »

4 2328 20 2349 ,ζ’
94 2284 172 2325 VI.
207 2285 304 2326 ,Iam
328 2284 537 2342 agnosci3‚
556 2285 697 2329 anima
719 2285 968 2341 christiana,
992 2287 1365 2346 quemadmodum
1381 2296 1425 2331 et

5 2365 17 2404 g
35 2360 85 2396 tu
107 2367 158 2395 ex
178 2352 254 2397 illo
274 2355 484 2412 sanguine
506 2355 702 2400 efficiaris
725 2356 906 2400 candida
920 2392 930 2412 ‚
957 2367 1007 2401 ut
1024 2358 1165 2402 omnis
1183 2367 1226 2402 et
1243 2373 1423 2418 corpore

5 2405 81 2478 {et
101 2423 232 2468 corde
255 2425 437 2483 pulchra
459 2427 664 2472 ascendas
692 2426 747 2472 de
768 2427 892 2472 fonte
921 2428 1083 2474 Christi
1109 2438 1359 2474 consecrata
1379 2429 1426 2473 in

5 2477 37 2536 ἕ
90 2509 103 2530 ¹
124 2510 212 2551 Acti,
229 2517 283 2543 20.
304 2527 346 2533 -—
362 2516 374 2532 ²
394 2513 484 2544 Rom.
501 2522 546 2554 ix,
565 2520 620 2545 21.
638 2529 679 2536 -—
694 2510 707 2536 3
726 2514 825 2555 Apoc.
847 2524 906 2556 vu,
925 2524 959 2556 9.
979 2530 1021 2537 —
1036 2512 1152 2547 41bid.
1172 2514 1224 2557 14.
