<?xml version="1.0" encoding="UTF-8"?>
<!DOCTYPE html PUBLIC "-//W3C//DTD XHTML 1.0 Transitional//EN"
    "http://www.w3.org/TR/xhtml1/DTD/xhtml1-transitional.dtd">
<html xmlns="http://www.w3.org/1999/xhtml" xml:lang="en" lang="en">
 <head>
  <title>
</title>
<meta http-equiv="Content-Type" content="text/html;charset=utf-8" />
  <meta name='ocr-system' content='tesseract 3.04.00' />
  <meta name='ocr-capabilities' content='ocr_page ocr_carea ocr_par ocr_line ocrx_word'/>
</head>
<body>
  <div class='ocr_page' id='page_1' title='image "./operaomniaaccura27auguuoft/operaomniaaccura27auguuoft_0299.png"; bbox 0 0 1729 3143; ppageno 0'>
   <div class='ocr_carea' id='block_1_1' title="bbox 62 123 1445 284">
    <p class='ocr_par' dir='ltr' id='par_1_1' title="bbox 62 123 1445 284">
     <span class='ocr_line' id='line_1_1' title="bbox 213 123 1440 268; baseline -0.004 -80"><span class='ocrx_word' id='word_1_1' title='bbox 213 123 299 268; x_wconf 47' lang='grc' dir='ltr'>ἐξ</span> <span class='ocrx_word' id='word_1_2' title='bbox 415 161 467 187; x_wconf 74' lang='lat' dir='ltr'>nn</span> <span class='ocrx_word' id='word_1_3' title='bbox 499 161 649 188; x_wconf 70' lang='lat' dir='ltr'>menno</span> <span class='ocrx_word' id='word_1_4' title='bbox 681 160 896 198; x_wconf 64' lang='lat' dir='ltr'>annnam,</span> <span class='ocrx_word' id='word_1_5' title='bbox 930 161 1014 187; x_wconf 74' lang='lat' dir='ltr'>Lm.</span> <span class='ocrx_word' id='word_1_6' title='bbox 1052 161 1080 185; x_wconf 86' lang='lat'>1.</span> <span class='ocrx_word' id='word_1_7' title='bbox 1358 145 1440 184; x_wconf 76' lang='lat'>287</span> 
     </span>
     <span class='ocr_line' id='line_1_2' title="bbox 62 219 1445 284; baseline -0.004 -15"><span class='ocrx_word' id='word_1_8' title='bbox 62 224 219 284; x_wconf 86' lang='lat' dir='ltr'>poralis</span> <span class='ocrx_word' id='word_1_9' title='bbox 288 259 297 268; x_wconf 88' lang='lat'><strong>.</strong></span> <span class='ocrx_word' id='word_1_10' title='bbox 330 219 407 269; x_wconf 69' lang='lat' dir='ltr'>Est</span> <span class='ocrx_word' id='word_1_11' title='bbox 434 224 503 269; x_wconf 90' lang='lat' dir='ltr'>dic</span> <span class='ocrx_word' id='word_1_12' title='bbox 533 225 666 280; x_wconf 88' lang='lat' dir='ltr'>mihi,</span> <span class='ocrx_word' id='word_1_13' title='bbox 701 234 849 269; x_wconf 86' lang='lat' dir='ltr'>utrum</span> <span class='ocrx_word' id='word_1_14' title='bbox 880 224 1165 269; x_wconf 84' lang='lat' dir='ltr'>certissimum</span> <span class='ocrx_word' id='word_1_15' title='bbox 1187 224 1240 266; x_wconf 85' lang='lat' dir='ltr'>sit</span> <span class='ocrx_word' id='word_1_16' title='bbox 1262 221 1341 266; x_wconf 83' lang='lat' dir='ltr'>tibi</span> <span class='ocrx_word' id='word_1_17' title='bbox 1376 221 1445 264; x_wconf 91' lang='lat' dir='ltr'>vi-</span> 
     </span>
    </p>
   </div>
   <div class='ocr_carea' id='block_1_2' title="bbox 62 272 1467 2547">
    <p class='ocr_par' dir='ltr' id='par_1_2' title="bbox 62 272 1467 2547">
     <span class='ocr_line' id='line_1_3' title="bbox 63 272 1446 357; baseline -0.003 -19"><span class='ocrx_word' id='word_1_18' title='bbox 63 310 161 339; x_wconf 89' lang='lat' dir='ltr'>vere</span> <span class='ocrx_word' id='word_1_19' title='bbox 178 304 220 339; x_wconf 90' lang='lat' dir='ltr'>te</span> <span class='ocrx_word' id='word_1_20' title='bbox 233 272 325 339; x_wconf 68' lang='lat' dir='ltr'>‘²¹⁴E.</span> <span class='ocrx_word' id='word_1_21' title='bbox 352 298 445 341; x_wconf 92' lang='lat' dir='ltr'>Hoc</span> <span class='ocrx_word' id='word_1_22' title='bbox 462 312 563 340; x_wconf 87' lang='lat' dir='ltr'>vero</span> <span class='ocrx_word' id='word_1_23' title='bbox 586 295 694 357; x_wconf 90' lang='lat' dir='ltr'>quid</span> <span class='ocrx_word' id='word_1_24' title='bbox 709 295 868 340; x_wconf 88' lang='lat' dir='ltr'>certius</span> <span class='ocrx_word' id='word_1_25' title='bbox 890 294 1211 355; x_wconf 81' lang='lat' dir='ltr'><strong>responderim?</strong></span> <span class='ocrx_word' id='word_1_26' title='bbox 1232 295 1285 337; x_wconf 87' lang='lat' dir='ltr'>A.</span> <span class='ocrx_word' id='word_1_27' title='bbox 1312 289 1446 346; x_wconf 81' lang='lat' dir='ltr'>Quid,</span> 
     </span>
     <span class='ocr_line' id='line_1_4' title="bbox 62 362 1451 425; baseline -0.003 -16"><span class='ocrx_word' id='word_1_28' title='bbox 62 364 173 410; x_wconf 87' lang='lat' dir='ltr'>illud</span> <span class='ocrx_word' id='word_1_29' title='bbox 195 375 415 425; x_wconf 87' lang='lat' dir='ltr'>potest-ne</span> <span class='ocrx_word' id='word_1_30' title='bbox 437 367 702 424; x_wconf 81' lang='lat' dir='ltr'>dignoscere,</span> <span class='ocrx_word' id='word_1_31' title='bbox 735 364 855 409; x_wconf 86' lang='lat' dir='ltr'>aliud</span> <span class='ocrx_word' id='word_1_32' title='bbox 876 381 966 410; x_wconf 89' lang='lat' dir='ltr'>esse</span> <span class='ocrx_word' id='word_1_33' title='bbox 988 366 1153 420; x_wconf 86' lang='lat' dir='ltr'>vivere,</span> <span class='ocrx_word' id='word_1_34' title='bbox 1178 362 1298 408; x_wconf 88' lang='lat' dir='ltr'>aliud</span> <span class='ocrx_word' id='word_1_35' title='bbox 1325 376 1451 406; x_wconf 89' lang='lat' dir='ltr'>nosse</span> 
     </span>
     <span class='ocr_line' id='line_1_5' title="bbox 64 432 1452 497; baseline -0.003 -17"><span class='ocrx_word' id='word_1_36' title='bbox 64 451 108 480; x_wconf 94' lang='lat' dir='ltr'>se</span> <span class='ocrx_word' id='word_1_37' title='bbox 128 437 301 481; x_wconf 81' lang='lat' dir='ltr'>vivere?</span> <span class='ocrx_word' id='word_1_38' title='bbox 323 440 374 482; x_wconf 88' lang='lat' dir='ltr'>E.</span> <span class='ocrx_word' id='word_1_39' title='bbox 403 438 499 482; x_wconf 87' lang='lat' dir='ltr'>Scio</span> <span class='ocrx_word' id='word_1_40' title='bbox 519 437 698 497; x_wconf 90' lang='lat' dir='ltr'>quidem</span> <span class='ocrx_word' id='word_1_41' title='bbox 719 436 939 480; x_wconf 89' lang='lat' dir='ltr'>neminem</span> <span class='ocrx_word' id='word_1_42' title='bbox 960 451 1004 480; x_wconf 90' lang='lat' dir='ltr'>se</span> <span class='ocrx_word' id='word_1_43' title='bbox 1026 450 1150 479; x_wconf 92' lang='lat' dir='ltr'>nosse</span> <span class='ocrx_word' id='word_1_44' title='bbox 1171 435 1316 480; x_wconf 87' lang='lat' dir='ltr'>vivere</span> <span class='ocrx_word' id='word_1_45' title='bbox 1334 468 1346 490; x_wconf 92' lang='lat'>‚</span> <span class='ocrx_word' id='word_1_46' title='bbox 1369 432 1452 478; x_wconf 90' lang='lat' dir='ltr'>nisi</span> 
     </span>
     <span class='ocr_line' id='line_1_6' title="bbox 63 504 1448 566; baseline -0.003 -14"><span class='ocrx_word' id='word_1_47' title='bbox 63 508 280 552; x_wconf 83' lang='lat' dir='ltr'>viventem</span> <span class='ocrx_word' id='word_1_48' title='bbox 303 529 315 566; x_wconf 74' lang='lat'>3</span> <span class='ocrx_word' id='word_1_49' title='bbox 355 508 430 553; x_wconf 92' lang='lat' dir='ltr'>sed</span> <span class='ocrx_word' id='word_1_50' title='bbox 461 516 610 552; x_wconf 87' lang='lat' dir='ltr'>utrum</span> <span class='ocrx_word' id='word_1_51' title='bbox 638 508 776 551; x_wconf 84' lang='lat' dir='ltr'>omnis</span> <span class='ocrx_word' id='word_1_52' title='bbox 809 506 959 550; x_wconf 86' lang='lat' dir='ltr'>vivens</span> <span class='ocrx_word' id='word_1_53' title='bbox 993 506 1164 550; x_wconf 85' lang='lat' dir='ltr'>noverit</span> <span class='ocrx_word' id='word_1_54' title='bbox 1197 521 1241 550; x_wconf 92' lang='lat' dir='ltr'>se</span> <span class='ocrx_word' id='word_1_55' title='bbox 1274 504 1419 549; x_wconf 82' lang='lat' dir='ltr'>vivere</span> <span class='ocrx_word' id='word_1_56' title='bbox 1436 537 1448 559; x_wconf 88' lang='lat'>‚</span> 
     </span>
     <span class='ocr_line' id='line_1_7' title="bbox 65 577 1454 637; baseline -0.001 -17"><span class='ocrx_word' id='word_1_57' title='bbox 65 577 234 637; x_wconf 88' lang='lat' dir='ltr'>ignoro.</span> <span class='ocrx_word' id='word_1_58' title='bbox 260 582 314 623; x_wconf 88' lang='lat' dir='ltr'>A.</span> <span class='ocrx_word' id='word_1_59' title='bbox 335 581 475 632; x_wconf 87' lang='lat' dir='ltr'>Quam</span> <span class='ocrx_word' id='word_1_60' title='bbox 492 577 648 623; x_wconf 85' lang='lat' dir='ltr'>vellem</span> <span class='ocrx_word' id='word_1_61' title='bbox 665 586 715 636; x_wconf 82' lang='lat' dir='ltr'>ut</span> <span class='ocrx_word' id='word_1_62' title='bbox 736 577 875 622; x_wconf 88' lang='lat' dir='ltr'>credis</span> <span class='ocrx_word' id='word_1_63' title='bbox 893 612 905 633; x_wconf 85' lang='lat'>,</span> <span class='ocrx_word' id='word_1_64' title='bbox 930 577 991 620; x_wconf 89' lang='lat' dir='ltr'>ita</span> <span class='ocrx_word' id='word_1_65' title='bbox 1008 577 1138 631; x_wconf 86' lang='lat' dir='ltr'>etiam</span> <span class='ocrx_word' id='word_1_66' title='bbox 1153 577 1278 620; x_wconf 84' lang='lat' dir='ltr'><strong>scires</strong></span> <span class='ocrx_word' id='word_1_67' title='bbox 1296 589 1454 635; x_wconf 89' lang='lat' dir='ltr'>pecora</span> 
     </span>
     <span class='ocr_line' id='line_1_8' title="bbox 66 647 1454 707; baseline -0.003 -14"><span class='ocrx_word' id='word_1_68' title='bbox 66 664 212 694; x_wconf 85' lang='lat' dir='ltr'>carere</span> <span class='ocrx_word' id='word_1_69' title='bbox 233 649 428 706; x_wconf 68' lang='lat' dir='ltr'>ratione3</span> <span class='ocrx_word' id='word_1_70' title='bbox 462 649 548 693; x_wconf 92' lang='lat' dir='ltr'>cito</span> <span class='ocrx_word' id='word_1_71' title='bbox 579 657 726 694; x_wconf 91' lang='lat' dir='ltr'>nostra</span> <span class='ocrx_word' id='word_1_72' title='bbox 758 647 996 707; x_wconf 88' lang='lat' dir='ltr'>disputatio</span> <span class='ocrx_word' id='word_1_73' title='bbox 1025 647 1080 691; x_wconf 92' lang='lat' dir='ltr'>ab</span> <span class='ocrx_word' id='word_1_74' title='bbox 1109 647 1190 691; x_wconf 85' lang='lat' dir='ltr'>ista</span> <span class='ocrx_word' id='word_1_75' title='bbox 1212 647 1454 706; x_wconf 73' lang='lat' dir='ltr'>quaestione</span> 
     </span>
     <span class='ocr_line' id='line_1_9' title="bbox 66 717 1456 780; baseline -0.003 -16"><span class='ocrx_word' id='word_1_76' title='bbox 66 721 268 764; x_wconf 83' lang='lat' dir='ltr'>transiret</span> <span class='ocrx_word' id='word_1_77' title='bbox 293 739 302 764; x_wconf 76' lang='grc' dir='ltr'>ε</span> <span class='ocrx_word' id='word_1_78' title='bbox 327 720 401 764; x_wconf 91' lang='lat' dir='ltr'>sed</span> <span class='ocrx_word' id='word_1_79' title='bbox 428 720 637 780; x_wconf 82' lang='lat' dir='ltr'>quoniam</span> <span class='ocrx_word' id='word_1_80' title='bbox 664 720 828 764; x_wconf 89' lang='lat' dir='ltr'>nescire</span> <span class='ocrx_word' id='word_1_81' title='bbox 856 728 901 763; x_wconf 90' lang='lat' dir='ltr'>te</span> <span class='ocrx_word' id='word_1_82' title='bbox 929 718 1036 763; x_wconf 92' lang='lat' dir='ltr'>dicis</span> <span class='ocrx_word' id='word_1_83' title='bbox 1052 753 1067 773; x_wconf 90' lang='lat'><em>,</em></span> <span class='ocrx_word' id='word_1_84' title='bbox 1090 717 1266 776; x_wconf 86' lang='lat' dir='ltr'>longam</span> <span class='ocrx_word' id='word_1_85' title='bbox 1289 732 1456 761; x_wconf 90' lang='lat' dir='ltr'>sermo-</span> 
     </span>
     <span class='ocr_line' id='line_1_10' title="bbox 67 789 1456 851; baseline -0.003 -16"><span class='ocrx_word' id='word_1_86' title='bbox 67 791 328 835; x_wconf 80' lang='lat' dir='ltr'>cinationem</span> <span class='ocrx_word' id='word_1_87' title='bbox 349 807 510 836; x_wconf 83' lang='lat' dir='ltr'>moves.</span> <span class='ocrx_word' id='word_1_88' title='bbox 532 794 684 851; x_wconf 86' lang='lat' dir='ltr'>Neque</span> <span class='ocrx_word' id='word_1_89' title='bbox 707 791 824 835; x_wconf 88' lang='lat' dir='ltr'>enim</span> <span class='ocrx_word' id='word_1_90' title='bbox 846 789 944 834; x_wconf 85' lang='lat' dir='ltr'>talis</span> <span class='ocrx_word' id='word_1_91' title='bbox 962 805 1027 833; x_wconf 88' lang='lat' dir='ltr'>res</span> <span class='ocrx_word' id='word_1_92' title='bbox 1049 797 1114 833; x_wconf 85' lang='lat' dir='ltr'>est</span> <span class='ocrx_word' id='word_1_93' title='bbox 1130 823 1141 843; x_wconf 91' lang='lat'>,</span> <span class='ocrx_word' id='word_1_94' title='bbox 1167 804 1254 848; x_wconf 79' lang='lat' dir='ltr'>qua</span> <span class='ocrx_word' id='word_1_95' title='bbox 1275 797 1456 847; x_wconf 81' lang='lat' dir='ltr'>praeter-</span> 
     </span>
     <span class='ocr_line' id='line_1_11' title="bbox 67 859 1456 921; baseline -0.003 -16"><span class='ocrx_word' id='word_1_96' title='bbox 67 861 195 905; x_wconf 86' lang='lat' dir='ltr'>missa</span> <span class='ocrx_word' id='word_1_97' title='bbox 216 877 394 920; x_wconf 86' lang='lat' dir='ltr'>pergere</span> <span class='ocrx_word' id='word_1_98' title='bbox 422 863 469 906; x_wconf 90' lang='lat' dir='ltr'>in</span> <span class='ocrx_word' id='word_1_99' title='bbox 492 878 539 906; x_wconf 87' lang='lat' dir='ltr'>ea</span> <span class='ocrx_word' id='word_1_100' title='bbox 571 878 670 921; x_wconf 87' lang='lat' dir='ltr'>quae</span> <span class='ocrx_word' id='word_1_101' title='bbox 697 860 965 905; x_wconf 86' lang='lat' dir='ltr'>intendimus</span> <span class='ocrx_word' id='word_1_102' title='bbox 988 895 998 915; x_wconf 87' lang='lat'>,</span> <span class='ocrx_word' id='word_1_103' title='bbox 1037 869 1158 904; x_wconf 86' lang='lat' dir='ltr'>tanta</span> <span class='ocrx_word' id='word_1_104' title='bbox 1188 859 1456 903; x_wconf 74' lang='lat' dir='ltr'>connexione</span> 
     </span>
     <span class='ocr_line' id='line_1_12' title="bbox 68 929 1457 991; baseline -0.004 -16"><span class='ocrx_word' id='word_1_105' title='bbox 68 932 272 986; x_wconf 86' lang='lat' dir='ltr'>rationis,</span> <span class='ocrx_word' id='word_1_106' title='bbox 302 940 466 991; x_wconf 86' lang='lat' dir='ltr'>quanta</span> <span class='ocrx_word' id='word_1_107' title='bbox 503 946 612 989; x_wconf 88' lang='lat' dir='ltr'>opus</span> <span class='ocrx_word' id='word_1_108' title='bbox 641 945 730 974; x_wconf 87' lang='lat' dir='ltr'>esse</span> <span class='ocrx_word' id='word_1_109' title='bbox 763 930 901 974; x_wconf 87' lang='lat' dir='ltr'>sentio</span> <span class='ocrx_word' id='word_1_110' title='bbox 920 965 930 985; x_wconf 88' lang='lat'>‚</span> <span class='ocrx_word' id='word_1_111' title='bbox 957 930 1163 973; x_wconf 87' lang='lat' dir='ltr'>sinamur.</span> <span class='ocrx_word' id='word_1_112' title='bbox 1197 930 1274 974; x_wconf 93' lang='lat' dir='ltr'>Dic</span> <span class='ocrx_word' id='word_1_113' title='bbox 1308 929 1457 988; x_wconf 88' lang='lat' dir='ltr'>itaque</span> 
     </span>
     <span class='ocr_line' id='line_1_13' title="bbox 68 997 1454 1061; baseline -0.002 -16"><span class='ocrx_word' id='word_1_114' title='bbox 68 1002 176 1046; x_wconf 87' lang='lat' dir='ltr'>mihi</span> <span class='ocrx_word' id='word_1_115' title='bbox 193 1037 204 1057; x_wconf 90' lang='lat'>,</span> <span class='ocrx_word' id='word_1_116' title='bbox 230 1016 331 1046; x_wconf 91' lang='lat' dir='ltr'>cum</span> <span class='ocrx_word' id='word_1_117' title='bbox 351 1016 464 1061; x_wconf 88' lang='lat' dir='ltr'>saepe</span> <span class='ocrx_word' id='word_1_118' title='bbox 481 1001 716 1045; x_wconf 88' lang='lat' dir='ltr'>viderimus</span> <span class='ocrx_word' id='word_1_119' title='bbox 733 997 889 1045; x_wconf 68' lang='lat' dir='ltr'>bestias</span> <span class='ocrx_word' id='word_1_120' title='bbox 911 1000 965 1045; x_wconf 91' lang='lat' dir='ltr'>ab</span> <span class='ocrx_word' id='word_1_121' title='bbox 983 1000 1235 1045; x_wconf 88' lang='lat' dir='ltr'>hominibus</span> <span class='ocrx_word' id='word_1_122' title='bbox 1252 999 1454 1052; x_wconf 84' lang='lat' dir='ltr'>domitas,</span> 
     </span>
     <span class='ocr_line' id='line_1_14' title="bbox 68 1071 1457 1130; baseline -0.002 -14"><span class='ocrx_word' id='word_1_123' title='bbox 68 1072 114 1116; x_wconf 89' lang='lat' dir='ltr'>id</span> <span class='ocrx_word' id='word_1_124' title='bbox 136 1082 198 1117; x_wconf 90' lang='lat' dir='ltr'>est</span> <span class='ocrx_word' id='word_1_125' title='bbox 211 1108 223 1128; x_wconf 82' lang='grc'>,</span> <span class='ocrx_word' id='word_1_126' title='bbox 247 1088 338 1116; x_wconf 93' lang='lat' dir='ltr'>non</span> <span class='ocrx_word' id='word_1_127' title='bbox 358 1088 513 1130; x_wconf 87' lang='lat' dir='ltr'>corpus</span> <span class='ocrx_word' id='word_1_128' title='bbox 534 1073 683 1116; x_wconf 86' lang='lat' dir='ltr'>bestiae</span> <span class='ocrx_word' id='word_1_129' title='bbox 706 1081 877 1116; x_wconf 90' lang='lat' dir='ltr'>tantum</span> <span class='ocrx_word' id='word_1_130' title='bbox 896 1107 907 1127; x_wconf 88' lang='lat'>‚</span> <span class='ocrx_word' id='word_1_131' title='bbox 933 1071 1008 1116; x_wconf 90' lang='lat' dir='ltr'>sed</span> <span class='ocrx_word' id='word_1_132' title='bbox 1025 1081 1069 1115; x_wconf 89' lang='lat' dir='ltr'>et</span> <span class='ocrx_word' id='word_1_133' title='bbox 1086 1071 1276 1116; x_wconf 85' lang='lat' dir='ltr'>animam</span> <span class='ocrx_word' id='word_1_134' title='bbox 1296 1071 1355 1114; x_wconf 87' lang='lat' dir='ltr'>ita</span> <span class='ocrx_word' id='word_1_135' title='bbox 1374 1071 1457 1114; x_wconf 91' lang='lat' dir='ltr'>ho-</span> 
     </span>
     <span class='ocr_line' id='line_1_15' title="bbox 70 1141 1459 1202; baseline -0.001 -16"><span class='ocrx_word' id='word_1_136' title='bbox 70 1142 178 1186; x_wconf 91' lang='lat' dir='ltr'>mini</span> <span class='ocrx_word' id='word_1_137' title='bbox 217 1142 493 1202; x_wconf 81' lang='lat' dir='ltr'>subjugatam</span> <span class='ocrx_word' id='word_1_138' title='bbox 513 1177 524 1198; x_wconf 91' lang='lat'>‚</span> <span class='ocrx_word' id='word_1_139' title='bbox 565 1152 615 1186; x_wconf 89' lang='lat' dir='ltr'>ut</span> <span class='ocrx_word' id='word_1_140' title='bbox 645 1142 863 1186; x_wconf 83' lang='lat' dir='ltr'>voluntati</span> <span class='ocrx_word' id='word_1_141' title='bbox 901 1144 994 1201; x_wconf 85' lang='lat' dir='ltr'>ejus</span> <span class='ocrx_word' id='word_1_142' title='bbox 1027 1158 1155 1186; x_wconf 88' lang='lat' dir='ltr'>sensu</span> <span class='ocrx_word' id='word_1_143' title='bbox 1188 1141 1382 1201; x_wconf 89' lang='lat' dir='ltr'>quodam</span> <span class='ocrx_word' id='word_1_144' title='bbox 1415 1149 1459 1184; x_wconf 91' lang='lat' dir='ltr'>et</span> 
     </span>
     <span class='ocr_line' id='line_1_16' title="bbox 70 1210 1460 1270; baseline -0.004 -11"><span class='ocrx_word' id='word_1_145' title='bbox 70 1213 386 1259; x_wconf 88' lang='lat' dir='ltr'>consuetudine</span> <span class='ocrx_word' id='word_1_146' title='bbox 407 1213 563 1258; x_wconf 91' lang='lat' dir='ltr'>serviat</span> <span class='ocrx_word' id='word_1_147' title='bbox 579 1248 590 1268; x_wconf 91' lang='lat'>,</span> <span class='ocrx_word' id='word_1_148' title='bbox 615 1221 765 1256; x_wconf 89' lang='lat' dir='ltr'>utrum</span> <span class='ocrx_word' id='word_1_149' title='bbox 782 1212 863 1256; x_wconf 90' lang='lat' dir='ltr'>tibi</span> <span class='ocrx_word' id='word_1_150' title='bbox 884 1212 976 1256; x_wconf 89' lang='lat' dir='ltr'>ullo</span> <span class='ocrx_word' id='word_1_151' title='bbox 998 1211 1131 1256; x_wconf 88' lang='lat' dir='ltr'>modo</span> <span class='ocrx_word' id='word_1_152' title='bbox 1149 1213 1242 1255; x_wconf 89' lang='lat' dir='ltr'>fieri</span> <span class='ocrx_word' id='word_1_153' title='bbox 1255 1226 1379 1270; x_wconf 89' lang='lat' dir='ltr'>posse</span> <span class='ocrx_word' id='word_1_154' title='bbox 1393 1210 1460 1255; x_wconf 88' lang='lat' dir='ltr'>vi-</span> 
     </span>
     <span class='ocr_line' id='line_1_17' title="bbox 71 1273 1456 1343; baseline -0.004 -14"><span class='ocrx_word' id='word_1_155' title='bbox 71 1283 224 1329; x_wconf 85' lang='lat' dir='ltr'>deatur</span> <span class='ocrx_word' id='word_1_156' title='bbox 237 1319 249 1339; x_wconf 89' lang='lat'>‚</span> <span class='ocrx_word' id='word_1_157' title='bbox 274 1292 325 1328; x_wconf 90' lang='lat' dir='ltr'>ut</span> <span class='ocrx_word' id='word_1_158' title='bbox 344 1284 482 1327; x_wconf 87' lang='lat' dir='ltr'>bestia</span> <span class='ocrx_word' id='word_1_159' title='bbox 502 1273 712 1343; x_wconf 87' lang='lat' dir='ltr'>quaelibet</span> <span class='ocrx_word' id='word_1_160' title='bbox 733 1282 934 1326; x_wconf 89' lang='lat' dir='ltr'>immanis</span> <span class='ocrx_word' id='word_1_161' title='bbox 953 1282 1023 1326; x_wconf 91' lang='lat' dir='ltr'>vel</span> <span class='ocrx_word' id='word_1_162' title='bbox 1046 1281 1216 1326; x_wconf 83' lang='lat' dir='ltr'>feritate</span> <span class='ocrx_word' id='word_1_163' title='bbox 1232 1316 1244 1336; x_wconf 87' lang='lat'>‚</span> <span class='ocrx_word' id='word_1_164' title='bbox 1267 1279 1338 1325; x_wconf 88' lang='lat' dir='ltr'>vel</span> <span class='ocrx_word' id='word_1_165' title='bbox 1356 1295 1456 1325; x_wconf 88' lang='lat' dir='ltr'>cor-</span> 
     </span>
     <span class='ocr_line' id='line_1_18' title="bbox 72 1350 1460 1414; baseline -0.003 -16"><span class='ocrx_word' id='word_1_166' title='bbox 72 1369 204 1414; x_wconf 79' lang='lat' dir='ltr'>pore,</span> <span class='ocrx_word' id='word_1_167' title='bbox 234 1353 304 1398; x_wconf 91' lang='lat' dir='ltr'>vel</span> <span class='ocrx_word' id='word_1_168' title='bbox 325 1353 456 1398; x_wconf 84' lang='lat' dir='ltr'>etiam</span> <span class='ocrx_word' id='word_1_169' title='bbox 486 1367 613 1397; x_wconf 90' lang='lat' dir='ltr'>sensu</span> <span class='ocrx_word' id='word_1_170' title='bbox 646 1351 842 1412; x_wconf 89' lang='lat' dir='ltr'>quolibet</span> <span class='ocrx_word' id='word_1_171' title='bbox 872 1351 1106 1406; x_wconf 89' lang='lat' dir='ltr'>acerrima,</span> <span class='ocrx_word' id='word_1_172' title='bbox 1135 1351 1229 1410; x_wconf 88' lang='lat' dir='ltr'>pari</span> <span class='ocrx_word' id='word_1_173' title='bbox 1249 1350 1344 1396; x_wconf 90' lang='lat' dir='ltr'>vice</span> <span class='ocrx_word' id='word_1_174' title='bbox 1377 1350 1460 1394; x_wconf 91' lang='lat' dir='ltr'>sibi</span> 
     </span>
     <span class='ocr_line' id='line_1_19' title="bbox 72 1421 1461 1484; baseline -0.003 -16"><span class='ocrx_word' id='word_1_175' title='bbox 72 1425 295 1470; x_wconf 90' lang='lat' dir='ltr'>hominem</span> <span class='ocrx_word' id='word_1_176' title='bbox 315 1423 548 1484; x_wconf 84' lang='lat' dir='ltr'>subjugare</span> <span class='ocrx_word' id='word_1_177' title='bbox 570 1431 753 1467; x_wconf 87' lang='lat' dir='ltr'>conetur</span> <span class='ocrx_word' id='word_1_178' title='bbox 769 1456 780 1477; x_wconf 91' lang='lat'>,</span> <span class='ocrx_word' id='word_1_179' title='bbox 806 1437 908 1466; x_wconf 90' lang='lat' dir='ltr'>cum</span> <span class='ocrx_word' id='word_1_180' title='bbox 929 1437 1086 1480; x_wconf 91' lang='lat' dir='ltr'>corpus</span> <span class='ocrx_word' id='word_1_181' title='bbox 1107 1422 1197 1481; x_wconf 86' lang='lat' dir='ltr'>ejus</span> <span class='ocrx_word' id='word_1_182' title='bbox 1219 1436 1297 1465; x_wconf 88' lang='lat' dir='ltr'>seu</span> <span class='ocrx_word' id='word_1_183' title='bbox 1319 1421 1363 1465; x_wconf 92' lang='lat' dir='ltr'>vi</span> <span class='ocrx_word' id='word_1_184' title='bbox 1383 1436 1461 1465; x_wconf 92' lang='lat' dir='ltr'>seu</span> 
     </span>
     <span class='ocr_line' id='line_1_20' title="bbox 71 1490 1461 1540; baseline -0.004 0"><span class='ocrx_word' id='word_1_185' title='bbox 71 1495 183 1540; x_wconf 88' lang='lat' dir='ltr'>clam</span> <span class='ocrx_word' id='word_1_186' title='bbox 215 1494 366 1540; x_wconf 86' lang='lat' dir='ltr'>multae</span> <span class='ocrx_word' id='word_1_187' title='bbox 402 1494 649 1539; x_wconf 88' lang='lat' dir='ltr'>interimere</span> <span class='ocrx_word' id='word_1_188' title='bbox 685 1492 872 1536; x_wconf 86' lang='lat' dir='ltr'>valeant.</span> <span class='ocrx_word' id='word_1_189' title='bbox 906 1494 959 1536; x_wconf 89' lang='lat' dir='ltr'>E.</span> <span class='ocrx_word' id='word_1_190' title='bbox 991 1490 1123 1538; x_wconf 90' lang='lat' dir='ltr'>Nullo</span> <span class='ocrx_word' id='word_1_191' title='bbox 1150 1492 1284 1536; x_wconf 91' lang='lat' dir='ltr'>modo</span> <span class='ocrx_word' id='word_1_192' title='bbox 1316 1491 1461 1537; x_wconf 88' lang='lat' dir='ltr'>isthuc</span> 
     </span>
     <span class='ocr_line' id='line_1_21' title="bbox 72 1562 1458 1626; baseline -0.001 -17"><span class='ocrx_word' id='word_1_193' title='bbox 72 1567 167 1610; x_wconf 87' lang='lat' dir='ltr'>fieri</span> <span class='ocrx_word' id='word_1_194' title='bbox 187 1582 312 1626; x_wconf 83' lang='lat' dir='ltr'>posse</span> <span class='ocrx_word' id='word_1_195' title='bbox 333 1565 573 1611; x_wconf 90' lang='lat' dir='ltr'>consentio.</span> <span class='ocrx_word' id='word_1_196' title='bbox 606 1567 658 1608; x_wconf 89' lang='lat' dir='ltr'>A.</span> <span class='ocrx_word' id='word_1_197' title='bbox 684 1566 801 1608; x_wconf 89' lang='lat' dir='ltr'>Bene</span> <span class='ocrx_word' id='word_1_198' title='bbox 821 1579 921 1609; x_wconf 88' lang='lat' dir='ltr'>sane</span> <span class='ocrx_word' id='word_1_199' title='bbox 950 1583 960 1609; x_wconf 71' lang='grc' dir='ltr'>ε</span> <span class='ocrx_word' id='word_1_200' title='bbox 996 1562 1072 1608; x_wconf 93' lang='lat' dir='ltr'>sed</span> <span class='ocrx_word' id='word_1_201' title='bbox 1095 1564 1200 1608; x_wconf 80' lang='lat' dir='ltr'>ilem</span> <span class='ocrx_word' id='word_1_202' title='bbox 1231 1564 1301 1608; x_wconf 91' lang='lat' dir='ltr'>dic</span> <span class='ocrx_word' id='word_1_203' title='bbox 1323 1563 1458 1619; x_wconf 88' lang='lat' dir='ltr'>mihi,</span> 
     </span>
     <span class='ocr_line' id='line_1_22' title="bbox 70 1634 1461 1696; baseline -0.002 -14"><span class='ocrx_word' id='word_1_204' title='bbox 70 1652 174 1682; x_wconf 88' lang='lat' dir='ltr'>cum</span> <span class='ocrx_word' id='word_1_205' title='bbox 195 1638 475 1682; x_wconf 81' lang='lat' dir='ltr'>manifestum</span> <span class='ocrx_word' id='word_1_206' title='bbox 495 1637 566 1692; x_wconf 79' lang='lat' dir='ltr'>sit,</span> <span class='ocrx_word' id='word_1_207' title='bbox 585 1635 752 1680; x_wconf 84' lang='lat' dir='ltr'>viribus</span> <span class='ocrx_word' id='word_1_208' title='bbox 773 1636 1028 1696; x_wconf 85' lang='lat' dir='ltr'>caeterisque</span> <span class='ocrx_word' id='word_1_209' title='bbox 1052 1635 1206 1680; x_wconf 91' lang='lat' dir='ltr'>officiis</span> <span class='ocrx_word' id='word_1_210' title='bbox 1221 1634 1414 1695; x_wconf 83' lang='lat' dir='ltr'>corporis</span> <span class='ocrx_word' id='word_1_211' title='bbox 1435 1650 1461 1679; x_wconf 89' lang='lat' dir='ltr'>a</span> 
     </span>
     <span class='ocr_line' id='line_1_23' title="bbox 73 1703 1462 1767; baseline -0.001 -15"><span class='ocrx_word' id='word_1_212' title='bbox 73 1707 272 1767; x_wconf 87' lang='lat' dir='ltr'>plurimis</span> <span class='ocrx_word' id='word_1_213' title='bbox 291 1707 439 1752; x_wconf 88' lang='lat' dir='ltr'>bestiis</span> <span class='ocrx_word' id='word_1_214' title='bbox 457 1706 682 1752; x_wconf 90' lang='lat' dir='ltr'>hominem</span> <span class='ocrx_word' id='word_1_215' title='bbox 699 1703 826 1751; x_wconf 89' lang='lat' dir='ltr'>facile</span> <span class='ocrx_word' id='word_1_216' title='bbox 843 1707 1037 1766; x_wconf 87' lang='lat' dir='ltr'>superari</span> <span class='ocrx_word' id='word_1_217' title='bbox 1056 1741 1067 1762; x_wconf 83' lang='lat'>‚</span> <span class='ocrx_word' id='word_1_218' title='bbox 1101 1722 1305 1767; x_wconf 88' lang='lat' dir='ltr'>quaenam</span> <span class='ocrx_word' id='word_1_219' title='bbox 1323 1721 1390 1751; x_wconf 88' lang='lat' dir='ltr'>res</span> <span class='ocrx_word' id='word_1_220' title='bbox 1408 1706 1462 1750; x_wconf 90' lang='lat' dir='ltr'>sit</span> 
     </span>
     <span class='ocr_line' id='line_1_24' title="bbox 74 1777 1462 1838; baseline 0 -16"><span class='ocrx_word' id='word_1_221' title='bbox 74 1793 162 1838; x_wconf 85' lang='lat' dir='ltr'>qua</span> <span class='ocrx_word' id='word_1_222' title='bbox 192 1779 327 1824; x_wconf 91' lang='lat' dir='ltr'>homo</span> <span class='ocrx_word' id='word_1_223' title='bbox 353 1777 551 1834; x_wconf 85' lang='lat' dir='ltr'>excellit,</span> <span class='ocrx_word' id='word_1_224' title='bbox 582 1787 632 1822; x_wconf 91' lang='lat' dir='ltr'>ut</span> <span class='ocrx_word' id='word_1_225' title='bbox 660 1777 783 1822; x_wconf 81' lang='lat' dir='ltr'>nulla</span> <span class='ocrx_word' id='word_1_226' title='bbox 815 1778 854 1822; x_wconf 92' lang='lat' dir='ltr'>ei</span> <span class='ocrx_word' id='word_1_227' title='bbox 886 1777 1122 1823; x_wconf 90' lang='lat' dir='ltr'>bestiarum</span> <span class='ocrx_word' id='word_1_228' title='bbox 1139 1813 1149 1833; x_wconf 91' lang='lat'>,</span> <span class='ocrx_word' id='word_1_229' title='bbox 1189 1779 1281 1838; x_wconf 91' lang='lat' dir='ltr'>ipse</span> <span class='ocrx_word' id='word_1_230' title='bbox 1315 1786 1462 1822; x_wconf 87' lang='lat' dir='ltr'>autem</span> 
     </span>
     <span class='ocr_line' id='line_1_25' title="bbox 72 1848 1462 1911; baseline -0.001 -18"><span class='ocrx_word' id='word_1_231' title='bbox 72 1848 223 1894; x_wconf 82' lang='lat' dir='ltr'>multis</span> <span class='ocrx_word' id='word_1_232' title='bbox 249 1849 462 1910; x_wconf 89' lang='lat' dir='ltr'>imperare</span> <span class='ocrx_word' id='word_1_233' title='bbox 482 1850 648 1909; x_wconf 82' lang='lat' dir='ltr'>possit?</span> <span class='ocrx_word' id='word_1_234' title='bbox 677 1865 732 1894; x_wconf 89' lang='lat' dir='ltr'>an</span> <span class='ocrx_word' id='word_1_235' title='bbox 760 1849 873 1894; x_wconf 86' lang='lat' dir='ltr'>forte</span> <span class='ocrx_word' id='word_1_236' title='bbox 901 1849 994 1909; x_wconf 91' lang='lat' dir='ltr'>ipsa</span> <span class='ocrx_word' id='word_1_237' title='bbox 1016 1859 1080 1894; x_wconf 89' lang='lat' dir='ltr'>est</span> <span class='ocrx_word' id='word_1_238' title='bbox 1095 1885 1106 1905; x_wconf 72' lang='lat'>,</span> <span class='ocrx_word' id='word_1_239' title='bbox 1131 1866 1231 1911; x_wconf 90' lang='lat' dir='ltr'>quae</span> <span class='ocrx_word' id='word_1_240' title='bbox 1260 1850 1371 1895; x_wconf 88' lang='lat' dir='ltr'>ratio</span> <span class='ocrx_word' id='word_1_241' title='bbox 1391 1848 1462 1895; x_wconf 84' lang='lat' dir='ltr'>vel</span> 
     </span>
     <span class='ocr_line' id='line_1_26' title="bbox 73 1918 1463 1981; baseline 0.001 -18"><span class='ocrx_word' id='word_1_242' title='bbox 73 1918 360 1978; x_wconf 86' lang='lat' dir='ltr'>intelligentia</span> <span class='ocrx_word' id='word_1_243' title='bbox 387 1919 473 1965; x_wconf 91' lang='lat' dir='ltr'>dici</span> <span class='ocrx_word' id='word_1_244' title='bbox 503 1919 641 1964; x_wconf 82' lang='lat' dir='ltr'>solet?</span> <span class='ocrx_word' id='word_1_245' title='bbox 666 1922 720 1964; x_wconf 89' lang='lat' dir='ltr'>E.</span> <span class='ocrx_word' id='word_1_246' title='bbox 751 1922 849 1965; x_wconf 92' lang='lat' dir='ltr'>Non</span> <span class='ocrx_word' id='word_1_247' title='bbox 877 1919 1052 1964; x_wconf 83' lang='lat' dir='ltr'>invenio</span> <span class='ocrx_word' id='word_1_248' title='bbox 1085 1919 1204 1965; x_wconf 88' lang='lat' dir='ltr'>aliud</span> <span class='ocrx_word' id='word_1_249' title='bbox 1221 1955 1232 1976; x_wconf 86' lang='lat'>,</span> <span class='ocrx_word' id='word_1_250' title='bbox 1258 1919 1463 1981; x_wconf 87' lang='lat' dir='ltr'>quando-</span> 
     </span>
     <span class='ocr_line' id='line_1_27' title="bbox 74 1990 1463 2051; baseline 0.001 -17"><span class='ocrx_word' id='word_1_251' title='bbox 74 1990 256 2049; x_wconf 88' lang='lat' dir='ltr'>quidem</span> <span class='ocrx_word' id='word_1_252' title='bbox 275 1991 323 2034; x_wconf 92' lang='lat' dir='ltr'>in</span> <span class='ocrx_word' id='word_1_253' title='bbox 343 1991 488 2035; x_wconf 90' lang='lat' dir='ltr'>animo</span> <span class='ocrx_word' id='word_1_254' title='bbox 509 1999 597 2046; x_wconf 75' lang='lat' dir='ltr'>est,</span> <span class='ocrx_word' id='word_1_255' title='bbox 627 1990 674 2034; x_wconf 92' lang='lat' dir='ltr'>id</span> <span class='ocrx_word' id='word_1_256' title='bbox 699 2006 787 2051; x_wconf 89' lang='lat' dir='ltr'>quo</span> <span class='ocrx_word' id='word_1_257' title='bbox 810 1990 968 2035; x_wconf 82' lang='lat' dir='ltr'>belluis</span> <span class='ocrx_word' id='word_1_258' title='bbox 999 1991 1297 2037; x_wconf 83' lang='lat' dir='ltr'>antecellimus</span> <span class='ocrx_word' id='word_1_259' title='bbox 1326 2011 1335 2037; x_wconf 71' lang='grc' dir='ltr'>ε</span> <span class='ocrx_word' id='word_1_260' title='bbox 1362 2007 1463 2050; x_wconf 88' lang='lat' dir='ltr'>quae</span> 
     </span>
     <span class='ocr_line' id='line_1_28' title="bbox 74 2056 1462 2123; baseline 0.001 -19"><span class='ocrx_word' id='word_1_261' title='bbox 74 2060 109 2104; x_wconf 91' lang='lat' dir='ltr'>si</span> <span class='ocrx_word' id='word_1_262' title='bbox 125 2060 343 2106; x_wconf 81' lang='lat' dir='ltr'>exanimes</span> <span class='ocrx_word' id='word_1_263' title='bbox 354 2070 512 2117; x_wconf 90' lang='lat' dir='ltr'>essent,</span> <span class='ocrx_word' id='word_1_264' title='bbox 527 2056 716 2106; x_wconf 88' lang='lat' dir='ltr'>dicerem</span> <span class='ocrx_word' id='word_1_265' title='bbox 732 2077 811 2107; x_wconf 91' lang='lat' dir='ltr'>nos</span> <span class='ocrx_word' id='word_1_266' title='bbox 826 2077 878 2106; x_wconf 88' lang='lat' dir='ltr'>eo</span> <span class='ocrx_word' id='word_1_267' title='bbox 891 2071 1111 2122; x_wconf 87' lang='lat' dir='ltr'>praestare,</span> <span class='ocrx_word' id='word_1_268' title='bbox 1128 2063 1246 2123; x_wconf 91' lang='lat' dir='ltr'>quod</span> <span class='ocrx_word' id='word_1_269' title='bbox 1261 2062 1462 2107; x_wconf 87' lang='lat' dir='ltr'>animum</span> 
     </span>
     <span class='ocr_line' id='line_1_29' title="bbox 74 2130 1463 2194; baseline 0.001 -20"><span class='ocrx_word' id='word_1_270' title='bbox 74 2130 302 2175; x_wconf 88' lang='lat' dir='ltr'>habemus.</span> <span class='ocrx_word' id='word_1_271' title='bbox 337 2133 464 2177; x_wconf 90' lang='lat' dir='ltr'>Nunc</span> <span class='ocrx_word' id='word_1_272' title='bbox 489 2145 593 2176; x_wconf 88' lang='lat' dir='ltr'>vero</span> <span class='ocrx_word' id='word_1_273' title='bbox 615 2146 717 2175; x_wconf 90' lang='lat' dir='ltr'>cum</span> <span class='ocrx_word' id='word_1_274' title='bbox 738 2141 781 2176; x_wconf 85' lang='lat' dir='ltr'>et</span> <span class='ocrx_word' id='word_1_275' title='bbox 800 2131 874 2177; x_wconf 89' lang='lat' dir='ltr'>illa</span> <span class='ocrx_word' id='word_1_276' title='bbox 902 2133 988 2177; x_wconf 87' lang='lat' dir='ltr'>sint</span> <span class='ocrx_word' id='word_1_277' title='bbox 1017 2133 1217 2178; x_wconf 81' lang='lat' dir='ltr'>animalia</span> <span class='ocrx_word' id='word_1_278' title='bbox 1236 2168 1248 2189; x_wconf 83' lang='lat'><strong>‚</strong></span> <span class='ocrx_word' id='word_1_279' title='bbox 1272 2132 1318 2177; x_wconf 92' lang='lat' dir='ltr'>id</span> <span class='ocrx_word' id='word_1_280' title='bbox 1339 2131 1463 2194; x_wconf 91' lang='lat' dir='ltr'>quod</span> 
     </span>
     <span class='ocr_line' id='line_1_30' title="bbox 77 2202 1460 2260; baseline 0.001 -14"><span class='ocrx_word' id='word_1_281' title='bbox 77 2216 230 2246; x_wconf 86' lang='lat' dir='ltr'>eorum</span> <span class='ocrx_word' id='word_1_282' title='bbox 251 2202 405 2247; x_wconf 87' lang='lat' dir='ltr'>animis</span> <span class='ocrx_word' id='word_1_283' title='bbox 425 2203 642 2247; x_wconf 84' lang='lat' dir='ltr'>non&#39;inest</span> <span class='ocrx_word' id='word_1_284' title='bbox 658 2211 708 2247; x_wconf 88' lang='lat' dir='ltr'>ut</span> <span class='ocrx_word' id='word_1_285' title='bbox 734 2202 981 2248; x_wconf 88' lang='lat' dir='ltr'>subdantur</span> <span class='ocrx_word' id='word_1_286' title='bbox 1003 2204 1129 2249; x_wconf 88' lang='lat' dir='ltr'>nobis</span> <span class='ocrx_word' id='word_1_287' title='bbox 1143 2240 1155 2260; x_wconf 85' lang='lat'>,</span> <span class='ocrx_word' id='word_1_288' title='bbox 1179 2205 1292 2250; x_wconf 91' lang='lat' dir='ltr'>inest</span> <span class='ocrx_word' id='word_1_289' title='bbox 1312 2213 1460 2249; x_wconf 86' lang='lat' dir='ltr'>autem</span> 
     </span>
     <span class='ocr_line' id='line_1_31' title="bbox 77 2272 1467 2336; baseline 0.003 -20"><span class='ocrx_word' id='word_1_290' title='bbox 77 2272 234 2317; x_wconf 88' lang='lat' dir='ltr'>nostris</span> <span class='ocrx_word' id='word_1_291' title='bbox 258 2281 308 2317; x_wconf 89' lang='lat' dir='ltr'>ut</span> <span class='ocrx_word' id='word_1_292' title='bbox 335 2273 394 2318; x_wconf 91' lang='lat' dir='ltr'>eis</span> <span class='ocrx_word' id='word_1_293' title='bbox 416 2272 614 2318; x_wconf 88' lang='lat' dir='ltr'>meliores</span> <span class='ocrx_word' id='word_1_294' title='bbox 641 2274 771 2319; x_wconf 89' lang='lat' dir='ltr'>simus</span> <span class='ocrx_word' id='word_1_295' title='bbox 785 2308 797 2330; x_wconf 86' lang='lat'><strong>‚</strong></span> <span class='ocrx_word' id='word_1_296' title='bbox 827 2274 1038 2335; x_wconf 76' lang='lat' dir='ltr'>quoniam</span> <span class='ocrx_word' id='word_1_297' title='bbox 1057 2290 1203 2336; x_wconf 87' lang='lat' dir='ltr'>neque</span> <span class='ocrx_word' id='word_1_298' title='bbox 1222 2276 1333 2320; x_wconf 88' lang='lat' dir='ltr'>nihil</span> <span class='ocrx_word' id='word_1_299' title='bbox 1349 2311 1361 2331; x_wconf 89' lang='lat'>‚</span> <span class='ocrx_word' id='word_1_300' title='bbox 1385 2290 1467 2320; x_wconf 90' lang='lat' dir='ltr'>ne-</span> 
     </span>
     <span class='ocr_line' id='line_1_32' title="bbox 78 2343 1465 2406; baseline 0.004 -20"><span class='ocrx_word' id='word_1_301' title='bbox 78 2357 165 2402; x_wconf 91' lang='lat' dir='ltr'>que</span> <span class='ocrx_word' id='word_1_302' title='bbox 196 2357 379 2402; x_wconf 87' lang='lat' dir='ltr'>parvum</span> <span class='ocrx_word' id='word_1_303' title='bbox 404 2343 569 2405; x_wconf 82' lang='lat' dir='ltr'>aliquid</span> <span class='ocrx_word' id='word_1_304' title='bbox 590 2358 678 2388; x_wconf 90' lang='lat' dir='ltr'>esse</span> <span class='ocrx_word' id='word_1_305' title='bbox 701 2344 835 2389; x_wconf 82' lang='lat' dir='ltr'>cuivis</span> <span class='ocrx_word' id='word_1_306' title='bbox 863 2354 1070 2405; x_wconf 82' lang='lat' dir='ltr'>apparet,</span> <span class='ocrx_word' id='word_1_307' title='bbox 1094 2345 1202 2406; x_wconf 87' lang='lat' dir='ltr'>quid</span> <span class='ocrx_word' id='word_1_308' title='bbox 1226 2345 1345 2391; x_wconf 88' lang='lat' dir='ltr'>aliud</span> <span class='ocrx_word' id='word_1_309' title='bbox 1366 2361 1465 2391; x_wconf 88' lang='lat' dir='ltr'>rec-</span> 
     </span>
     <span class='ocr_line' id='line_1_33' title="bbox 78 2412 1462 2477; baseline 0.004 -20"><span class='ocrx_word' id='word_1_310' title='bbox 78 2412 165 2457; x_wconf 87' lang='lat' dir='ltr'>tius</span> <span class='ocrx_word' id='word_1_311' title='bbox 181 2446 193 2468; x_wconf 91' lang='lat'>‚</span> <span class='ocrx_word' id='word_1_312' title='bbox 218 2429 349 2474; x_wconf 88' lang='lat' dir='ltr'>quam</span> <span class='ocrx_word' id='word_1_313' title='bbox 364 2414 575 2459; x_wconf 87' lang='lat' dir='ltr'>rationem</span> <span class='ocrx_word' id='word_1_314' title='bbox 593 2416 866 2461; x_wconf 84' lang='lat' dir='ltr'>vocaverim?</span> <span class='ocrx_word' id='word_1_315' title='bbox 887 2419 940 2460; x_wconf 88' lang='lat' dir='ltr'>A.</span> <span class='ocrx_word' id='word_1_316' title='bbox 964 2416 1075 2460; x_wconf 88' lang='lat' dir='ltr'>Vide</span> <span class='ocrx_word' id='word_1_317' title='bbox 1092 2433 1224 2477; x_wconf 91' lang='lat' dir='ltr'>quam</span> <span class='ocrx_word' id='word_1_318' title='bbox 1239 2416 1369 2463; x_wconf 85' lang='lat' dir='ltr'>facile</span> <span class='ocrx_word' id='word_1_319' title='bbox 1384 2418 1462 2463; x_wconf 89' lang='lat' dir='ltr'>fiat</span> 
     </span>
     <span class='ocr_line' id='line_1_34' title="bbox 78 2481 1463 2547; baseline 0.004 -21"><span class='ocrx_word' id='word_1_320' title='bbox 78 2483 171 2528; x_wconf 88' lang='lat' dir='ltr'>Deo</span> <span class='ocrx_word' id='word_1_321' title='bbox 192 2481 449 2544; x_wconf 86' lang='lat' dir='ltr'>adjuvante,</span> <span class='ocrx_word' id='word_1_322' title='bbox 475 2485 594 2546; x_wconf 85' lang='lat' dir='ltr'>quod</span> <span class='ocrx_word' id='word_1_323' title='bbox 616 2485 812 2532; x_wconf 89' lang='lat' dir='ltr'>homines</span> <span class='ocrx_word' id='word_1_324' title='bbox 830 2484 1139 2532; x_wconf 85' lang='lat' dir='ltr'>difficillimum</span> <span class='ocrx_word' id='word_1_325' title='bbox 1161 2496 1333 2547; x_wconf 86' lang='lat' dir='ltr'>putant.</span> <span class='ocrx_word' id='word_1_326' title='bbox 1355 2489 1463 2534; x_wconf 89' lang='lat' dir='ltr'>Nam</span> 
     </span>
    </p>
   </div>
  </div>
 </body>
</html>
