1729 3143
173 194 257 233 602
705 200 1043 231 Annou'nonns.

574 345 832 390 Annona-10
848 344 915 402 (9)
933 357 1035 404 pag.
1058 347 1160 389 483.

233 502 302 548 Sic
324 500 508 562 vulgati,
532 501 692 562 quibus
714 503 839 548 MSS.
866 501 936 547 vix
959 500 1095 562 aliqui
1121 501 1431 561 suffragantur.
1455 504 1565 550 Nam

171 571 448 620 Arnulfensis
465 582 509 618 et
530 572 742 619 Victorini
764 573 855 619 duo
875 588 1044 629 vocem,
1065 587 1304 633 personoe,
1328 574 1563 634 omittunt3

173 645 247 690 alii
280 660 439 691 novem
462 644 653 689 melioris
673 654 815 701 notae,
845 660 871 690 e
892 645 1054 706 quibus
1085 653 1150 689 est
1185 643 1563 702 Theodericensis,

172 717 511 773 Gemeticensis,
542 715 837 773 Pratellensis,
862 716 1263 776 Regiomontensis,
1291 718 1334 762 S.
1366 717 1567 761 Audoeni

173 786 554 845 Rhotomagensis‚
583 785 862 840 SorbonicuS,
886 803 1001 831 unus
1024 789 1069 833 S.
1094 787 1273 833 Martini
1297 785 1354 831 de
1374 788 1565 847 Campis,

172 868 215 903 et
231 857 307 918 qui
329 870 466 901 annos
487 855 657 900 circiter
672 864 917 915 nongentos
934 854 1113 915 praefert
1131 854 1298 916 quique
1314 855 1419 901 olim
1436 858 1569 902 Vero-

172 929 315 975 nensis
336 927 544 974 Ecclesiae
565 926 650 972 fuit
674 927 836 986 Regius
858 926 995 972 codex
1016 926 1173 972 omisso
1192 927 1346 982 verbo,
1369 935 1567 986 natura,

173 1002 232 1047 sic
254 1001 435 1056 habent,
460 997 550 1045 sed
579 999 930 1059 susceptionem
963 998 1210 1061 inferioris
1238 1013 1486 1058 personae,
1520 997 1573 1045 zd

173 1082 258 1128 est,
279 1070 521 1116 humanae.
550 1074 616 1115 Ita
639 1071 770 1116 etiam
792 1070 958 1115 tributa
980 1069 1111 1115 Bedae
1133 1069 1334 1115 collectio
1355 1070 1409 1115 ad
1426 1085 1522 1131 cap.
1544 1077 1570 1116 5

172 1143 312 1204 Epist.
337 1142 392 1188 ad
411 1142 573 1203 Ephes.
594 1151 690 1187 tum
712 1142 758 1186 in
776 1142 958 1199 excusis,
978 1150 1074 1187 tum
1089 1141 1136 1187 in
1156 1141 1407 1187 Corbeiensi
1422 1141 1571 1188 codice

172 1216 256 1261 sub
276 1214 454 1260 nomine
472 1217 505 1259 F
511 1214 596 1259 lori
619 1229 754 1258 manu
775 1213 1009 1274 descripto.
1031 1214 1159 1268 Quod
1179 1213 1413 1259 locutionis
1435 1229 1570 1273 genus

173 1302 223 1331 ea
248 1286 344 1346 lege
364 1284 712 1343 intelligendum,
738 1301 826 1346 qua
847 1284 957 1329 illud
981 1300 1082 1329 eum
1103 1293 1268 1329 veteres
1284 1284 1438 1329 dicunt
1454 1287 1565 1329 Ver-

173 1359 281 1402 bum
304 1356 540 1417 suscepisse
561 1357 801 1413 hominem,
827 1357 1101 1416 susceptione
1115 1354 1334 1411 videlicet,
1353 1364 1404 1400 ut
1427 1356 1570 1401 Theo—

174 1428 263 1490 logi
285 1429 424 1485 aiunt,
442 1428 675 1474 terminata
698 1427 753 1473 ad
774 1429 859 1474 hoc
878 1437 928 1473 ut
954 1428 1147 1473 Verbum
1168 1428 1312 1488 ipsum
1334 1427 1571 1487 suscipiens

174 1501 328 1545 existat
349 1501 483 1545 homo
505 1499 712 1559 filiusque
729 1499 935 1555 hominis,
954 1514 1055 1559 quae
1073 1507 1137 1542 est
1156 1498 1350 1542 humana
1369 1512 1568 1557 persona.

175 1573 287 1617 Nam
308 1569 412 1615 alias
430 1578 632 1614 naturam
654 1569 844 1614 hominis
861 1570 906 1614 in
928 1583 1127 1629 personae
1149 1568 1364 1612 unitatem
1386 1583 1410 1612 a
1425 1569 1572 1614 Verbo

174 1650 420 1702 susceptam
435 1640 568 1685 fuisse
585 1639 715 1685 docet
736 1649 987 1686 constanter
1000 1638 1288 1699 Augustinus,
1314 1639 1438 1699 cujus
1459 1638 1572 1684 cele-

175 1715 296 1759 brior
318 1723 382 1758 est
403 1712 477 1757 illa
500 1713 714 1757 sententia
736 1727 789 1756 ex
812 1712 950 1771 Epist.
977 1730 1028 1755 111
1057 1710 1112 1755 ad
1134 1710 1422 1755 Volusianum
1453 1729 1462 1756 ε
1487 1710 1520 1755 I
1522 1720 1573 1755 ta

176 1787 302 1830 inter
319 1783 480 1829 Deum
505 1793 552 1828 et
568 1782 785 1827 homines
807 1781 1050 1827 mediator
1066 1781 1313 1840 apparuit,
1331 1789 1383 1824 ut
1399 1781 1448 1824 in
1469 1796 1565 1824 unz-

179 1866 279 1900 tate
296 1870 519 1915 personce
541 1852 777 1914 copulans
809 1861 1063 1910 utramque
1086 1860 1338 1907 naturam,
1362 1860 1408 1894 et
1427 1849 1572 1896 solita

176 1924 464 1972 sublimaret
484 1922 703 1980 znsolitz's,
729 1932 775 1968 et
795 1921 991 1968 insolita
1012 1920 1162 1967 solitis
1185 1930 1489 1982 temperaret.

535 2098 793 2143 Annon-110
817 2098 908 2154 (10)
925 2110 1027 2157 pag.
1071 2099 1172 2139 563.

238 2257 332 2302 Etsi
348 2271 449 2312 vox,
477 2269 644 2315 nuper,
664 2253 720 2300 ab
741 2253 912 2315 aliquot
937 2266 1074 2298 annos
1097 2251 1345 2313 porrigatur
1365 2265 1574 2297 nonnun-

181 2344 316 2390 quam
340 2348 349 2375 :
373 2329 459 2373 hoc
492 2337 641 2372 tamen
660 2326 760 2372 loco
782 2325 997 2371 nescimus
1030 2340 1087 2369 an
1122 2323 1369 2384 proximum
1402 2332 1574 2382 tempus

183 2401 377 2445 denotet.
402 2402 513 2446 Nam
531 2398 807 2443 subindicare
828 2396 1002 2442 videtur
1018 2395 1248 2457 quaestioni
1263 2394 1326 2439 illi
1346 2396 1463 2455 (quae
1477 2394 1576 2454 qui-

183 2471 284 2516 dem
306 2471 426 2531 apud
458 2469 628 2515 Italiam
656 2467 720 2514 ab
751 2484 897 2528 usque
937 2465 1240 2530 Carthagine
1273 2482 1306 2510 a
1339 2463 1578 2512 Nebridio

181 2542 393 2603 proponi
406 2541 613 2599 solebat,
631 2542 697 2587 uti
716 2540 902 2601 legimus
920 2540 967 2586 in
983 2540 1097 2586 libro
1119 2558 1182 2586 vn
1198 2537 1396 2595 Confess‚
1415 2553 1510 2598 cap.
1532 2543 1573 2592 2,
