1729 3143
607 230 661 257 ne
694 229 942 257 HAERESIBUS.
1390 213 1475 252 229

107 295 191 340 Sed
212 303 312 339 sunt
332 296 462 355 hujus
485 295 682 353 Origenis
700 294 780 338 alia
801 293 1003 352 dogmata
1016 328 1027 349 ‚
1051 308 1150 353 quae
1167 290 1379 336 catholica
1395 292 1480 333 Ec-

105 364 232 408 clesia
243 367 419 410 omnino
427 381 516 410 non
530 365 680 423 recipit
695 384 706 421 3
724 364 770 406 in
781 363 941 422 quibus
956 378 1036 407 nec
1048 364 1189 422 ipsum
1202 360 1309 406 falso
1322 360 1481 419 arguit⁷

106 451 187 479 nec
209 446 351 494 potest
373 437 427 480 ab
449 438 541 496 ejus
562 434 861 479 defensoribus
888 432 979 477 falli
1005 454 1014 478 :
1040 434 1223 477 maxime
1244 432 1299 476 de
1319 447 1483 491 purga-

107 506 225 550 tione
254 516 296 550 et
324 506 599 559 liberatione,
637 520 685 548 ac
718 519 865 547 rursus
891 512 989 562 post
1016 503 1195 560 longum
1226 512 1397 561 tempus
1429 502 1486 545 ad

109 577 258 619 eadem
275 575 387 619 mala
402 574 671 619 revolutione
684 573 901 617 rationalis
915 573 1126 616 universae
1142 582 1364 617 creaturae.
1384 572 1489 625 Quis

108 646 222 688 enim
245 646 482 689 catholicus
511 644 781 689 Christianus
804 643 873 688 vel
895 642 1048 687 doctus
1076 641 1146 686 vel
1174 641 1375 686 indoctus
1397 655 1489 685 non

105 715 385 758 vehementer
406 715 657 768 exhorreat,
682 729 777 757 eam
799 729 930 769 quam
949 712 1055 757 dicit
1071 712 1372 771 purgationem
1396 727 1490 754 ma—

110 782 275 837 lorum,
300 783 344 826 id
367 792 456 837 est,
484 784 609 826 etiam
634 798 705 828 eos
723 784 799 842 qui
819 783 932 826 hanc
956 783 1089 826 vitam
1112 783 1156 824 iu
1179 781 1352 839 flagitiis
1370 789 1414 823 et
1428 780 1494 823 fa-

109 853 331 896 cinoribus
345 862 388 896 et
403 853 630 912 sacrilegiis
648 863 778 913 atque
790 853 1084 912 impietatibus
1096 851 1339 910 quamlibet
1354 850 1495 893 maxi-

111 923 192 965 mis
233 923 441 966 finierunt
456 957 467 977 ‚
504 923 644 981 ipsum
680 924 810 967 etiam
852 932 1071 982 postremo
1103 920 1329 965 diabolum
1366 929 1494 978 atque

115 990 290 1048 angelos
305 993 417 1050 ejus,
445 993 640 1050 quamvis
658 1001 754 1051 post
775 992 1022 1051 longissima
1044 1002 1239 1050 tempora
1255 1025 1266 1045 ‚
1291 997 1497 1048 purgatos

112 1069 242 1118 atque
266 1061 471 1104 liberatos
494 1077 627 1119 regno
651 1063 728 1105 Dei
745 1062 921 1122 lucique
944 1062 1137 1116 restitui,
1164 1071 1206 1105 et
1229 1075 1376 1104 rursus
1398 1066 1496 1117 post

111 1130 361 1187 longissima
388 1140 581 1191 tempora
607 1148 755 1176 omnes
774 1134 848 1191 qui
872 1133 1041 1172 liberati
1064 1141 1187 1182 sunt,
1210 1132 1265 1173 ad
1289 1128 1499 1173 haecmala

114 1200 260 1242 denuo
283 1199 418 1243 relabi
440 1210 483 1244 et
508 1202 691 1258 reverti3
722 1208 765 1241 et
785 1200 856 1240 has
879 1196 993 1238 vices
1019 1194 1281 1239 alternantes
1310 1198 1503 1239 beatitu-

113 1267 264 1308 dinum
301 1277 343 1309 et
370 1270 639 1314 miseriarum
661 1265 879 1312 rationalis
902 1274 1109 1307 creaturae
1141 1279 1309 1321 semper
1337 1265 1470 1308 fuisse
1487 1299 1498 1319 ‚

113 1351 282 1394 semper
304 1335 396 1379 sore
414 1338 431 1378 Ξ)
454 1339 514 1379 De
531 1351 616 1394 qua
635 1335 862 1378 vanissima
886 1334 1110 1392 impietate
1133 1333 1336 1377 adversus
1355 1334 1500 1391 philo-

111 1406 269 1464 sophos
285 1441 295 1459 ,
322 1421 344 1448 a
367 1405 526 1463 quibus
548 1405 626 1448 ista
649 1404 801 1448 didicit
824 1404 1032 1462 Origenes
1048 1438 1059 1458 ‚
1080 1404 1124 1446 in
1146 1402 1286 1446 libris³
1310 1403 1366 1446 de
1383 1404 1501 1448 Civi-

113 1484 201 1519 tate
225 1476 300 1518 Dei
324 1474 649 1532 diligentissime
671 1473 902 1532 disputavi.

170 1548 329 1590 XLIV.
367 1545 563 1588 Pauliani
597 1560 619 1587 a
655 1544 790 1588 Paulo
829 1547 1131 1598 samosateno,
1168 1543 1390 1588 Christum
1412 1560 1501 1588 non

114 1630 282 1673 semper
298 1613 426 1659 fuisse
440 1614 591 1658 dicunt
605 1635 616 1671 3
631 1613 706 1657 sed
720 1615 811 1673 ejus
830 1615 1020 1669 initium,
1037 1629 1089 1657 ex
1105 1629 1193 1672 quo
1206 1614 1260 1657 de
1279 1614 1412 1658 Maria
1430 1630 1501 1658 na-

113 1694 182 1728 tus
204 1693 288 1738 est,
311 1693 556 1728 asseverant
577 1703 586 1727 :
612 1698 691 1727 nec
709 1699 809 1727 eum
829 1683 995 1744 aliquid
1013 1683 1198 1742 amplius
1215 1699 1347 1743 quam
1360 1684 1503 1728 homi-

114 1770 215 1798 nem
239 1763 412 1813 putant.
439 1757 524 1798 Ista
553 1754 726 1797 haeresis
748 1753 984 1813 aliquando
1007 1753 1232 1813 cujusdam
1256 1755 1504 1798 Artemonis

113 1824 195 1868 fuit
216 1841 224 1865 :
248 1825 323 1868 sed
341 1840 440 1868 cum
464 1823 706 1879 defecisset,
731 1826 967 1869 instaurata
986 1834 1050 1869 est
1065 1841 1089 1869 a
1107 1825 1267 1880 Paulo,
1292 1834 1335 1868 et
1355 1835 1503 1884 postea

110 1896 169 1939 sic
193 1911 215 1937 a
239 1896 428 1939 Photino
460 1896 716 1940 confirmata
735 1931 746 1950 ‚
779 1905 827 1939 ut
859 1896 1107 1940 Photiniani
1139 1910 1271 1955 quam
1304 1895 1502 1940 Pauliani

111 1963 324 2008 celebrius
349 1974 675 2024 nuncupentur.
703 1969 810 2009 Istos
833 1981 935 2009 sane
966 1965 1196 2009 Paulianos
1221 1966 1501 2024 baptizandos

111 2049 201 2077 esse
228 2034 273 2077 in
303 2035 492 2079 Ecclesia
521 2036 698 2080 Nicaeno
732 2035 916 2080 concilio
950 2036 1238 2080 constitutum
1260 2044 1338 2079 est.
1375 2036 1500 2079 Unde

112 2103 384 2146 credendum
403 2114 466 2147 est
484 2119 556 2147 eos
579 2105 774 2162 regulam
795 2106 1064 2165 baptismatis
1081 2121 1172 2149 non
1186 2114 1349 2160 tenere,
1367 2120 1498 2165 quam

112 2188 259 2217 secum
291 2173 418 2216 multi
448 2174 641 2216 haeretici
663 2208 673 2226 ‚
712 2190 812 2217 cum
847 2175 901 2218 de
936 2176 1159 2221 Catholica
1191 2175 1497 2229 discederent,

114 2243 393 2286 abstulerunt
409 2277 420 2296 ,
446 2258 630 2302 eamque
651 2244 918 2288 custodiunt.

173 2314 306 2355 XLV.
345 2313 557 2355 Photinus
580 2313 634 2356 ab
654 2314 900 2372 Epiphanio
924 2330 1012 2358 non
1038 2316 1246 2360 continuo
1267 2325 1366 2375 post
1383 2318 1498 2360 Pau—

117 2381 206 2424 lum
232 2383 319 2424 sive
342 2397 440 2424 cum
476 2382 609 2426 Paulo
626 2417 636 2436 ‚
663 2383 737 2426 sed
766 2383 856 2427 aliis
877 2384 1153 2443 interpositis,
1179 2386 1374 2444 ponitur.
1401 2388 1497 2430 Non

121 2461 285 2495 tacetur
313 2466 410 2494 sane
431 2452 580 2496 similia
605 2452 836 2497 credidisse
860 2474 867 2497 :
893 2455 1133 2498 secundum
1163 2454 1328 2514 aliquid
1352 2465 1495 2499 tamen

169 2543 174 2555 ῑ
198 2536 231 2565 lu
248 2534 330 2565 lilm·
354 2546 415 2566 xxi.
