1729 3143
217 192 299 232 298
648 203 681 230 ε.
717 199 949 230 nmmum
979 201 1162 231 nnscon

214 281 333 322 nere,
375 281 507 326 quam
541 264 776 309 dixerimus
806 280 895 310 esse
928 266 1085 310 bonam
1117 265 1388 313 voluntatem
1408 288 1418 314 z
1448 271 1602 330 opinor

215 338 348 391 enirn,
361 351 408 379 ea
422 336 535 378 dicta
544 344 623 389 est,
636 350 721 395 qua
734 345 850 380 recte
859 337 1179 396 atquehoneste
1190 338 1334 382 vivere
1342 341 1600 398 appetimus.

212 411 264 451 E.
285 411 348 450 Ita
359 405 549 448 memini.
568 408 619 448 Α.
640 408 762 450 Hanc
775 406 1602 465 igiturvoluntatem,sibonaitidemvo-

212 480 379 521 luntate
398 475 628 534 diligamus
645 485 776 537 atque
798 478 1127 537 amplectamur,
1145 479 1362 540 rebusque
1381 482 1599 537 omnibus,

214 561 321 606 quas
338 547 523 589 retinere
540 562 630 590 non
649 548 751 607 quia
774 547 974 593 volumus
999 565 1243 608 possumus,
1265 559 1602 609 anteponamus3

211 616 624 675 consequenterillae
633 618 830 674 virtutes,
842 621 1007 664 utratio
1020 621 1186 675 docuit,
1201 622 1394 664 animum
1408 631 1607 665 nostrum

211 685 427 743 incolent3
448 701 555 745 quas
574 687 733 731 habere
748 687 937 747 idipsum
955 699 1017 733 est
1031 700 1147 734 recte
1165 691 1434 750 honesteque
1446 691 1604 735 vivere.

173 771 177 788 ¹-
211 758 274 799 Ex
297 772 386 815 quo
409 756 682 811 conficitur1‚
708 767 756 801 ut
779 759 974 818 quisquis
999 769 1115 804 recte
1131 761 1402 819 honesteque
1424 759 1520 803 vult
1540 760 1605 803 vi-

168 829 175 882 j
210 842 326 882 vere,
353 827 387 870 si
415 828 461 871 id
483 844 527 872 se
548 828 661 872 velle
683 844 773 886 pree
804 830 1029 886 fugacibus
1061 832 1187 874 bonis
1208 830 1328 885 velit,
1357 840 1609 889 assequatur

208 904 376 939 tantam
396 911 487 938 rem
511 906 632 938 tanta
655 895 882 946 facilitate,
909 907 958 937 ut
975 898 1086 937 nihil
1110 899 1229 937 aliud
1250 900 1289 938 ei
1312 911 1444 953 quam
1467 899 1610 955 ipsum

169 974 171 982 ²
209 965 322 1010 velle
351 966 406 1009 sit
437 965 599 1008 habere
633 964 755 1023 quod
789 963 942 1007 voluit.
980 965 1031 1007 E.
1069 967 1180 1007 Vere
1203 965 1282 1008 tibi
1306 964 1421 1020 dico,
1451 967 1522 1010 vix
1542 983 1611 1011 me

209 1037 414 1080 contineo
437 1035 547 1094 quin
575 1033 814 1077 exclamem
839 1033 1006 1088 laetitia,
1027 1043 1206 1093 repente
1223 1035 1331 1079 mihi
1348 1035 1504 1080 oborto
1521 1046 1611 1081 tam

210 1120 387 1162 magno,
414 1114 458 1148 et
489 1114 578 1148 tam
606 1105 651 1148 in
681 1103 800 1148 facili
833 1104 1071 1148 constituto
1104 1105 1239 1148 bono.
1274 1108 1328 1150 A.
1362 1107 1499 1166 Atqui
1526 1107 1609 1151 hoc

209 1175 352 1234 ipsum
367 1174 595 1232 gaudium,
611 1173 734 1233 quod
751 1175 882 1234 hujus
899 1174 1005 1219 boni
1027 1175 1260 1234 adeptione
1278 1175 1486 1234 gignitur,
1509 1191 1610 1220 cum

210 1243 448 1304 tranquille
466 1254 510 1288 et
523 1245 670 1304 quiete
685 1254 817 1303 atque
835 1253 1085 1288 constanter
1108 1246 1233 1302 erigit
1255 1246 1465 1301 animum,
1484 1246 1609 1290 beata

209 1315 298 1359 vita
321 1313 483 1358 dicitur
503 1333 512 1358 :
539 1314 622 1357 nisi
644 1323 693 1357 tu
715 1322 842 1372 putas
864 1313 986 1356 aliud
1008 1328 1097 1357 esse
1119 1315 1247 1357 beate
1273 1314 1440 1370 vivere,
1476 1330 1609 1374 quam

210 1385 322 1429 veris
338 1384 465 1427 bonis
480 1384 696 1442 certisque
713 1383 919 1441 gaudere.
955 1386 1006 1426 E.
1043 1386 1110 1426 Ita
1124 1385 1279 1428 sentio.

268 1455 412 1497 XXX.
447 1455 502 1497 A.
538 1455 705 1497 Recte:
738 1453 815 1497 sed
843 1468 1068 1497 censes-ne
1092 1469 1357 1514 quemquam
1380 1455 1611 1500 hominum

210 1539 302 1569 non
331 1523 534 1568 omnibus
572 1522 713 1567 modis
746 1522 859 1567 velle
892 1533 1024 1584 atque
1057 1533 1206 1584 optare
1236 1525 1371 1570 vitam
1405 1526 1611 1570 beatam?

210 1596 263 1638 E.
300 1593 407 1646 Quis
433 1591 609 1637 dubitat
639 1607 815 1637 omnem
842 1593 1069 1638 hominem
1097 1593 1241 1637 velle?
1273 1598 1327 1640 A.
1360 1597 1451 1641 Cur
1479 1596 1611 1654 igitur

212 1678 308 1707 eam
323 1678 413 1707 non
431 1662 734 1722 adipiscuntur
751 1664 931 1706 omnes?
953 1664 1204 1707 Dixeramus
1222 1665 1339 1721 enim
1357 1674 1489 1724 atque
1505 1681 1612 1710 con-

166 1733 170 1736 ’
212 1742 392 1778 venerat
407 1733 520 1776 inter
537 1748 631 1787 nos,
656 1732 886 1777 voluntate
901 1732 1023 1776 illam
1045 1735 1200 1777 mereri
1217 1735 1433 1790 homineS,
1451 1735 1611 1780 volun-

213 1812 302 1847 tate
323 1803 453 1846 etiam
472 1803 688 1857 miseram,
714 1811 758 1846 et
780 1803 839 1846 sic
854 1803 1012 1846 mereri
1033 1811 1083 1846 ut
1105 1803 1346 1862 accipiant:
1370 1819 1490 1848 nunc
1507 1819 1610 1849 vero

214 1873 354 1917 existit
380 1873 525 1916 nescio
548 1889 648 1932 quae
671 1873 976 1932 repugnantia,
1002 1881 1045 1916 et
1066 1872 1147 1916 nisi
1162 1872 1394 1931 diligenter
1408 1873 1608 1933 dispicia-

214 1959 326 1998 mus,
340 1943 595 2002 perturbare
609 1943 764 1987 nititur
775 1944 1043 2003 superiorem
1058 1952 1148 1987 tam
1161 1943 1408 2002 evigilatam
1419 1944 1610 1988 firmam-

214 2030 300 2074 que
315 2015 543 2058 rationem.
566 2013 798 2068 Quomodo
814 2015 931 2058 enim
952 2015 1179 2059 voluntate
1202 2015 1386 2074 quisque
1409 2015 1610 2059 miseram

214 2086 348 2131 vitam
381 2085 560 2144 patitur,
598 2100 698 2129 cum
734 2086 911 2128 omnino
947 2099 1077 2128 nemo
1109 2082 1215 2128 velit
1248 2084 1403 2128 misere
1435 2085 1609 2129 vivere?

215 2159 303 2200 Aut
319 2155 542 2216 quomodo
563 2154 792 2199 voluntate
814 2155 986 2198 beatam
1005 2155 1137 2198 vitam
1158 2155 1439 2214 consequitur
1456 2155 1604 2210 homo,

215 2242 316 2271 cum
334 2236 424 2271 tam
440 2225 569 2270 multi
591 2226 734 2270 miseri
754 2225 856 2279 sint,
881 2234 924 2269 et
945 2224 1061 2268 beati
1079 2239 1229 2269 omnes
1251 2240 1340 2268 esse
1363 2224 1523 2268 velint?
1539 2228 1608 2269 An

218 2312 268 2340 eo
289 2297 449 2352 evenit,
475 2296 597 2356 quod
619 2295 740 2339 aliud
763 2305 829 2340 est
848 2295 960 2340 velle
980 2295 1093 2339 bene
1117 2303 1192 2338 aut
1213 2293 1349 2349 male,
1374 2293 1493 2338 aliud
1513 2309 1607 2338 me-

218 2367 300 2409 reri
323 2365 485 2426 aliquid
510 2381 586 2425 per
608 2365 768 2409 bonam
792 2365 863 2410 vel
884 2364 1043 2408 malam
1072 2364 1375 2409 voluntatem?
1404 2366 1514 2409 Nam
1544 2362 1607 2406 illi

163 2426 170 2438 ³
219 2435 294 2493 qui
314 2435 430 2479 beati
447 2446 564 2490 sunt,
585 2451 693 2495 quos
714 2435 845 2479 etiam
862 2435 1001 2480 bonos
1023 2449 1113 2478 esse
1135 2442 1323 2493 oportet,
1354 2448 1443 2477 non
1470 2446 1604 2491 prop-

270 2524 279 2540 ῑ
305 2528 316 2548 1
338 2519 483 2550 Retract.
504 2529 576 2559 cap.
596 2530 641 2560 ιι,
660 2530 693 2550 n.
715 2518 745 2550 3.
