1729 3143
238 177 321 217 490
421 187 467 217 ss
490 185 719 216 Avensa-1⁸1
751 186 933 213 zmscom
964 186 1019 213 DE
1049 187 1216 226 animm,
1251 190 1334 218 ΠΒ.
1370 191 1418 218 11.

235 257 316 312 rit,
340 270 420 300 nec
446 254 527 312 ipsi
548 251 702 312 aliquis
724 251 802 312 qui
822 265 1002 311 peccare
1030 251 1233 297 voluerit.
1258 253 1328 299 Illi
1351 254 1504 301 dicunt
1524 271 1613 302 esse

234 334 435 370 naturam
464 321 568 365 mali
595 321 667 366 cui
695 324 823 366 Deus·
843 331 1017 367 coactus
1040 331 1105 367 est
1132 332 1300 368 naturae
1331 339 1420 368 suae
1449 334 1616 385 partem

235 395 337 441 dare
359 393 639 439 cruciandam
658 410 667 438 :
685 395 773 439 Nos
790 391 974 438 dicimus
997 393 1172 439 nullum
1194 394 1358 440 malum
1381 410 1471 440 esse
1485 405 1618 441 natu-

234 466 346 523 rale,
365 463 443 510 sed
458 479 608 509 omnes
628 473 802 509 naturas
818 465 955 510 bonas
970 469 1084 510 esse²
1098 500 1111 521 ‚
1133 474 1177 510 et
1191 466 1334 526 ipsum
1350 468 1491 511 Deum
1506 483 1619 512 sum-

235 551 351 582 mam
366 551 456 581 esse
473 544 691 592 naturam,
711 545 886 582 caeteras
903 552 954 581 ex
970 537 1065 597 ipso
1085 551 1175 582 esse
1190 545 1365 582 naturas
1382 556 1392 583 :
1410 546 1453 583 et
1469 553 1620 583 omnes

236 609 373 653 bonas
392 607 438 651 in
456 615 672 667 quantum
693 616 795 651 sunt
815 626 824 653 :
850 608 1055 669 quoniam
1080 606 1183 652 fecit
1204 611 1318 652 Deus
1339 608 1482 652 omnia
1504 607 1622 653 bona

235 677 363 723 valde
383 712 395 733 ‚
433 677 510 722 sed
542 677 828 723 distinctionis
851 679 1055 737 gradibus
1076 678 1273 724 ordinata
1290 713 1302 735 ‚
1333 688 1384 723 ut
1419 679 1475 723 sit
1504 678 1623 723 aliud

238 748 323 793 alio
345 746 528 806 melius3
553 757 684 809 atque
705 749 766 792 ita
795 749 916 793 omni
946 764 1101 808 genere
1130 749 1350 794 bonorum
1370 748 1625 794 universitas

239 820 320 863 ista
353 817 626 878 compleatur
640 853 652 874 ‚
679 834 778 877 quae
811 819 1073 877 quibusdam
1103 820 1327 878 perfectiS,
1363 818 1626 880 quibusdam

239 887 505 950 imperfectis
517 924 528 944 ‚
554 897 645 933 tota
663 888 858 947 perfecta
873 897 938 932 est
955 922 968 944 ‚
991 904 1124 948 quam
1141 892 1256 934 Deus
1278 890 1457 934 effector
1474 889 1627 934 condi-

239 970 396 1021 torque
428 961 519 1020 ejus
551 961 669 1019 justo
703 959 1001 1004 moderamine
1028 960 1328 1004 administrare
1349 975 1439 1005 non
1460 969 1624 1017 cessat;

240 1034 319 1093 qui
340 1032 485 1077 omnia
502 1032 618 1075 bona
639 1030 743 1075 iacit
760 1030 986 1076 voluntate
999 1066 1011 1087 ‚
1040 1030 1152 1075 nihil
1172 1030 1274 1076 mali
1295 1031 1459 1091 patitur
1474 1045 1626 1075 neces-

241 1103 381 1148 sitate.
401 1103 535 1162 Cujus
553 1102 669 1147 enim
685 1101 887 1148 voluntas
909 1111 1084 1162 superat
1100 1102 1245 1146 omnia
1261 1136 1273 1157 ‚
1297 1100 1419 1146 nulla
1437 1116 1490 1145 ex
1505 1110 1628 1161 parte

242 1172 485 1234 quidquam
516 1173 648 1218 sentit
681 1174 857 1218 invitus.
893 1175 1008 1219 Cum
1038 1188 1142 1233 ergo
1167 1172 1240 1217 illa
1266 1171 1355 1228 illi,
1381 1180 1424 1216 et
1450 1187 1528 1217 nos
1548 1172 1627 1216 ista

243 1245 429 1290 dicimus
446 1280 458 1300 ‚
492 1246 792 1305 unusquisque
814 1244 944 1304 eligat
970 1245 1079 1304 quid
1099 1252 1321 1304 sequatur.
1356 1245 1451 1302 Ego
1481 1243 1624 1299 enim,

241 1315 365 1378 quod
379 1316 496 1361 bona
517 1315 605 1360 fide
626 1331 768 1361 coram
790 1318 881 1361 Deo
904 1316 1086 1360 dixerim
1101 1350 1113 1371 ‚
1137 1315 1229 1359 sine
1247 1314 1340 1359 ullo
1360 1313 1503 1359 studio
1520 1329 1628 1359 con-

243 1383 449 1436 tentionis
464 1428 476 1448 ‚
500 1389 593 1435 sine
614 1388 758 1449 aliqua
775 1386 1050 1433 dubitatione
1070 1387 1260 1432 veritatis
1274 1421 1285 1442 ‚
1311 1395 1355 1431 et
1369 1386 1460 1430 sine
1481 1384 1629 1446 aliquo

244 1462 500 1524 praejudicio
519 1460 804 1521 diligentioris
817 1458 1110 1518 tractationis,
1133 1472 1232 1518 quae
1246 1456 1354 1502 mihi
1366 1455 1629 1502 videbantur

247 1535 440 1597 exposui.

293 1640 306 1657 ²
329 1644 343 1666 1
367 1635 512 1665 Reti-act.
526 1640 602 1674 cap.
620 1639 654 1672 x,
670 1640 703 1663 n.
721 1628 755 1662 3.
