1729 3143
230 243 310 279 228
656 247 689 273 s.
728 246 957 272 Auo-usum
992 246 1171 272 mistum

227 316 370 360 dicere
389 311 572 368 intelligi
590 309 727 353 voluit
743 344 753 363 ‚
779 314 873 369 quis
890 325 962 354 eos
985 310 1030 352 in
1046 310 1126 353 hac
1145 308 1427 366 ambiguitate
1442 310 1610 354 discer-

225 386 332 430 nat‘?
356 381 434 425 Vel
462 378 684 439 quomodo
719 389 898 438 possunt
930 378 1115 437 intelligi
1143 378 1328 437 quilibet
1350 393 1497 422 eorum
1530 384 1612 423 Pa-

223 464 333 500 trem
356 465 529 511 passum
547 449 678 493 fuisse
700 465 790 494 non
812 450 955 494 dicere
974 485 985 505 ,
1011 465 1110 494 cum
1134 449 1281 493 dicant
1310 449 1515 493 eumdem
1543 451 1611 508 ip-

220 539 316 568 sum
339 536 428 564 esse
450 530 494 563 et
516 523 688 563 Patrem
707 530 750 564 et
772 519 934 564 Filium
955 529 998 562 et
1023 519 1231 578 Spiritum
1253 521 1488 562 sanctum?
1511 519 1614 562 Phi-

219 592 348 637 laster
386 599 533 634 autern
571 590 797 634 Brixianus
840 591 1065 648 episcopus
1098 590 1143 632 in
1181 589 1467 648 prolixissimo
1501 587 1615 632 libro

221 676 353 722 quem
376 661 430 704 de
451 659 693 703 haeresibus
713 659 925 714 condidit,
944 668 987 702 et
998 676 1156 703 cxxvnr
1180 659 1364 702 haereses
1386 659 1617 702 arbitratus

221 741 286 775 est
324 731 666 789 computandas,
711 728 979 773 Sabellianos
1010 729 1221 773 continuo
1254 738 1349 786 post
1381 729 1616 773 Noetianos

221 816 419 860 ponens:
451 819 470 841 «
494 798 730 853 sabellius,
756 799 900 858 inquit
917 833 928 853 ,
954 798 1192 857 discipulus
1215 799 1306 857 ejus
1323 833 1333 852 ,
1360 798 1437 857 qui
1466 797 1618 840 simili-

224 888 245 912 »
271 869 470 914 tudinem
498 869 563 913 sui
591 868 781 913 doctoris
815 868 967 912 itidem
1000 877 1174 912 secutus
1204 878 1292 920 est,
1318 867 1435 911 unde
1467 876 1510 910 01
1543 869 1619 910 Sa-

223 959 245 982 »
270 940 449 984 belliani
480 948 628 998 postea
650 948 751 982 sunt
775 939 1007 997 appellati,
1033 939 1109 997 qui
1139 947 1182 981 et
1210 937 1517 995 Patripassiani
1534 971 1544 990 ,
1577 945 1623 979 et

223 1031 243 1053 »
270 1010 479 1055 Praxeani
499 1025 524 1053 a
547 1013 726 1063 Praxea,
763 1018 806 1053 et
838 1009 1180 1067 Hermogeniani
1218 1008 1271 1052 ab
1309 1010 1585 1065 Hermogene
1608 1042 1618 1061 ‚

226 1100 244 1122 >›
276 1080 352 1139 qui
372 1079 555 1123 fuerunt
573 1079 619 1122 in
639 1079 812 1133 Africa,
837 1079 912 1137 qui
929 1087 973 1122 et
999 1079 1057 1121 ita
1088 1078 1322 1121 sentientes
1340 1077 1497 1136 abjecti
1520 1085 1624 1119 sunt

221 1166 243 1190 1)
270 1149 324 1191 ab
347 1145 541 1191 Ecclesia
560 1148 790 1186 catholica.
813 1168 830 1182 »
856 1150 983 1191 Certe
1004 1147 1084 1190 iste
1101 1146 1275 1191 eosdem
1299 1155 1451 1204 postea
1471 1144 1623 1189 Sabel-

218 1217 357 1260 lianos
381 1214 488 1256 dixit
506 1209 760 1270 appellat08‚
783 1211 858 1269 qui
881 1228 928 1255 ea
949 1230 1047 1272 quae
1072 1219 1232 1262 Noetus
1258 1215 1535 1270 sentiebant3
1583 1223 1626 1257 et

221 1285 303 1329 alia
345 1282 522 1326 nomina
559 1279 754 1338 ejusdem
789 1288 915 1323 sectae
951 1285 1313 1329 commemoravit
1349 1301 1357 1324 z
1396 1293 1440 1324 et
1475 1291 1624 1325 tamon

219 1353 453 1399 Noetianos
485 1358 528 1393 et
560 1348 825 1393 Sabellianos
854 1350 934 1393 sub
967 1349 1141 1393 duobus
1178 1351 1370 1394 numeris
1407 1361 1619 1411 tauquam

224 1423 332 1468 duas
353 1422 536 1465 haereses
559 1419 726 1478 posuit,
747 1435 846 1478 quae
869 1434 997 1463 causa
1013 1455 1023 1474 ,
1051 1421 1142 1478 ipse
1165 1419 1344 1464 viderit.

283 1494 422 1536 XLII.
460 1489 709 1547 Origeniani
724 1491 788 1547 (7)
806 1505 828 1532 a
851 1489 1044 1548 quodam
1063 1491 1250 1546 Origene
1269 1491 1374 1534 dicti
1397 1499 1516 1544 sunt,
1533 1506 1626 1535 non

224 1564 299 1609 1110
322 1562 398 1622 qui
421 1561 511 1605 fere
533 1559 737 1604 omnibus
770 1568 898 1603 notus
928 1569 1013 1614 est,
1046 1559 1120 1603 sed
1139 1561 1194 1603 ab
1220 1560 1302 1603 alio
1331 1561 1474 1603 nescio
1496 1577 1585 1619 quo
1612 1596 1622 1614 ‚

225 1635 281 1679 de
305 1648 393 1691 quo
422 1631 491 1674 vel
517 1629 800 1674 sectatoribus
822 1630 914 1687 ejus
943 1629 1216 1688 Epiphanius
1239 1630 1424 1689 loquens
1447 1650 1454 1674 ;
1485 1650 1504 1672 «
1523 1631 1625 1675 Ori-

232 1725 250 1747 »
280 1702 453 1762 geniani
471 1736 481 1755 ,
507 1700 676 1760 inquit,
703 1699 929 1758 cujusdam
951 1700 1166 1758 Origenis,
1194 1701 1333 1760 turpis
1354 1710 1500 1745 autem
1524 1711 1627 1745 sunt

232 1795 251 1817 »
278 1772 563 1832 operationis,
598 1770 667 1814 isti
699 1779 801 1813 sunt
836 1768 1027 1813 nefanda
1059 1769 1290 1824 facientes,
1329 1785 1406 1813 sua
1441 1786 1624 1829 corpora

230 1863 251 1887 »
278 1842 551 1902 corruptioni
572 1839 806 1885 tradentes.
831 1856 851 1879 »
878 1838 997 1883 Alios
1020 1847 1165 1882 autem
1184 1839 1470 1896 Origenianos
1489 1839 1627 1882 eonti-

233 1929 324 1958 nuo
346 1912 579 1972 subjiciens
598 1930 606 1954 ε

288 1986 452 2028 XLIII.
493 2002 512 2024 «
534 1982 810 2041 Origcniani‚
847 1982 1020 2041 inquit,
1058 1981 1154 2035 alii,
1192 1980 1268 2040 qui
1298 1991 1340 2024 et
1371 1981 1627 2024 Adamantii

232 2076 252 2099 »
279 2054 539 2108 tractatoris,
563 2054 694 2112 quiet
711 2061 986 2096 mortuorum
1002 2052 1364 2096 resurrectionem
1380 2050 1624 2109 repellunt:

232 2148 252 2170 »
279 2128 502 2173 Christum
525 2134 669 2169 autem
693 2133 933 2167 creaturam
957 2132 999 2166 et
1024 2122 1233 2180 Spiritum
1258 2132 1458 2166 sanctum
1484 2122 1625 2165 intro-

235 2217 255 2240 »
284 2198 491 2241 ducentes
513 2215 520 2239 :
549 2194 794 2254 paradisum
820 2202 965 2236 autem
984 2202 1027 2235 et
1047 2191 1181 2236 coelos
1203 2200 1246 2235 et
1269 2191 1349 2234 alia
1368 2192 1510 2234 omnia
1525 2191 1579 2233 all
1588 2206 1625 2233 0-

234 2288 253 2310 »
282 2268 535 2327 gorizantes.
562 2284 580 2305 η
609 2267 713 2308 Haec
736 2262 912 2322 quidem
937 2262 992 2305 de
1014 2263 1201 2319 Origene
1218 2260 1490 2319 Epiphanius
1513 2279 1521 2304 :
1549 2260 1623 2303 sed

234 2341 309 2398 qui
334 2354 435 2382 cum
464 2335 738 2389 defendunt,
773 2334 901 2377 unius
934 2334 1217 2392 ejusdemque
1249 2331 1504 2375 substantiae
1535 2345 1625 2375 esse

234 2410 387 2453 dicunt
415 2408 610 2452 docuisse
630 2410 801 2450 Patrem
828 2414 868 2448 et
897 2403 1055 2447 Filium
1087 2412 1128 2446 01
1153 2402 1360 2460 Spiritum
1392 2411 1588 2446 sanctum
1613 2420 1621 2444 ε

239 2495 380 2537 mique
414 2478 769 2521 resurrectionem
799 2474 1006 2533 repulisse
1032 2481 1302 2516 mortuormn
1330 2492 1337 2515 ;
1364 2472 1561 2531 quamvis
1585 2480 1626 2514 ct

240 2551 282 2593 ir.
308 2550 394 2592 {stis
419 2564 513 2590 (vum
540 2547 796 2591 com-incort-
814 2543 1038 2597 studeant,
1058 2543 1131 2601 (gui
1154 2543 1241 2600 <ius
1260 2541 1384 2600 piura
1406 2541 1619 2600 legerunt.

1698 2586 1701 2628 i
