1729 3143
30 132 37 228 Ι

24 230 37 284 ,j
183 237 187 241 ·
338 237 420 264 Lm.
455 237 503 263 11.
541 237 594 264 DE
626 236 810 265 Moumus
842 230 1186 264 MANICHAEORUM.
1372 223 1455 263 557

17 283 38 419 ’ξ
72 297 321 355 concordia,
342 309 385 345 et
406 309 551 345 tantus
567 301 613 345 in
627 300 918 360 perversitatis
933 300 1033 345 sede
1054 300 1161 345 ordo
1179 298 1453 344 describitur.

74 370 114 414 Si
136 370 254 430 quod
279 380 434 427 nocet,
469 371 634 417 malum
666 381 756 426 est,
791 371 944 417 omitto
973 371 1084 416 illud
1114 370 1457 416 valentissimum

22 434 37 505 [ξ
71 440 191 500 quod
211 456 340 501 supra
361 441 526 487 dictum
550 452 627 499 est,
653 441 799 487 noceri
822 457 911 486 non
935 442 1148 502 potuisse,
1177 441 1255 486 ubi
1283 440 1457 486 nullum

0 553 2 559 ,
24 520 37 568 ⁴.)
71 519 163 555 erat
184 511 348 556 bonum
374 531 382 556 :
407 511 483 557 sed
504 513 539 557 si
560 514 643 558 hoc
671 512 907 558 obscurum
929 521 991 556 est
1008 548 1018 567 ,
1044 512 1155 556 illud
1174 521 1291 556 certe
1312 511 1457 557 omni-

0 621 1 643 ]
22 571 38 662 τ’
72 581 154 637 bus
176 583 339 628 eminet
360 593 404 628 et
425 594 604 644 apparet
619 619 630 640 ,
651 584 770 644 quia,
795 585 908 629 sicut
931 582 1034 639 dixi,
1060 593 1104 628 et
1121 592 1172 628 ut
1192 598 1343 629 omnes
1357 598 1459 628 con-

29 669 32 676 ’
71 653 280 709 sentiunt,
302 653 424 715 quod
437 665 567 700 nocet
586 664 649 700 est
663 654 827 700 malum
850 674 859 700 ε
885 653 1031 699 fumus
1047 655 1094 699 in
1109 654 1181 699 illa
1200 663 1328 714 gente
1342 654 1460 714 bipe-

0 780 1 787 ἵ
27 723 32 766 j
71 722 200 769 dibus
223 725 482 771 animalibus
499 742 589 771 non
617 728 831 783 nocebat,
858 726 1008 786 genuit
1031 741 1078 770 ea
1094 761 1106 781 ,
1136 735 1179 770 et
1201 726 1308 770 aluit
1329 734 1460 786 atque

0 838 3 847 ,
30 823 33 838 ,κ
71 796 276 840 sustinuit
298 797 389 840 sine
409 796 508 841 labe
526 798 747 842 nascentia
761 832 771 852 ,
792 797 1025 842 crescentia
1039 831 1049 851 ‚
1075 796 1312 856 regnantia.
1333 798 1461 842 Nunc

28 884 33 910 a
72 881 175 911 vero
196 876 425 927 postquam
448 869 628 912 mixtum
648 876 711 911 est
732 866 847 912 malo
867 867 1050 921 bonum,
1073 866 1300 911 nocentior
1315 865 1462 911 sumus

31 964 33 983 ι
72 938 253 982 effectus
271 946 355 993 est,
378 938 436 982 ita
454 947 504 983 ut
526 953 549 982 a
571 937 697 982 nobis
722 938 799 998 qui
821 946 937 982 certe
953 937 1133 996 bipedes
1156 952 1321 994 sumus,
1339 937 1463 983 susti-

0 1065 3 1069 .
28 1023 33 1030 ²
72 1007 165 1051 neri
187 1023 275 1052 non
297 1008 454 1067 possit,
478 1016 681 1063 excaecat,
701 1008 923 1068 opprimit,
942 1016 1082 1052 necat.
1108 1010 1326 1052 Tanta-ne
1341 1007 1463 1051 malis

0 1114 4 1141 3
29 1095 33 1122 -:
73 1078 296 1123 elementis
311 1078 621 1123 commixtione
638 1079 742 1123 boni
759 1079 934 1124 accessit
950 1078 1224 1123 immanitas?
1240 1087 1359 1123 tanta
1374 1081 1464 1123 Deo

0 1195 5 1201 ,
30 1167 34 1173 ’
73 1158 282 1208 regnante
303 1149 588 1209 perversitas?

0 1266 4 1273 ,
38 1212 41 1254 ἓ
134 1221 277 1263 XVII.
303 1220 430 1263 Certe
442 1218 575 1262 curin
588 1219 752 1263 caeteris
766 1217 964 1263 videmus
977 1219 1102 1264 istam
1116 1219 1462 1278 congruentiam,

0 1346 3 1353 Ι
38 1259 41 1342 l
73 1305 174 1350 quae
202 1297 423 1333 auctorem
453 1298 645 1334 vestrum
674 1289 848 1349 decepit
877 1299 1008 1350 atque
1036 1290 1174 1335 illexit
1199 1289 1256 1335 ad
1284 1304 1466 1348 compo-

0 1417 3 1423 ·
38 1370 41 1424 Ι
74 1358 219 1404 nenda
253 1358 509 1404 mendacia?
543 1362 648 1415 Cur,
687 1360 893 1420 inquam,
934 1361 1126 1406 tenebrae
1162 1360 1464 1420 serpentibus,

0 1489 3 1493 ι
30 1426 42 1485 s}
77 1446 201 1490 aquae
219 1430 486 1483 natantibus,
504 1432 624 1474 venti
640 1430 888 1475 volantibus
909 1440 1161 1491 congruunt
1182 1450 1191 1476 :
1214 1430 1468 1491 quadrupe·

0 1549 4 1554 ,
33 1507 41 1551 1
77 1500 176 1546 dem
198 1516 301 1546 vero
317 1501 427 1559 ignis
448 1499 659 1555 incendit,
677 1510 720 1544 et
742 1516 820 1545 nos
838 1500 984 1546 fumus
1001 1503 1193 1545 offocat?
1214 1500 1331 1554 Quid
1348 1499 1469 1560 quod

0 1595 3 1637 '.
33 1567 42 1640 ³}
78 1573 206 1617 etiam
227 1581 445 1632 serpentes
463 1571 705 1616 acutissime
724 1570 890 1626 vident,
913 1579 956 1615 et
975 1571 1205 1630 praesentia
1227 1571 1326 1615 solis
1343 1571 1468 1615 exul-

0 1681 3 1698 ,ἶ
32 1659 36 1696 g
79 1652 194 1698 tant,
217 1643 366 1702 ibique
387 1652 490 1687 sunt
509 1640 848 1687 abundantiores
863 1676 877 1695 ‚
911 1641 989 1685 ubi
1017 1644 1088 1685 ae'r
1105 1641 1295 1686 serenior
1312 1639 1470 1686 diffici-

26 1653 43 1760 'li
78 1714 161 1758 lius
183 1723 227 1758 et
248 1714 382 1757 rarius
403 1713 567 1757 nubem
585 1711 829 1757 contrahit?
850 1710 968 1764 Quid
989 1711 1238 1766 absurdius,
1258 1726 1390 1772 quam
1407 1711 1470 1756 ibi

33 1780 43 1829 ἰ
80 1799 169 1829 esse
201 1783 569 1830 accommodatius
590 1792 634 1827 et
656 1783 796 1842 aptius
825 1781 988 1826 incolas
1016 1791 1316 1842 amatoresque
1344 1791 1470 1826 tene-

0 1904 3 1910 ,
34 1846 43 1911 l}
80 1856 274 1910 brarum,
311 1855 387 1899 ubi
423 1853 532 1898 lucis
566 1853 874 1913 perspicuitate
903 1853 1150 1912 gaudetur?
1178 1852 1310 1906 Quod
1337 1853 1371 1898 si
1399 1868 1471 1898 eos

0 1975 2 1981 y
34 1914 43 1968 :⁴
81 1925 221 1970 dicitis
253 1924 458 1969 delectari
490 1923 634 1982 potius
667 1923 807 1967 calore
836 1937 968 1982 quam
988 1923 1176 1977 lumine,
1201 1923 1344 1967 multo
1365 1938 1472 1968 con-

0 2056 1 2062 *
34 2014 38 2055 3
84 1996 308 2056 gruentius
341 1994 385 2036 in
415 1993 515 2052 igne
537 2001 757 2051 serpentes
779 1991 938 2036 alacres
960 2001 1108 2046 natos,
1143 2007 1275 2052 quam
1295 1993 1472 2038 tardum

36 2056 44 2103 3!
84 2067 251 2111 asinum
285 2064 510 2109 diceretis:
548 2072 590 2107 et
623 2072 769 2107 tamen
802 2062 891 2106 luci
922 2062 1025 2106 huic
1059 2063 1241 2107 amicam
1276 2063 1471 2122 aspidem

0 2128 1 2182 Ῐ
36 2156 45 2184 ιι
84 2138 181 2198 quis
213 2144 364 2195 neget,
404 2149 504 2178 cum
540 2134 630 2193 ejus
658 2132 772 2178 oculi
802 2132 959 2192 aquilae
980 2131 1117 2177 oculis
1139 2136 1472 2193 comparentur?

0 2201 1 2205 ¹
35 2216 60 2257 :⁷⁷
88 2206 173 2253 Sed
186 2206 241 2251 de
259 2205 406 2250 bestiis
423 2203 587 2249 videro.
609 2206 695 2248 Nos
713 2204 825 2263 ipsos
843 2203 1022 2248 obsecro
1039 2202 1364 2248 consideremus
1381 2205 1472 2249 sine

85 2276 338 2338 pertinacia,
363 2283 406 2319 et
423 2273 598 2319 tandem
616 2272 777 2318 fabulis
797 2273 918 2317 vanis
941 2282 983 2317 et
1005 2274 1255 2332 perniciosis
1279 2275 1472 2319 animum

37 2366 40 2386 ι
88 2362 308 2392 exuamus.
335 2345 440 2398 Quis
467 2344 583 2388 enim
611 2353 775 2388 tantam
796 2344 1123 2402 perversitatem
1144 2344 1270 2399 ferat,
1295 2360 1382 2405 qua
1403 2345 1473 2389 di-

31 2436 41 2462 ι
88 2420 202 2463 citur
223 2419 268 2461 in
285 2417 562 2461 tenebrarum
582 2423 724 2473 gente,
745 2414 816 2458 cui
837 2413 948 2458 nihil
970 2413 1209 2458 admixtum
1232 2424 1323 2460 erat
1339 2414 1472 2459 lumi-

34 2501 47 2533 υ
90 2489 172 2544 nis,
197 2486 394 2533 animalia
416 2486 587 2545 bipedia
611 2494 694 2529 tam
714 2485 900 2540 firmam,
934 2494 1022 2529 tam
1043 2494 1256 2544 vegetam,
1282 2494 1371 2530 tam
1394 2486 1473 2529 de-

34 2576 47 2604 ι,
92 2560 224 2620 nique
252 2557 551 2604 incredibilem
575 2557 662 2601 vim
683 2556 883 2602 habuisse
904 2557 950 2601 in
970 2555 1196 2603 oculorum
1215 2556 1330 2613 acie,
1361 2565 1410 2602 ut
1431 2566 1474 2602 et
