1729 3143
228 172 312 212 136
510 179 542 210 s.
578 178 808 209 Aueusnm
840 177 1022 206 flascon
1054 177 1109 205 DE
1139 175 1329 207 cammo.

227 251 296 294 lus
326 248 573 293 infirmatur
590 281 600 301 ,
639 247 741 305 quia
765 246 1017 304 incorrupta
1050 245 1187 289 salute
1210 244 1398 290 laetatur.
1424 247 1536 292 Cum
1557 246 1614 292 il-

225 319 299 365 luc
341 319 611 371 venerimUS,
643 331 732 360 non
767 316 829 360 ibi
866 316 1101 360 esuriemus
1133 324 1209 360 aut
1240 316 1433 362 sitiemus
1463 337 1472 362 ε
1508 317 1614 363 visio

222 391 314 450 ipsa
343 389 513 433 satietas
538 396 682 432 nostra
713 388 808 431 erit.
849 389 947 432 Non
978 387 1040 431 ibi
1071 386 1358 443 dormiemus,
1394 388 1497 448 quia
1524 404 1616 434 non

222 461 283 504 ibi
320 458 630 503 laborabimus.
657 458 787 504 Nulla
816 458 1048 518 cujuslibet
1080 459 1142 502 rei
1173 458 1411 503 necessaria
1445 459 1525 503 erit
1547 474 1616 503 re-

222 529 387 582 fectio,
420 528 498 571 ubi
532 528 652 572 nulla
686 529 764 573 erit
792 528 995 573 defectio.
1034 529 1270 584 Vivemus,
1306 529 1582 587 regnabimus
1602 565 1614 585 ,

218 599 481 642 laetabimur.
511 599 553 644 Si
580 608 753 644 tantum
777 598 965 644 delectat
988 615 1088 644 cum
1106 600 1161 644 de
1179 616 1227 644 ea
1245 599 1486 659 loquimur,
1508 599 1618 660 quid

217 669 298 712 erit
319 678 363 714 et
383 669 531 713 videre
552 689 560 714 :
592 669 749 713 Videre
775 673 911 714 Deum
930 706 941 725 ‚
965 671 1110 715 vivere
1132 686 1232 714 cum
1258 674 1370 725 Deo,
1394 671 1540 715 vivere
1562 671 1617 714 de
1660 689 1663 690 ⁷

219 742 324 783 Deo.
352 741 450 785 Vita
473 742 589 785 enim
612 751 756 785 nostra
775 742 857 785 erit
878 741 1058 785 laudare
1077 745 1239 796 Deum,
1265 751 1309 785 et
1330 742 1421 785 sine
1439 741 1618 786 defectu

219 824 378 854 amare.
411 830 431 853 «
449 812 570 856 Beati
588 813 725 866 enim,
752 812 810 856 ait
835 812 1078 871 Propheta,
1103 812 1180 871 qui
1202 811 1404 856 habitant
1421 812 1467 855 in
1484 812 1616 856 domo

219 897 240 920 »
265 889 366 935 tua,
411 882 620 936 Domine,
667 883 712 925 in
741 882 897 926 saecula
928 882 1190 926 saeculorum
1218 880 1468 925 laudabunt
1487 884 1570 924 te1.
1593 899 1614 922 »

218 952 390 994 Fratres
413 950 705 1006 dilectissimi,
731 953 765 996 si
787 968 886 996 cum
910 952 1219 1011 navigantibus
1239 951 1550 1006 laboravimus,
1574 958 1618 993 et

217 1019 454 1064 viatoribus
472 1020 683 1064 ducatum
697 1022 984 1074 praebuimus,
1001 1022 1036 1063 si
1053 1021 1200 1062 devias
1212 1020 1361 1062 fauces
1376 1019 1614 1074 latronum,

215 1089 300 1132 hoc
323 1095 407 1139 est,
435 1085 742 1128 haereticorum
766 1084 950 1128 sollicite
979 1086 1398 1142 demonstravimus,
1424 1089 1459 1131 si
1479 1088 1618 1146 ipsam

215 1157 402 1215 patriam
438 1154 659 1200 coelestem
696 1154 960 1199 declaratam
996 1165 1128 1216 atque
1151 1156 1495 1201 demonstratam
1524 1159 1617 1218 jam

217 1225 392 1270 cernitis
406 1224 542 1269 oculis
560 1224 702 1268 cordis
721 1225 852 1269 vestri
882 1244 891 1270 ;
919 1225 1089 1269 reddite
1104 1226 1229 1269 nobis
1242 1225 1438 1270 fructum
1457 1226 1618 1272 laboris

216 1295 365 1340 nostri.
399 1294 614 1349 Reddite,
634 1293 789 1338 fratres
807 1329 818 1349 ,
843 1294 1035 1349 reddite,
1061 1295 1269 1352 exigimus
1294 1312 1317 1339 a
1336 1297 1476 1341 vobis.
1504 1296 1617 1342 Talis

216 1376 279 1411 est
301 1367 418 1410 enim
443 1381 604 1410 merces
627 1375 772 1409 nostra
788 1401 798 1420 ,
825 1381 957 1425 quam
989 1382 1012 1409 a
1039 1366 1162 1410 vobis
1187 1367 1395 1425 exigimus
1413 1402 1424 1421 ‚
1458 1377 1508 1411 ut
1534 1383 1616 1413 nec

217 1453 292 1481 nos
317 1436 481 1496 pudeat
504 1445 650 1495 petere
665 1471 675 1490 ‚
699 1451 778 1480 nec
796 1452 872 1480 vos
891 1437 1036 1495 pigeat
1051 1452 1242 1496 erogare.
1269 1440 1362 1482 Hoc
1384 1438 1505 1498 quod
1523 1439 1615 1482 exi-

215 1511 379 1568 gimus,
406 1508 626 1566 erogando
649 1508 930 1552 cumulabitis
956 1509 1114 1566 magis,
1142 1524 1275 1569 quam
1298 1509 1614 1554 detrimentum

216 1580 466 1638 patiemini,
493 1579 528 1622 si
551 1594 640 1623 non
663 1579 957 1637 erogaveritis.
987 1582 1096 1632 Quae
1119 1590 1183 1624 est
1205 1596 1309 1639 ergo
1327 1596 1490 1624 merces
1513 1596 1614 1625 nos-

219 1653 316 1694 tra‘?
339 1652 436 1694 Non
460 1650 694 1709 quaerimus
724 1665 878 1692 aurum
902 1659 1091 1693 vestrum
1107 1686 1116 1704 ,
1145 1667 1232 1694 non
1254 1662 1486 1710 argentum
1516 1667 1613 1696 ves-

221 1730 337 1764 trum
355 1755 365 1774 ,
403 1735 492 1763 non
524 1735 753 1763 nummum
784 1729 976 1763 vestrum
993 1756 1003 1774 ‚
1030 1737 1110 1764 nec
1144 1722 1385 1780 quidquam
1409 1722 1463 1765 de
1485 1723 1614 1766 rebus

218 1791 369 1835 vestris
393 1809 401 1834 :
428 1789 502 1833 sed
526 1805 688 1834 merces
712 1799 854 1833 nostra
874 1800 963 1844 est,
987 1799 1036 1834 ut
1057 1791 1103 1834 in
1124 1789 1201 1834 illo
1225 1800 1374 1835 sancto
1395 1791 1518 1836 fonte
1535 1793 1614 1836 acl-

218 1861 376 1921 juvetis
399 1876 476 1904 nos
499 1860 768 1904 orationibus
789 1861 953 1904 vestris.

272 1965 291 1985 ¹.
305 1956 385 1988 Psal.
403 1968 535 1997 Lxxxm,
559 1957 589 1988 5.
