1729 3143
644 246 699 274 mr
729 242 971 277 »Armua-n.
1446 238 1497 277 11

135 308 245 370 quid
285 318 435 354 contra
466 310 677 369 justitiam
711 309 983 368 faciendum,
1017 311 1126 356 sicut
1144 312 1235 358 veri
1259 313 1499 370 Martyres,

134 389 394 438 cogerentur
423 381 566 424 omnia
595 380 738 439 potius
759 381 974 439 patienter
995 381 1134 438 ferre,
1166 398 1297 442 quam
1318 383 1398 429 sibi
1421 384 1505 428 im-

128 452 341 510 patienter
364 459 548 494 mortem
563 449 722 495 inferre
734 451 987 496 debuerant.
1005 453 1134 506 Quod
1146 454 1181 498 si
1194 453 1504 513 fugiendorum

133 520 345 564 malorum
380 535 507 563 causa
545 529 660 563 recte
699 521 790 563 fieri
811 529 986 579 posset,
1019 524 1103 565 Job
1135 533 1308 568 sanctus
1334 540 1378 569 se
1413 525 1504 584 ipse

125 590 354 647 perimeret
370 622 381 642 ,
407 598 456 632 ut
477 597 597 632 tanta
632 588 744 633 mala
781 590 824 632 in
854 589 982 633 rebus
999 591 1107 644 suis,
1131 592 1177 634 in
1196 593 1292 637 filiis
1318 594 1405 638 suis
1422 629 1434 649 ,
1457 595 1506 639 in

123 657 326 700 membris
347 657 449 712 suis,
475 657 699 702 diabolicae
720 658 985 702 crudelitatis
997 659 1224 717 effugeret.
1249 663 1345 705 Non
1359 672 1505 708 autem

122 726 237 771 fecit.
274 727 399 770 Absit
430 728 546 770 enim
565 737 614 771 ut
636 728 681 770 in
711 743 755 771 se
778 729 1066 772 committeret
1098 729 1189 787 ipse
1211 729 1275 773 vir
1306 733 1502 789 sapiens,

121 795 242 856 quod
255 811 334 840 nec
351 796 507 839 mulier
521 797 728 854 suggessit
740 796 959 855 insipiens.
981 798 1091 850 Quia
1107 807 1149 841 et
1161 798 1196 842 si
1213 800 1502 856 suggessisset,

121 865 280 909 merito
309 874 351 908 et
374 866 444 909 hic
487 865 597 908 illud
627 865 844 921 audisset,
879 867 1000 926 quod
1035 867 1200 911 audivit
1234 870 1504 925 suggerendo

121 934 451 993 blasphemiam.
482 953 500 976 «
519 939 683 979 Locuta
707 951 750 979 es
774 945 982 994 tanquam
1013 952 1097 980 una
1123 952 1175 980 ex
1197 937 1503 996 insipientibus

124 1023 145 1047 >›
177 1006 444 1049 mulieribus.
466 1006 508 1050 Si
530 1006 645 1049 bona
666 1007 931 1064 suscepimus
953 1006 1007 1049 de
1028 1008 1360 1063 manuDomini,
1392 1009 1506 1054 mala

122 1093 143 1116 »
176 1090 264 1117 non
293 1074 647 1118 sustinebimus¹‘3
679 1093 698 1115 »
726 1077 782 1118 Et
801 1075 892 1132 ipsc
923 1075 1085 1133 quippe
1115 1076 1367 1134 patientiam
1405 1094 1506 1136 per-

119 1142 321 1191 didisset,
347 1144 435 1184 sive
459 1143 826 1198 blasphemando,
857 1145 969 1188 sicut
998 1144 1071 1189 illa
1095 1145 1315 1201 voluerat,
1341 1147 1429 1191 sive
1460 1163 1505 1192 se

118 1209 434 1263 interficiendo,
451 1209 571 1268 quod
590 1225 669 1253 nec
686 1211 758 1253 illa
774 1227 874 1254 ausa
894 1213 1037 1254 fuerat
1058 1215 1217 1265 dicere,
1233 1226 1500 1263 moreretur:

119 1289 252 1339 atque
274 1289 384 1323 esset
398 1280 512 1322 inter
533 1279 629 1323 illos
652 1279 707 1322 de
727 1280 888 1338 quibus
916 1279 1082 1323 dictum
1100 1290 1162 1324 est
1182 1300 1190 1326 ε
1215 1300 1234 1323 «
1260 1285 1335 1326 Vae
1355 1284 1404 1328 iis
1425 1286 1503 1344 qui

121 1368 142 1391 »
159 1348 444 1408 perdiderunt
456 1348 732 1407 patientiam²
752 1368 760 1392 :
779 1367 798 1389 »
811 1359 854 1393 et
863 1359 1038 1406 augeret
1054 1351 1197 1408 potius
1207 1367 1339 1410 quam
1352 1355 1504 1398 evade-

119 1428 185 1462 ret
202 1434 353 1476 poenas
370 1453 380 1469 ,
406 1419 483 1477 qui
505 1427 601 1477 post
616 1419 682 1462 sui
702 1419 893 1477 corporis
912 1429 1112 1474 mortem,
1126 1421 1213 1464 sive
1227 1421 1282 1465 ad
1301 1422 1501 1482 blasphe-

118 1502 286 1531 morum
306 1522 316 1539 ,
348 1487 435 1531 sive
468 1488 521 1530 ad
550 1487 866 1531 homicidarum
888 1523 898 1542 ,
941 1489 1011 1532 vel
1052 1490 1181 1533 etiam
1224 1491 1323 1549 plus
1366 1508 1500 1551 quam

119 1555 430 1615 parricidarum
460 1556 669 1614 supplicia
710 1566 949 1614 raperetur.
978 1559 1020 1602 Si
1057 1559 1173 1602 enim
1195 1561 1409 1618 parricida
1445 1577 1498 1607 eo

119 1625 366 1669 sceleratior
395 1634 456 1671 est
479 1640 611 1683 quam
634 1625 821 1683 quilibet
838 1627 1078 1682 homicida,
1093 1629 1195 1687 quia
1223 1645 1312 1673 non
1331 1639 1502 1674 tantum

118 1696 336 1739 hominem
354 1729 366 1749 ,
396 1710 548 1739 verum
572 1696 699 1738 etiam
723 1697 1018 1755 propinquum
1046 1708 1200 1755 necat,
1237 1700 1369 1758 inque
1400 1701 1502 1760 ipsis

118 1763 356 1823 parricidis,
370 1773 536 1823 quanto
551 1765 908 1823 propinquiorem
918 1768 1102 1827 quisque
1114 1772 1362 1827 peremerit,
1378 1779 1502 1817 tanto

113 1834 335 1893 judicatur
357 1834 588 1878 immanior
607 1837 723 1878 :sine
745 1834 882 1879 dubio
903 1839 1023 1896 pejor
1042 1847 1105 1882 est
1136 1838 1213 1897 qui
1240 1854 1284 1882 se
1316 1841 1498 1899 occidit3

117 1905 219 1963 quia
228 1919 357 1948 nemo
375 1904 613 1948 esthomini
627 1920 671 1948 se
686 1905 779 1963 ipso
794 1907 1095 1966 propinquior.
1108 1908 1225 1961 Quid
1237 1923 1341 1967 ergo
1355 1910 1502 1955 miseri

117 1972 305 2028 faciunt,
336 1974 412 2033 qui
434 1989 535 2017 cum
558 1984 601 2018 et
624 1975 694 2018 hic
728 1975 897 2019 sibimet
925 1977 1133 2033 ingestas,
1164 1987 1208 2022 et
1233 1988 1383 2037 postea
1409 1995 1500 2024 non

117 2043 257 2087 solum
274 2044 507 2102 impietatis
523 2043 725 2089 adversus
743 2048 898 2100 Deum,
919 2047 994 2090 sed
1012 2048 1140 2091 etiam
1158 2048 1290 2107 ipsius
1311 2065 1442 2108 quam
1456 2051 1501 2094 in

117 2128 162 2156 se
184 2124 470 2157 exercuerunt
497 2114 762 2159 crudelitatis
787 2115 911 2160 luant
936 2116 1105 2161 debitas
1129 2133 1296 2176 poenaS,
1323 2120 1500 2178 insuper

117 2191 323 2241 quaerunt
339 2191 381 2226 et
389 2186 631 2239 Martyrum
642 2184 822 2240 glorias?
834 2201 932 2229 cum
944 2187 1072 2230 etiam
1084 2188 1118 2230 si
1132 2203 1210 2246 pro
1225 2203 1327 2232 vero
1338 2189 1498 2232 Christi

118 2251 364 2295 testimonio
377 2251 719 2309 persecutionem
731 2263 998 2311 paterentur,
1012 2265 1054 2299 et
1066 2271 1109 2299 se
1123 2256 1432 2312 interficerent,
1442 2273 1498 2302 ne

115 2321 279 2380 aliquid
303 2337 326 2365 a
348 2323 695 2380 persecutoribus
718 2333 986 2381 paterentur,
1013 2335 1128 2371 recte
1145 2326 1228 2370 illis
1250 2326 1494 2373 diceretur:

120 2409 140 2431 «
167 2393 242 2433 Vae
273 2391 321 2434 iis
353 2392 429 2450 qui
452 2391 736 2450 perdiderunt
758 2394 1034 2451 patientiam.
1066 2414 1084 2436 »
1120 2397 1352 2448 Quomodo
1380 2397 1496 2441 enim

111 2460 276 2518 justum
286 2461 512 2518 praemium
531 2461 750 2519 patientiae
772 2463 985 2518 redditur,
1001 2465 1033 2507 si
1046 2473 1090 2508 et
1110 2465 1338 2523 impatiens
1355 2467 1495 2526 passio

167 2549 174 2565 ¹
198 2543 327 2583 .10b‚n,
351 2556 397 2575 ιο.
415 2545 594 2577 —2Ecch'.
612 2557 651 2583 Π,
674 2546 723 2577 16.
