1729 3143
437 205 489 230 DE
521 203 673 232 LtBERo
704 200 917 243 Artemam,
955 206 1036 231 Lm.
1072 206 1137 231 111.
1393 195 1471 234 381

94 268 298 312 mitteret.
325 269 431 321 Quia
452 270 539 314 sive
561 285 638 330 per
658 269 798 314 nullas
821 268 874 313 ad
903 269 986 314 hoc
1009 269 1150 329 ipsum
1172 268 1368 314 conditas
1391 273 1476 315 Po-

95 346 245 381 testate
282 372 292 391 ,
318 339 351 382 si
374 340 511 384 omnis
534 338 726 398 angelica
746 347 898 382 natura
923 339 978 383 ab
1003 341 1095 399 ejus
1117 339 1344 398 praeceptis
1373 354 1475 399 pec-

92 354 495 465 candonecisset,
520 412 740 469 maJestate
753 424 829 454 sua
843 409 1143 454 decentissime
1161 419 1292 470 atque
1315 410 1478 469 optime

0 479 3 485 '
36 526 37 530 η
91 488 259 537 regeret
279 480 424 525 omnia
445 499 454 524 ε
480 495 560 526 nec
573 481 633 525 sic
644 480 842 525 invidens
856 489 1064 524 creaturae
1082 480 1262 540 spiritali
1275 489 1325 525 ut
1343 479 1475 540 esset,

0 539 5 546 ’
53 574 58 575 ⁷
89 551 166 608 qui
198 551 328 595 etiam
355 551 623 610 corporalem
659 550 938 610 peccantibus
971 566 1149 611 quoque
1180 551 1478 611 spiritualibus

32 668 34 672 ⁸
87 617 219 678 longe
245 620 522 677 inferiorem,
553 629 676 666 tanta
707 620 906 680 largitate
941 621 1149 666 bonitatis
1179 622 1392 678 instituit,
1429 633 1479 668 ut

87 688 235 734 nullus
265 690 320 735 sit
352 691 517 736 coelum
537 701 786 752 terramque
809 690 1124 736 rationabiliter
1145 692 1343 749 intuens,
1380 709 1477 739 om-

0 743 3 764 *
28 779 33 800 ι
86 773 250 820 nesque
271 770 447 805 naturas
469 761 653 806 visibiles
674 762 718 806 in
741 761 826 806 suis
849 761 1078 820 generibus
1101 763 1362 818 moderatas,
1383 762 1477 808 for-

26 849 28 869 ;
86 838 246 885 matas,
271 830 490 875 ordinatas
508 866 518 886 ,
544 832 621 892 qui
643 831 712 876 vel
732 831 864 876 alium
883 832 1031 877 credat
1051 832 1261 876 artificem
1277 834 1478 878 omnium

24 919 31 941 1
84 915 172 944 esse
189 916 322 960 quam
337 904 475 945 Deum
490 900 560 945 vel
577 917 666 946 non
684 916 784 946 eum
798 902 1080 946 ineffabiliter
1094 901 1369 946 laudandum
1384 918 1474 947 esse

23 1003 25 1005 -
83 969 286 1014 fateatur.
315 971 413 1014 Sive
434 970 555 1014 nulla
577 980 640 1015 est
661 971 814 1015 melior
841 986 987 1015 rerum
1010 970 1226 1016 ordinatio
1241 1007 1253 1027 ,
1284 972 1364 1016 nisi
1395 988 1476 1032 po-

82 1049 212 1084 testas
235 1040 427 1098 angelica
446 1051 614 1085 naturae
632 1041 885 1086 excellentia
902 1051 944 1086 et
966 1042 1162 1087 bonitate
1180 1042 1416 1089 voluntatis
1431 1045 1477 1089 in

83 1108 364 1169 dispositione
405 1112 696 1156 universitatis
733 1112 1075 1171 superemineat,
1113 1113 1280 1157 etiamsi
1321 1129 1475 1159 omnes

74 1189 333 1240 peccassent
351 1180 522 1238 Aug-eli,
549 1181 715 1225 nullam
739 1182 927 1240 inopiam
946 1182 1139 1227 facerent
1157 1183 1211 1227 ad
1229 1184 1476 1242 regendum

82 1251 312 1311 imperium
335 1266 461 1295 suum
484 1251 679 1296 Creatori
702 1251 988 1309 Angelorum.
1020 1256 1119 1298 Non
1141 1255 1258 1297 enim
1290 1255 1361 1299 vel
1390 1255 1475 1300 bo-

82 1323 193 1366 nitas
226 1323 317 1382 ejus
343 1322 466 1381 quasi
491 1320 638 1381 aliquo
660 1322 792 1366 taedio
808 1356 819 1376 ,
845 1322 913 1366 vel
944 1323 1259 1383 omnipotentia
1283 1323 1475 1370 difficul-

83 1402 172 1438 tate
193 1393 398 1438 deficeret
421 1392 476 1437 ad
498 1391 708 1437 creandos
732 1392 838 1437 alios
860 1408 969 1452 quos
987 1393 1032 1437 in
1055 1394 1114 1438 eis
1136 1394 1311 1438 sedibus
1334 1395 1473 1441 collo-

83 1474 199 1510 caret
214 1499 225 1520 ,
251 1480 357 1525 quas
378 1464 600 1523 peccando
624 1463 696 1507 alii
719 1462 1034 1522 deseruissent,
1059 1473 1134 1507 aut
1156 1473 1353 1510 creatura
1382 1467 1471 1526 spi-

82 1534 214 1580 ritalis
236 1534 499 1595 quantilibet
520 1534 717 1589 numeri,
743 1534 776 1578 si
794 1549 873 1593 pro
891 1534 977 1578 suis
991 1534 1153 1579 meritis
1172 1533 1468 1592 damnaretur,

82 1615 313 1665 angustare
334 1614 478 1665 posset
500 1605 721 1659 ordinem,
754 1604 830 1664 qui
857 1606 1165 1649 convenienter
1197 1613 1240 1649 et
1268 1605 1473 1651 decenter

83 1676 240 1734 excipit
277 1690 578 1735 quoscumque
617 1674 902 1719 damnandos.
940 1677 1226 1734 Quacumque
1261 1690 1306 1719 se
1341 1677 1472 1734 igitur

83 1745 369 1792 consideratio
400 1754 545 1791 nostra
573 1747 859 1802 converterit,
891 1745 1172 1790 ineffabiliter
1198 1746 1470 1792 laudandum

82 1816 247 1862 invenit
270 1821 409 1862 Deum
431 1826 687 1861 naturarum
709 1817 906 1861 omnium
928 1814 1199 1861 conditorem
1224 1818 1439 1877 optimum
1455 1854 1467 1875 ‚

83 1897 127 1932 et
148 1886 538 1933 administratorem
555 1888 856 1947 justissimum.

142 1961 345 2002 XXXVI.
391 1962 613 2002 Postremo
646 1967 695 2001 ut
729 1957 1025 2018 relinquamus
1057 1958 1471 2018 contemplationem

81 2028 420 2089 pulchritudinis
448 2042 593 2072 rerum
622 2027 671 2071 iis
697 2028 775 2087 qui
802 2043 896 2072 eam
925 2028 1074 2074 divino
1105 2044 1286 2073 munere
1319 2029 1467 2074 videre

81 2109 263 2160 possunt
281 2134 292 2155 ,
317 2114 398 2143 nec
414 2113 484 2143 eos
499 2097 576 2157 qui
593 2112 682 2141 non
699 2107 881 2157 possunt
899 2098 953 2143 ad
970 2099 1208 2144 ineffabilia
1221 2099 1472 2144 contuenda

82 2170 224 2215 verbis
246 2184 457 2215 conemur
482 2167 699 2212 adducere
714 2202 725 2221 ‚
750 2177 793 2212 et
814 2177 961 2212 tamen
976 2178 1153 2228 propter
1169 2169 1374 2230 loquaces
1395 2179 1472 2214 aut

83 2243 278 2286 infirmos
301 2250 376 2285 aut
398 2239 620 2284 insidiosos
642 2239 837 2284 homines
860 2249 1026 2284 tantam
1058 2241 1345 2301 quaestionem
1368 2241 1472 2285 bre-

82 2314 255 2358 vissima
276 2311 574 2370 complexione
596 2325 879 2369 peragamus3
909 2312 1058 2355 Omnis
1092 2321 1247 2356 natura
1269 2328 1368 2373 quae
1392 2312 1473 2355 mi-

82 2401 165 2429 nus
198 2384 312 2429 bona
340 2384 431 2426 fieri
462 2391 630 2441 potest,
660 2381 775 2425 bona
798 2391 861 2425 est
892 2400 900 2426 :
928 2392 971 2426 et
1002 2383 1141 2428 omnis
1176 2393 1332 2427 natura
1365 2382 1472 2426 dum

85 2455 405 2514 corrumpitur,
435 2453 575 2496 winus
598 2454 711 2496 bona
733 2453 796 2495 fit.
823 2456 912 2497 Aut
931 2454 1043 2497 enim
1064 2470 1152 2498 non
1170 2455 1208 2497 ei
1226 2463 1354 2499 nocet
1376 2469 1473 2498 cor-

89 2527 235 2588 ruptio
253 2560 263 2579 ,
290 2534 332 2569 et
355 2540 442 2568 non
476 2523 794 2582 corrumpitur,
827 2532 901 2567 aut
932 2524 966 2568 si
996 2524 1315 2584 corrumpitur,
1345 2534 1473 2570 nocet
