1729 3143
251 128 333 168 174
680 136 714 165 s.
749 135 981 165 Avensa-nu
1012 138 1194 165 131215001‘1

242 204 414 249 bulatio
436 202 592 247 mundi
626 215 715 243 non
749 214 824 243 vos
850 197 1024 259 frangat
1048 219 1057 245 :
1087 219 1106 242 «
1127 203 1336 247 Dominus
1358 204 1405 248 in
1426 204 1623 263 proximo

247 294 266 316 »
291 283 376 328 est,
400 272 511 317 nihil
529 270 700 315 solliciti
720 269 855 313 sitis1.
881 290 898 312 »

299 346 377 387 VI.
401 341 579 386 Habetis
598 339 793 384 virorum
808 339 987 384 fortium
1005 355 1162 399 magna
1183 340 1396 401 exempla.
1414 343 1626 387 Vicerunt

237 416 448 469 Martyres
470 409 688 454 mundum
714 427 723 454 :
750 409 865 454 inter
897 425 1006 470 quos
1032 414 1246 469 Martyres
1278 411 1473 457 maribus
1494 414 1626 457 etiam

238 480 430 526 foeminae
453 488 635 539 repertae
652 488 755 524 sunt
771 477 986 526 fortiores.
1008 484 1123 526 Ante
1139 496 1302 541 paucos
1319 481 1411 526 dies
1431 481 1626 527 natalitia

239 551 550 596 celebravimus
581 559 825 609 martyrum
857 555 1084 612 Perpetuae
1117 561 1160 597 et
1191 552 1426 597 Felicitatis
1442 587 1453 608 ‚
1479 562 1523 597 et
1549 567 1628 597 co-

238 624 410 666 mitum.
435 625 493 667 Et
508 637 613 668 cum
632 631 698 667 tot
715 623 777 666 ibi
794 622 879 667 sint
899 623 1003 678 viri,
1028 638 1163 683 quare
1182 624 1276 668 istae
1298 623 1398 667 duae
1420 638 1511 682 prae
1532 638 1628 668 om-

236 693 366 738 nibus
387 695 694 749 nominantur,
717 693 800 738 nisi
821 694 924 753 quia
945 694 1158 739 infirmior
1178 710 1302 739 sexus
1324 704 1399 738 aut
1416 694 1623 755 aequavit,

237 773 312 808 aut
342 765 563 824 superavit
598 766 793 810 virorum
827 763 1130 810 fortitudinem
1150 767 1168 807 ‘2
1212 767 1307 809 Una
1344 780 1496 810 earum
1534 773 1629 809 erat

236 850 462 893 praegnans
485 871 497 892 ‚
537 835 620 880 alia
649 836 830 880 lactans.
867 836 1066 881 Felicitas
1089 835 1385 895 parturiebat,
1411 839 1627 894 Perpetua

233 903 440 951 lactabat.
471 905 557 953 Sed
577 906 731 951 tandiu
751 907 845 950 haec
868 910 1084 966 Perpetua
1103 905 1304 960 lactavit,
1329 903 1529 964 quandiu
1550 919 1628 949 ac-

233 976 397 1034 ciperet
412 976 469 1020 ab
485 976 561 1020 illo
580 985 752 1034 pastore
764 976 895 1019 simul
910 987 953 1020 et
968 986 1089 1032 patre
1106 975 1352 1019 buccellam
1367 974 1490 1018 lactis
1508 993 1517 1018 z
1539 989 1627 1033 qua

233 1053 411 1102 accepta-
425 1043 615 1085 dulcedo
633 1038 850 1082 felicitatis
868 1048 1092 1098 perpetuae
1109 1055 1205 1084 eam
1224 1039 1328 1084 fecit
1345 1050 1628 1087 contemnere

232 1113 401 1166 filium,
424 1124 627 1169 spernere
653 1117 822 1168 patrem
844 1143 857 1163 ‚
895 1124 986 1153 non
1017 1109 1183 1153 haerere
1216 1110 1383 1155 mundo
1401 1146 1413 1166 ,
1444 1112 1627 1170 perdere

231 1183 422 1227 animam
445 1197 524 1240 pro
543 1181 732 1226 Christo.
759 1180 958 1225 Felicitas
977 1195 1104 1235 vero,
1127 1196 1229 1240 quae
1250 1182 1412 1226 sociam
1434 1182 1628 1227 habebat

232 1257 510 1311 Perpetuam,
535 1251 804 1310 parturiebat
825 1260 868 1294 et
889 1249 1084 1304 dolebat,
1110 1251 1280 1309 objecta
1297 1252 1445 1296 bestiis
1463 1253 1626 1311 gaude-

232 1323 324 1377 bat,
349 1322 493 1380 potius
511 1336 644 1380 quam
660 1321 858 1364 timebat.
880 1322 989 1373 Quae
1004 1320 1141 1365 virtus
1158 1320 1205 1364 in
1224 1320 1418 1366 foeminis
1436 1324 1453 1365 ‘3
1475 1322 1624 1375 Qualis

231 1403 294 1438 est
316 1394 452 1452 gratia
468 1427 478 1447 ‚
507 1407 606 1451 quae
627 1407 729 1436 cum
750 1407 795 1436 se
812 1390 1029 1446 infundit,
1050 1390 1226 1435 nullum
1242 1393 1440 1451 indigum
1455 1393 1626 1453 judicat

231 1466 409 1509 sexum?
427 1464 594 1507 Gratias
607 1464 754 1521 gratiae
776 1481 785 1507 :
805 1462 1023 1522 reparavit
1041 1462 1157 1506 enim
1173 1477 1323 1507 sexum
1341 1463 1618 1509 muliebrem„

231 1539 284 1579 In
304 1533 589 1593 opprobrium
611 1547 818 1591 magnum
835 1532 994 1576 mulier
1015 1542 1281 1577 remanserat
1307 1552 1316 1577 ε
1342 1534 1444 1593 quia
1461 1535 1516 1577 ab
1535 1534 1622 1577 ‘mi-

230 1604 290 1650 tio
313 1619 389 1663 per
410 1603 636 1647 mulierem
666 1612 917 1662 peccatum,
942 1612 986 1646 et
1012 1611 1192 1662 propter
1214 1604 1329 1647 hanc
1352 1618 1503 1649 omnes
1525 1618 1622 1647 mo-

229 1676 378 1720 rimur.
405 1673 613 1719 Diabolus
635 1689 767 1718 unam
789 1676 926 1717 Evam
948 1671 1106 1732 dejecit
1132 1692 1141 1717 :
1169 1673 1248 1718 sed*
1269 1674 1468 1719 Christus
1491 1683 1620 1718 natus

231 1762 284 1791 ex
300 1745 487 1805 virgine,
507 1744 667 1789 multas
688 1743 892 1788 foeminas
910 1743 1127 1787 exaltavit.
1157 1747 1371 1802 Perpetua
1393 1754 1440 1789 et
1458 1744 1620 1789 Felici-

229 1827 293 1861 tas
313 1825 446 1876 caput
465 1815 742 1860 calcaverunt
769 1814 1000 1873 serpentiS‚
1026 1812 1148 1873 quod
1179 1816 1271 1858 Eva
1300 1813 1355 1858 ad
1384 1829 1460 1858 cor
1491 1829 1620 1858 suum

230 1888 347 1933 intus
375 1887 562 1932 admisit.
591 1886 715 1930 Illam
739 1885 911 1930 seduxit
931 1884 1038 1929 falsa
1059 1883 1383 1943 promittendo,
1414 1883 1508 1928 illas
1529 1899 1622 1928 non

228 1958 366 2003 valuit
386 1973 588 2018 superare
609 1956 827 2002 saeviendo
849 1976 858 2002 2
882 1956 1002 2000 illam
1021 1955 1192 2015 decepit
1213 1956 1259 1998 in
1276 1955 1464 2014 paradisi
1480 1953 1631 1999 felici-r

230 2037 318 2073 tate
335 2064 345 2084 ‚
363 2029 440 2074 has
461 2045 551 2073 non
567 2028 712 2088 potuit
732 2027 850 2071 adire
866 2061 877 2081 ‚
902 2041 984 2071 nec
1006 2026 1089 2070 sub
1111 2033 1337 2069 tantorum
1359 2025 1518 2084 positas
1536 2039 1619 2084 po-

231 2108 398 2144 testate.
425 2098 546 2143 Illius
567 2099 681 2143 inter
708 2097 894 2157 paradisi
925 2095 1101 2140 delicias
1128 2095 1301 2139 ruinam
1323 2095 1491 2152 gavisus
1524 2104 1616 2150 est,

229 2171 386 2215 harum
403 2171 517 2215 inter
537 2185 689 2229 poenas
704 2167 974 2214 fortitudinis
999 2167 1289 2212 constantiam
1310 2166 1402 2225 ipse
1423 2164 1622 2225 quodam

232 2242 363 2286 modo
389 2240 587 2286 diabolus
613 2241 798 2299 expavit.
824 2239 981 2283 Merito
1001 2238 1061 2282 sic
1083 2247 1186 2282 sunt
1212 2236 1436 2290 exaltatae,
1461 2235 1619 2279 merito

234 2312 333 2356 viris
348 2311 419 2356 vel
439 2320 678 2372 coaequatae
696 2309 767 2355 vel
788 2309 992 2369 praelatae.
1020 2307 1227 2362 Quamvis
1245 2307 1361 2350 enim
1381 2306 1429 2350 in
1444 2305 1618 2351 Christo

237 2384 339 2426 Jesu
359 2398 448 2427 non
467 2383 521 2428 sit
543 2396 690 2427 servus
710 2395 854 2439 neque
880 2379 991 2424 liber
1005 2414 1016 2435 ,
1042 2394 1132 2424 non
1152 2378 1206 2423 sit
1227 2375 1445 2423 masculus
1473 2390 1627 2435 neque-

284 2478 294 2495 ¹
315 2471 425 2514 Philip.
442 2484 489 2514 iv,
510 2472 528 2505 5
547 2476 581 2505 et
596 2472 630 2505 6.
