1729 3143
370 195 423 222 m:
456 193 607 222 LIBERO
639 189 854 231 narrare,
888 184 974 219 Lm:
1006 191 1054 218 11.
1323 182 1404 221 323

27 275 120 306 rem
141 280 152 319 3
186 269 262 305 aut
283 260 410 305 aliam
432 260 685 305 ulteriorem
701 292 713 314 ‚
739 257 866 303 aliam
889 257 1132 302 citeriorem
1152 275 1164 314 3
1201 263 1277 300 aut
1308 256 1411 302 alias

29 330 179 375 finales
194 366 206 387 ‚
232 331 361 375 aliam
381 330 568 375 mediam
589 349 600 376 ς
624 330 719 373 haec
745 328 861 371 enim
890 341 1062 372 necesse
1089 334 1153 371 est
1179 325 1417 387 quamlibet

30 401 184 459 exiguo
217 402 410 461 corporis
445 399 626 445 modulo
661 399 800 442 inesse
834 395 1049 441 fateamur
1079 416 1088 442 :
1121 406 1164 441 et
1191 406 1418 458 propterea

29 470 204 516 nullum
225 487 382 532 corpus
403 486 504 517 vere
524 483 721 530 pureque
750 483 890 512 unum
918 483 1009 513 esse
1037 468 1317 514 concedimus
1339 488 1349 515 ε
1372 469 1421 512 in

29 557 120 602 quo
150 551 296 587 tamen
323 558 413 587 non
439 549 615 602 possent
648 548 738 583 tam
771 538 910 583 multa
943 540 1161 584 numerari
1193 540 1274 584 nisi
1305 538 1421 584 illius

30 612 162 658 unius
182 614 430 672 cognitione
451 612 650 657 discreta.
672 611 785 655 Cum
800 609 917 653 enim
939 625 1089 669 quaero
1106 626 1242 654 unum
1261 611 1307 654 in
1322 626 1421 656 cor-

30 697 136 740 pore
154 718 165 739 ,
196 693 240 728 et
261 699 332 727 me
358 698 449 728 non
470 682 669 728 invenire
694 696 785 726 non
809 680 968 725 dubito
983 716 994 736 ,
1022 681 1125 725 novi
1143 682 1296 741 utique
1317 680 1425 740 quid

30 753 92 797 ibi
108 769 302 814 quaeram
319 789 331 809 ‚
357 763 402 798 et
418 753 525 814 quid
546 753 607 797 ibi
624 768 715 797 non
732 752 950 796 inveniam
965 787 976 807 ‚
996 760 1040 796 et
1056 767 1147 796 non
1163 767 1285 811 posse
1302 752 1426 796 inve-

31 823 142 880 uiri,
166 825 236 869 vel
258 825 401 884 potius
424 825 604 869 omnino
628 823 692 867 ibi
713 838 804 867 non
823 837 928 867 esse.
954 822 1038 866 Ubi
1056 837 1159 881 ergo
1181 824 1283 867 novi
1305 819 1428 881 quod

36 908 127 938 non
145 903 210 939 est
225 910 383 955 corpus
401 910 540 939 unum
557 929 568 950 ‚
594 893 700 954 quid
722 893 777 937 sit
793 908 933 937 unum
951 893 1055 938 novi
1073 913 1082 938 2
1102 907 1242 937 unum
1260 892 1378 936 enim
1397 890 1433 933 si

33 979 123 1008 non
143 975 312 1004 nossem
330 996 341 1016 ,
377 965 515 1007 multa
548 964 595 1003 in
625 975 807 1017 corpore
843 973 1076 1002 numerare
1111 975 1202 1004 non
1238 975 1423 1019 possem.

31 1030 309 1089 Ubicumque
339 1039 485 1075 autem
508 1044 647 1073 unum
674 1028 872 1072 noverim
897 1063 907 1083 ,
943 1043 1032 1073 non
1052 1030 1205 1088 utique
1225 1045 1304 1089 per
1324 1046 1424 1075 cor-

29 1100 144 1158 poris
161 1115 336 1144 sensum
354 1101 457 1145 novi
473 1121 484 1156 3
509 1101 612 1160 quia
629 1115 706 1158 per
723 1099 914 1158 corporis
932 1115 1106 1144 sensum
1122 1116 1211 1145 non
1225 1103 1326 1146 novi
1344 1100 1426 1145 nisi

34 1184 190 1228 corpus
207 1169 366 1230 ‚equod
386 1184 487 1214 vere
508 1185 705 1228 pureque
724 1184 864 1213 unum
886 1184 976 1213 non
997 1185 1085 1214 esse
1106 1171 1421 1215 convincimus.

31 1242 165 1284 Porro
188 1238 223 1283 si
245 1254 385 1282 unum
405 1253 495 1283 non
521 1240 797 1297 percepimus
797 1216 1041 1312 storporis
1064 1256 1192 1285 sensu
1208 1276 1218 1296 ,
1251 1241 1426 1285 nullum

35 1325 266 1355 numerum
294 1325 347 1355 eo
367 1324 496 1354 sensu
524 1309 796 1368 percepimus
813 1342 824 1363 ‚
855 1325 1008 1355 eorum
1036 1311 1248 1357 duntaxat
1270 1327 1429 1357 nume—

38 1395 187 1426 rorum
207 1395 317 1441 quos
339 1379 629 1438 intelligentia
648 1378 882 1422 cernimus,
903 1382 1059 1426 Nullus
1077 1382 1193 1427 enim
1211 1391 1275 1427 est
1292 1399 1344 1427 ex
1358 1383 1426 1438 iis,

35 1451 112 1511 qui
140 1467 231 1495 non
264 1460 330 1496 tot
358 1458 564 1504 vocetur,
602 1449 775 1509 quoties
806 1448 939 1492 habet
971 1464 1108 1493 unum
1127 1485 1142 1505 ,
1176 1454 1297 1509 cujus
1333 1468 1428 1509 per-

39 1522 183 1581 ceptio
208 1521 400 1580 corporis
423 1536 551 1564 sensu
573 1535 664 1564 non
684 1520 749 1563 fit.
775 1519 1020 1579 Cujuslibet
1042 1520 1159 1564 enim
1181 1523 1430 1580 corpusculi

38 1607 136 1650 pars
156 1591 335 1636 dimidia
357 1591 530 1652 quantis
547 1590 720 1635 duabus
743 1599 886 1635 totum
903 1599 1072 1635 constat
1087 1626 1098 1646 ,
1123 1591 1318 1636 habetet
1337 1593 1431 1651 ipsa

39 1661 264 1707 dimidiam
286 1678 424 1707 suam.
449 1663 517 1707 Sic
538 1677 641 1721 ergo
662 1670 763 1705 sunt
782 1661 867 1705 iflae
886 1661 987 1705 duae
1006 1671 1147 1721 partes
1162 1662 1210 1707 in
1225 1678 1423 1723 corpore,

38 1741 88 1776 ut
109 1747 190 1777 nec
214 1732 318 1792 ipsae
340 1731 593 1792 simpliciter
610 1731 710 1775 duae
732 1731 831 1775 sint.
857 1733 1074 1776 Numerus
1092 1743 1234 1776 autem
1258 1732 1331 1776 ille
1352 1733 1430 1793 qui

38 1812 218 1847 vocatur
239 1803 355 1856 duo,
389 1802 598 1860 quoniam
626 1801 692 1845 bis
721 1801 853 1846 habet
879 1801 991 1846 illud
1023 1802 1144 1862 quod
1176 1804 1430 1863 simpliciter

38 1887 179 1916 unum
206 1880 295 1926 est,
319 1887 418 1930 pars
446 1872 539 1930 ejus
571 1869 751 1915 dimidia
770 1906 780 1925 ‚
808 1871 853 1915 id
886 1881 948 1915 est
965 1907 976 1926 ‚
1001 1873 1113 1916 illud
1134 1875 1278 1933 ipsum
1307 1873 1429 1933 quod

0 2000 1 2003 Ἴ
40 1941 291 2001 simpliciter
309 1956 449 1987 unum
470 1950 534 1985 est
551 1976 561 1997 ,
586 1957 676 1986 non
694 1951 837 2000 potest
858 1958 1005 1987 rursus
1021 1944 1182 1988 habere
1203 1943 1429 1988 dimidiam

0 2022 1 2048 l
44 2021 213 2072 partem
240 2013 311 2057 vel
342 2013 515 2056 tertiam
533 2047 545 2068 ,
579 2012 650 2057 vel
671 2011 987 2074 quotamlibet,
1013 2015 1220 2074 quoniam
1249 2015 1430 2075 simplex

45 2092 89 2128 et
111 2099 210 2128 vere
231 2099 370 2127 unum
392 2092 470 2127 est.

102 2155 274 2198 XXIII.
299 2152 466 2197 Deinde
479 2153 687 2212 quoniam
700 2162 896 2198 tenentes
913 2153 1110 2200 ordinem
1127 2171 1429 2214 numerorum,

46 2234 145 2284 post
164 2239 305 2269 unum
322 2223 412 2269 duo
428 2224 626 2268 videmus
642 2257 654 2278 ‚
679 2224 756 2283 qui
772 2240 980 2270 numerus
998 2226 1054 2271 ad
1067 2243 1208 2272 unum
1224 2229 1407 2275 collatus
1418 2264 1429 2285 ‚

49 2295 210 2355 duplus
228 2296 448 2340 invenitur
477 2315 486 2339 2
511 2294 671 2353 duplus
693 2295 883 2340 duorum
904 2313 994 2341 non
1016 2310 1332 2360 consequenter
1354 2302 1433 2347 ad-

47 2365 250 2424 jungitur
266 2398 277 2419 ‚
302 2365 378 2408 sed
396 2365 651 2424 interposito
672 2366 861 2410 ternario
890 2370 1190 2426 quaternarius
1212 2372 1432 2432 sequitur,

51 2435 128 2495 qui
150 2434 312 2494 duplus
338 2443 401 2479 est
427 2436 631 2480 duorum.
658 2438 715 2480 Et
736 2437 830 2482 haec
850 2438 960 2483 ratio
987 2455 1063 2499 per
1085 2440 1232 2487 omnes
1261 2452 1437 2488 caeteros

67 2518 272 2550 numeros
299 2503 531 2549 certissima
558 2514 602 2550 et
636 2505 979 2553 incommutabili
1016 2509 1112 2570 lege
1137 2510 1411 2572 pertenditur
1429 2545 1440 2567 ‚

1213 2582 1278 2622 21⁶
