1729 3143
246 195 333 238 4¹74
680 205 715 235 s.
750 206 982 236 Anausnm
1013 208 1193 238 nnsoom

247 272 409 318 diaboli
438 271 613 326 dicitur,
648 285 749 331 quae
779 270 936 316 ultimo
959 272 1123 332 judicio
1158 282 1415 329 reservatur,
1452 275 1506 319 de
1540 291 1628 335 qua

245 343 440 402 loquitur
456 341 665 385 Dominus
681 355 782 385 cum
797 340 903 386 dicit
921 361 930 386 :
951 360 973 385 «
993 345 1058 387 Ite
1075 343 1121 387 in
1141 343 1287 402 ignem
1303 352 1531 400 aeternum,
1551 346 1628 405 qui

249 432 269 455 »
300 420 567 471 praeparatus
583 420 647 456 est
663 412 840 458 diabolo
869 422 913 458 et
939 414 1100 472 angelis
1117 415 1207 474 ejus
1222 416 1234 439 ¹
1259 434 1268 459 :
1295 432 1316 456 »
1341 413 1417 459 sed
1433 430 1482 459 ea
1498 431 1629 474 poena

245 483 335 542 ejus
357 482 532 538 dicitur,
557 498 646 543 qua
666 483 791 528 nobis
807 483 1026 530 cavendus
1043 493 1121 529 est.
1149 488 1282 529 Poena
1299 486 1415 529 enim
1433 486 1523 545 ejus
1542 496 1626 542 est,

244 561 294 596 ut
309 553 355 597 in
370 562 584 612 potestate
601 554 762 598 habeat
781 569 868 609 eos,
889 555 967 614 qui
991 555 1066 599 Dei
1088 564 1301 614 praecepta
1322 564 1625 601 contemnunt.

244 626 339 668 Hoc
366 623 482 667 enim
511 623 751 683 explicatur
766 625 833 668 his
855 624 1016 680 verbis,
1041 625 1202 685 quibus
1225 625 1272 669 in
1292 640 1392 669 cum
1412 624 1631 684 profertur
1688 632 1690 634 ’

242 695 456 740 sententia
474 713 484 740 ε
509 703 554 739 et
573 695 676 740 inde
697 696 833 755 major
856 711 987 755 poena
1005 705 1083 751 est,
1107 696 1210 756 quia
1228 697 1284 740 de
1304 697 1386 741 hac
1406 705 1496 741 tam
1515 696 1630 741 infe·
1684 701 1685 705 ’

241 765 312 809 lici
333 774 544 824 potestate
565 765 754 819 laetatur,
790 766 868 824 qui
893 766 1061 810 solebat
1081 776 1317 827 antequam
1341 766 1539 822 caderet,
1576 766 1631 812 de

241 834 418 880 sublimi
443 836 624 880 veritate
657 834 846 894 gaudere
877 835 922 879 in
951 852 1038 895 qua
1069 851 1160 881 non
1191 837 1324 882 stetit.
1351 840 1408 882 Et
1436 837 1535 881 ideo
1567 836 1631 881 illi

242 906 371 952 etiam
395 922 551 966 pecora
570 914 906 964 praeponuntur,
931 921 1021 949 non
1040 906 1087 948 in
1104 917 1332 965 potestate,
1367 908 1503 952 sedin
1526 923 1633 953 con-

241 977 483 1022 servatione
510 984 678 1020 naturae
698 989 814 1019 suae:
840 975 942 1034 quia
960 990 1114 1034 pecora
1131 992 1221 1020 non
1238 979 1475 1022 amiserunt
1494 979 1633 1023 beati-
1689 979 1693 991 ‘

243 1046 443 1092 tudinem
466 1046 657 1106 aliquam
680 1044 926 1101 coelestem,
951 1061 1084 1105 quam
1106 1062 1335 1107 nunquam
1356 1049 1630 1105 habuerunt,
1691 1037 1694 1059 '

242 1117 319 1162 sed
340 1118 384 1161 in
407 1132 484 1161 sua
505 1125 661 1161 natura
682 1131 816 1176 quam
838 1126 1100 1176 acceperunt
1121 1127 1337 1176 peragunt
1368 1119 1518 1164 vitam.
1556 1120 1631 1163 Di-

242 1188 356 1234 citur
372 1202 474 1246 ergo
490 1187 619 1232 huic:
645 1205 665 1229 «
682 1190 863 1232 Pectore
880 1195 924 1231 et
938 1196 1091 1243 ‚ventre
1106 1202 1244 1247 repes.
1268 1206 1288 1230 »
1306 1189 1434 1241 Quod
1453 1189 1632 1248 quidem

244 1268 287 1304 et
308 1260 353 1304 in
372 1258 556 1303 colubro
578 1257 952 1314 animadvertitur,
987 1268 1031 1303 et
1051 1273 1103 1302 ex
1123 1258 1199 1303 illo
1228 1259 1445 1304 animante
1473 1260 1631 1305 visibili

244 1329 299 1375 ad
320 1331 439 1374 hunc
459 1328 721 1373 invisibilem
747 1329 972 1373 inimicum
993 1338 1192 1373 nostrum
1211 1327 1376 1374 locutio
1401 1331 1627 1388 figuratur.

243 1400 429 1446 Nomine
450 1399 566 1444 enim
588 1399 789 1458 pectoris,
815 1399 1084 1458 significatur
1105 1399 1324 1458 superbia,
1349 1400 1449 1460 quia
1466 1401 1527 1444 ibi
1548 1401 1630 1445 do-
1695 1401 1699 1405 ’

244 1472 435 1516 minatur
448 1471 636 1531 impetus
652 1470 806 1515 animi:
824 1470 1001 1515 nomine
1014 1478 1159 1514 autem
1171 1471 1350 1526 ventris,
1367 1471 1632 1529 significatur
1696 1491 1700 1540 Δ·

243 1541 417 1586 carnale
434 1540 714 1596 desiderium,
732 1540 833 1601 quia
851 1541 946 1585 haec
965 1555 1062 1600 pars
1078 1539 1251 1585 mollior
1268 1541 1452 1585 sentitur
1468 1541 1514 1585 in
1534 1557 1631 1586 cor·

244 1627 362 1672 pore.
380 1621 423 1656 et
435 1613 537 1672 quia
554 1611 620 1656 his
638 1611 767 1655 rebus
783 1609 857 1654 ille
871 1610 1004 1670 serpit
1017 1611 1071 1655 ad
1085 1626 1156 1655 eos
1170 1626 1279 1672 quos
1293 1611 1390 1656 vult
1403 1611 1602 1672 decipere
1617 1631 1626 1657 z
1698 1642 1703 1675 3

242 1692 471 1743 propterea
488 1681 655 1727 dictum
670 1691 732 1727 est
749 1701 758 1728 ε
780 1685 995 1727 «Pectore
1012 1691 1056 1727 et
1072 1691 1224 1727 ventre
1240 1698 1377 1742 repes.
1399 1699 1420 1722 n
1700 1678 1703 1693 '

302 1757 490 1799 XXVII.
529 1757 622 1799 «Et
656 1763 815 1799 terram
835 1789 846 1809 ,
885 1754 1030 1814 inquit
1048 1789 1059 1810 ,
1102 1755 1387 1799 manducabis
1425 1755 1629 1800 omnibus

248 1843 269 1868 »
296 1825 449 1869 diebus
472 1825 570 1869 vitae
592 1833 701 1879 tuae,
724 1844 742 1867 >›
774 1823 820 1868 id
841 1833 928 1880 est,
959 1824 1162 1869 omnibus
1184 1824 1335 1869 diebus
1360 1825 1520 1885 quibus
1543 1826 1630 1883 agis
1702 1826 1707 1884 ζ

245 1897 360 1941 hanc
375 1904 649 1955 potestatem,
674 1904 773 1939 ante
785 1894 904 1939 illam
918 1895 1115 1940 ultimam
1133 1911 1309 1954 poenam
1328 1895 1481 1955 judicii
1501 1915 1510 1941 :
1535 1897 1630 1941 haec
1676 1895 1679 1900 ’

245 1967 364 2011 enim
391 1967 479 2011 vita
509 1967 599 2026 ejus
625 1966 818 2020 videtur,
849 1964 904 2010 de
935 1981 1022 2026 qua
1051 1965 1211 2024 gaudet
1241 1974 1371 2027 atque
1403 1966 1626 2025 gloriatur.

249 2056 271 2081 «
297 2040 472 2082 Terram
494 2051 598 2095 ergo
620 2036 904 2081 manducabis
918 2071 930 2091 ,
954 2053 974 2077 »
999 2035 1173 2080 duobus
1195 2036 1333 2081 modis
1355 2036 1539 2095 intelligi
1556 2052 1631 2096 po·
1704 2033 1709 2089 ἶ

246 2117 330 2154 test
350 2127 360 2153 ς
385 2106 455 2153 vel
473 2107 527 2152 ad
547 2116 591 2152 te
609 2107 909 2167 pertinebunt,
934 2121 1044 2166 quos
1065 2115 1234 2150 terrena
1251 2107 1490 2166 cupiditate
1505 2107 1632 2151 dece·
1702 2106 1709 2161 ,ἶ

247 2179 375 2238 peris,
404 2178 450 2223 id
472 2186 550 2233 est,
576 2187 837 2237 peccatores,
862 2177 939 2238 qui
955 2186 1082 2221 terrae
1104 2177 1280 2222 nomine
1296 2177 1596 2236 significantur
1617 2196 1627 2222 z

247 2249 317 2294 vel
338 2259 454 2294 certe
482 2264 617 2308 genus
648 2248 823 2292 tertium
847 2248 1096 2293 tentationis
1125 2248 1191 2291 his
1221 2247 1360 2291 verbis
1383 2248 1597 2306 figuratur
1615 2281 1626 2302 ‚

247 2320 368 2379 quod
385 2329 448 2364 est
469 2319 708 2364 curiositas.
727 2321 901 2363 Terram
917 2319 1032 2362 enim
1045 2318 1122 2377 qui
1139 2317 1392 2371 manducat,
1412 2316 1631 2376 profunda

249 2398 292 2434 et
312 2390 542 2435 tenebrosa
558 2398 777 2448 penetrat,
800 2398 843 2434 et
865 2398 1011 2433 tamen
1028 2387 1279 2448 temporalia
1298 2397 1428 2448 atque
1441 2397 1625 2432 terrena.

306 2461 516 2504 XXVIII.
546 2462 644 2506 Non
671 2468 817 2504 autem
848 2459 1084 2504 inimicitiae
1105 2467 1332 2518 ponuntur
1352 2459 1465 2504 inter
1487 2458 1628 2516 ipsum

299 2549 308 2566 ¹
331 2543 443 2577 Matth.
459 2555 537 2585 xxv,
556 2544 611 2586 41.
