<?xml version="1.0" encoding="UTF-8"?>
<!DOCTYPE html PUBLIC "-//W3C//DTD XHTML 1.0 Transitional//EN"
    "http://www.w3.org/TR/xhtml1/DTD/xhtml1-transitional.dtd">
<html xmlns="http://www.w3.org/1999/xhtml" xml:lang="en" lang="en">
 <head>
  <title>
</title>
<meta http-equiv="Content-Type" content="text/html;charset=utf-8" />
  <meta name='ocr-system' content='tesseract 3.04.00' />
  <meta name='ocr-capabilities' content='ocr_page ocr_carea ocr_par ocr_line ocrx_word'/>
</head>
<body>
  <div class='ocr_page' id='page_1' title='image "./operaomniaaccura27auguuoft/operaomniaaccura27auguuoft_0593.png"; bbox 0 0 1729 3143; ppageno 0'>
   <div class='ocr_carea' id='block_1_1' title="bbox 389 261 1491 299">
    <p class='ocr_par' dir='ltr' id='par_1_1' title="bbox 389 261 1491 299">
     <span class='ocr_line' id='line_1_1' title="bbox 389 261 1491 299; baseline 0.004 -4"><span class='ocrx_word' id='word_1_1' title='bbox 389 269 470 296; x_wconf 78' lang='lat' dir='ltr'>Lm.</span> <span class='ocrx_word' id='word_1_2' title='bbox 506 270 553 297; x_wconf 89' lang='lat'>11.</span> <span class='ocrx_word' id='word_1_3' title='bbox 591 271 644 297; x_wconf 79' lang='lat' dir='ltr'>m:</span> <span class='ocrx_word' id='word_1_4' title='bbox 674 271 858 299; x_wconf 70' lang='lat' dir='ltr'>mominis</span> <span class='ocrx_word' id='word_1_5' title='bbox 890 269 1232 298; x_wconf 69' lang='lat' dir='ltr'><strong>MANICHAEORUM.</strong></span> <span class='ocrx_word' id='word_1_6' title='bbox 1416 261 1491 299; x_wconf 82' lang='lat'>581</span> 
     </span>
    </p>
   </div>
   <div class='ocr_carea' id='block_1_2' title="bbox 125 332 1507 537">
    <p class='ocr_par' dir='ltr' id='par_1_2' title="bbox 125 332 1507 537">
     <span class='ocr_line' id='line_1_2' title="bbox 125 332 1502 396; baseline 0.003 -20"><span class='ocrx_word' id='word_1_7' title='bbox 125 335 193 377; x_wconf 91' lang='lat' dir='ltr'>En</span> <span class='ocrx_word' id='word_1_8' title='bbox 214 332 311 377; x_wconf 89' lang='lat' dir='ltr'>miri</span> <span class='ocrx_word' id='word_1_9' title='bbox 344 348 483 379; x_wconf 90' lang='lat' dir='ltr'>mores</span> <span class='ocrx_word' id='word_1_10' title='bbox 501 369 512 387; x_wconf 86' lang='lat'>,</span> <span class='ocrx_word' id='word_1_11' title='bbox 553 350 606 379; x_wconf 88' lang='lat' dir='ltr'>en</span> <span class='ocrx_word' id='word_1_12' title='bbox 634 336 804 396; x_wconf 82' lang='lat' dir='ltr'>egregia</span> <span class='ocrx_word' id='word_1_13' title='bbox 838 335 1093 395; x_wconf 84' lang='lat' dir='ltr'>disciplina,</span> <span class='ocrx_word' id='word_1_14' title='bbox 1130 350 1184 380; x_wconf 90' lang='lat' dir='ltr'>en</span> <span class='ocrx_word' id='word_1_15' title='bbox 1212 336 1502 381; x_wconf 86' lang='lat' dir='ltr'>memorabilis</span> 
     </span>
     <span class='ocr_line' id='line_1_3' title="bbox 126 405 426 465; baseline 0.003 -17"><span class='ocrx_word' id='word_1_16' title='bbox 126 405 426 465; x_wconf 84' lang='lat' dir='ltr'>temperantia.</span> 
     </span>
     <span class='ocr_line' id='line_1_4' title="bbox 183 475 1507 537; baseline 0.003 -19"><span class='ocrx_word' id='word_1_17' title='bbox 183 477 279 519; x_wconf 91' lang='lat' dir='ltr'><strong>LII.</strong></span> <span class='ocrx_word' id='word_1_18' title='bbox 314 476 410 519; x_wconf 87' lang='lat' dir='ltr'>Jam</span> <span class='ocrx_word' id='word_1_19' title='bbox 429 475 550 536; x_wconf 87' lang='lat' dir='ltr'>quod</span> <span class='ocrx_word' id='word_1_20' title='bbox 563 491 611 520; x_wconf 89' lang='lat' dir='ltr'>ea</span> <span class='ocrx_word' id='word_1_21' title='bbox 628 492 726 536; x_wconf 86' lang='lat' dir='ltr'>quae</span> <span class='ocrx_word' id='word_1_22' title='bbox 742 476 864 521; x_wconf 87' lang='lat' dir='ltr'>vobis</span> <span class='ocrx_word' id='word_1_23' title='bbox 881 477 1003 537; x_wconf 87' lang='lat' dir='ltr'><strong>quasi</strong></span> <span class='ocrx_word' id='word_1_24' title='bbox 1015 477 1242 536; x_wconf 83' lang='lat' dir='ltr'>purganda</span> <span class='ocrx_word' id='word_1_25' title='bbox 1259 478 1507 522; x_wconf 84' lang='lat' dir='ltr'>offeruntur</span> 
     </span>
    </p>
   </div>
   <div class='ocr_carea' id='block_1_3' title="bbox 55 545 1507 607">
    <p class='ocr_par' dir='ltr' id='par_1_3' title="bbox 55 545 1507 607">
     <span class='ocr_line' id='line_1_5' title="bbox 55 545 1507 607; baseline 0.003 -20"><span class='ocrx_word' id='word_1_26' title='bbox 55 583 60 586; x_wconf 85' lang='lat'><em>.</em></span> <span class='ocrx_word' id='word_1_27' title='bbox 125 545 181 590; x_wconf 87' lang='lat' dir='ltr'>ad</span> <span class='ocrx_word' id='word_1_28' title='bbox 203 545 367 605; x_wconf 85' lang='lat' dir='ltr'>epulas,</span> <span class='ocrx_word' id='word_1_29' title='bbox 388 546 510 591; x_wconf 87' lang='lat' dir='ltr'>nefas</span> <span class='ocrx_word' id='word_1_30' title='bbox 530 547 691 606; x_wconf 87' lang='lat' dir='ltr'>putatis</span> <span class='ocrx_word' id='word_1_31' title='bbox 711 547 745 592; x_wconf 91' lang='lat' dir='ltr'>si</span> <span class='ocrx_word' id='word_1_32' title='bbox 767 548 861 606; x_wconf 88' lang='lat' dir='ltr'>quis</span> <span class='ocrx_word' id='word_1_33' title='bbox 885 547 991 592; x_wconf 87' lang='lat' dir='ltr'>alius</span> <span class='ocrx_word' id='word_1_34' title='bbox 1013 557 1170 607; x_wconf 83' lang='lat' dir='ltr'>praeter</span> <span class='ocrx_word' id='word_1_35' title='bbox 1191 547 1348 594; x_wconf 82' lang='lat' dir='ltr'>electos</span> <span class='ocrx_word' id='word_1_36' title='bbox 1366 548 1421 593; x_wconf 91' lang='lat' dir='ltr'>ad</span> <span class='ocrx_word' id='word_1_37' title='bbox 1443 548 1507 593; x_wconf 85' lang='lat' dir='ltr'>ci-</span> 
     </span>
    </p>
   </div>
   <div class='ocr_carea' id='block_1_4' title="bbox 57 2899 63 3143">
    <p class='ocr_par' dir='ltr' id='par_1_4' title="bbox 54 2899 63 3143">
     <span class='ocr_line' id='line_1_6' title="bbox 57 2899 63 3143; baseline 0 0"><span class='ocrx_word' id='word_1_38' title='bbox 57 2899 63 3143; x_wconf 77' lang='grc' dir='ltr'><strong>ἱ</strong></span> 
     </span>
    </p>
   </div>
   <div class='ocr_carea' id='block_1_5' title="bbox 119 617 1570 2649">
    <p class='ocr_par' dir='ltr' id='par_1_5' title="bbox 119 617 1570 1662">
     <span class='ocr_line' id='line_1_7' title="bbox 123 617 1509 680; baseline 0.002 -19"><span class='ocrx_word' id='word_1_39' title='bbox 123 618 319 662; x_wconf 90' lang='lat' dir='ltr'>bandum</span> <span class='ocrx_word' id='word_1_40' title='bbox 332 618 542 677; x_wconf 86' lang='lat' dir='ltr'>tetigerit,</span> <span class='ocrx_word' id='word_1_41' title='bbox 568 627 744 678; x_wconf 81' lang='lat' dir='ltr'>quantae</span> <span class='ocrx_word' id='word_1_42' title='bbox 764 617 1046 677; x_wconf 84' lang='lat' dir='ltr'>turpitudinis</span> <span class='ocrx_word' id='word_1_43' title='bbox 1065 628 1108 663; x_wconf 87' lang='lat' dir='ltr'>et</span> <span class='ocrx_word' id='word_1_44' title='bbox 1123 618 1357 680; x_wconf 88' lang='lat' dir='ltr'>aliquando</span> <span class='ocrx_word' id='word_1_45' title='bbox 1374 620 1509 665; x_wconf 87' lang='lat' dir='ltr'>scele-</span> 
     </span>
     <span class='ocr_line' id='line_1_8' title="bbox 124 687 1509 749; baseline 0.002 -17"><span class='ocrx_word' id='word_1_46' title='bbox 124 689 180 732; x_wconf 86' lang='lat' dir='ltr'>ris</span> <span class='ocrx_word' id='word_1_47' title='bbox 201 687 383 748; x_wconf 88' lang='lat' dir='ltr'>plenum</span> <span class='ocrx_word' id='word_1_48' title='bbox 406 691 501 734; x_wconf 79' lang='lat' dir='ltr'>est?</span> <span class='ocrx_word' id='word_1_49' title='bbox 525 690 567 735; x_wconf 90' lang='lat' dir='ltr'>Si</span> <span class='ocrx_word' id='word_1_50' title='bbox 598 688 777 749; x_wconf 90' lang='lat' dir='ltr'>quidem</span> <span class='ocrx_word' id='word_1_51' title='bbox 807 704 919 748; x_wconf 88' lang='lat' dir='ltr'>saepe</span> <span class='ocrx_word' id='word_1_52' title='bbox 951 698 1039 733; x_wconf 90' lang='lat' dir='ltr'>tam</span> <span class='ocrx_word' id='word_1_53' title='bbox 1069 689 1207 735; x_wconf 87' lang='lat' dir='ltr'>multa</span> <span class='ocrx_word' id='word_1_54' title='bbox 1237 691 1426 746; x_wconf 89' lang='lat' dir='ltr'>dantur,</span> <span class='ocrx_word' id='word_1_55' title='bbox 1459 700 1509 735; x_wconf 93' lang='lat' dir='ltr'>ut</span> 
     </span>
     <span class='ocr_line' id='line_1_9' title="bbox 123 758 1509 820; baseline 0.002 -17"><span class='ocrx_word' id='word_1_56' title='bbox 123 760 321 804; x_wconf 87' lang='lat' dir='ltr'>consumi</span> <span class='ocrx_word' id='word_1_57' title='bbox 344 758 468 804; x_wconf 88' lang='lat' dir='ltr'>facile</span> <span class='ocrx_word' id='word_1_58' title='bbox 492 775 515 804; x_wconf 91' lang='lat' dir='ltr'>a</span> <span class='ocrx_word' id='word_1_59' title='bbox 536 760 684 818; x_wconf 87' lang='lat' dir='ltr'>paucis</span> <span class='ocrx_word' id='word_1_60' title='bbox 707 774 797 804; x_wconf 90' lang='lat' dir='ltr'>non</span> <span class='ocrx_word' id='word_1_61' title='bbox 818 760 997 818; x_wconf 88' lang='lat' dir='ltr'>possint.</span> <span class='ocrx_word' id='word_1_62' title='bbox 1033 762 1087 803; x_wconf 90' lang='lat' dir='ltr'>Et</span> <span class='ocrx_word' id='word_1_63' title='bbox 1110 761 1317 820; x_wconf 90' lang='lat' dir='ltr'>quoniam</span> <span class='ocrx_word' id='word_1_64' title='bbox 1335 761 1509 807; x_wconf 88' lang='lat' dir='ltr'>sacrile-</span> 
     </span>
     <span class='ocr_line' id='line_1_10' title="bbox 124 827 1510 888; baseline 0.003 -16"><span class='ocrx_word' id='word_1_65' title='bbox 124 829 243 887; x_wconf 85' lang='lat' dir='ltr'>gium</span> <span class='ocrx_word' id='word_1_66' title='bbox 265 838 446 888; x_wconf 89' lang='lat' dir='ltr'>putatur</span> <span class='ocrx_word' id='word_1_67' title='bbox 462 863 472 883; x_wconf 91' lang='lat'>,</span> <span class='ocrx_word' id='word_1_68' title='bbox 494 828 565 873; x_wconf 90' lang='lat' dir='ltr'>vel</span> <span class='ocrx_word' id='word_1_69' title='bbox 587 828 678 872; x_wconf 90' lang='lat' dir='ltr'>aliis</span> <span class='ocrx_word' id='word_1_70' title='bbox 696 827 799 872; x_wconf 87' lang='lat' dir='ltr'>dare</span> <span class='ocrx_word' id='word_1_71' title='bbox 820 828 939 888; x_wconf 90' lang='lat' dir='ltr'>quod</span> <span class='ocrx_word' id='word_1_72' title='bbox 955 827 1187 885; x_wconf 83' lang='lat' dir='ltr'>redundat,</span> <span class='ocrx_word' id='word_1_73' title='bbox 1208 830 1277 875; x_wconf 89' lang='lat' dir='ltr'>vel</span> <span class='ocrx_word' id='word_1_74' title='bbox 1299 840 1414 876; x_wconf 87' lang='lat' dir='ltr'>certe</span> <span class='ocrx_word' id='word_1_75' title='bbox 1431 832 1510 876; x_wconf 90' lang='lat' dir='ltr'>ab-</span> 
     </span>
     <span class='ocr_line' id='line_1_11' title="bbox 119 898 1512 962; baseline 0.004 -21"><span class='ocrx_word' id='word_1_76' title='bbox 119 898 252 958; x_wconf 87' lang='lat' dir='ltr'>jicere</span> <span class='ocrx_word' id='word_1_77' title='bbox 268 933 279 952; x_wconf 87' lang='lat'>,</span> <span class='ocrx_word' id='word_1_78' title='bbox 315 898 361 941; x_wconf 87' lang='lat' dir='ltr'>in</span> <span class='ocrx_word' id='word_1_79' title='bbox 393 912 571 956; x_wconf 82' lang='lat' dir='ltr'>magnas</span> <span class='ocrx_word' id='word_1_80' title='bbox 593 898 904 941; x_wconf 87' lang='lat' dir='ltr'>contrudimini</span> <span class='ocrx_word' id='word_1_81' title='bbox 927 898 1162 942; x_wconf 86' lang='lat' dir='ltr'>cruditates</span> <span class='ocrx_word' id='word_1_82' title='bbox 1179 934 1189 954; x_wconf 90' lang='lat'>‚</span> <span class='ocrx_word' id='word_1_83' title='bbox 1227 908 1367 945; x_wconf 85' lang='lat' dir='ltr'>totum</span> <span class='ocrx_word' id='word_1_84' title='bbox 1391 902 1512 962; x_wconf 91' lang='lat' dir='ltr'>quod</span> 
     </span>
     <span class='ocr_line' id='line_1_12' title="bbox 122 967 1512 1027; baseline 0.003 -15"><span class='ocrx_word' id='word_1_85' title='bbox 122 967 274 1012; x_wconf 85' lang='lat' dir='ltr'>datum</span> <span class='ocrx_word' id='word_1_86' title='bbox 295 976 358 1011; x_wconf 89' lang='lat' dir='ltr'>est</span> <span class='ocrx_word' id='word_1_87' title='bbox 379 968 502 1026; x_wconf 86' lang='lat' dir='ltr'>quasi</span> <span class='ocrx_word' id='word_1_88' title='bbox 524 982 709 1027; x_wconf 84' lang='lat' dir='ltr'>purgare</span> <span class='ocrx_word' id='word_1_89' title='bbox 732 969 969 1027; x_wconf 87' lang='lat' dir='ltr'>cupientes.</span> <span class='ocrx_word' id='word_1_90' title='bbox 999 971 1200 1014; x_wconf 88' lang='lat' dir='ltr'>Jamvero</span> <span class='ocrx_word' id='word_1_91' title='bbox 1234 970 1436 1027; x_wconf 89' lang='lat' dir='ltr'>distenti,</span> <span class='ocrx_word' id='word_1_92' title='bbox 1468 981 1512 1016; x_wconf 90' lang='lat' dir='ltr'>et</span> 
     </span>
     <span class='ocr_line' id='line_1_13' title="bbox 122 1039 1511 1099; baseline 0.004 -17"><span class='ocrx_word' id='word_1_93' title='bbox 122 1055 259 1099; x_wconf 84' lang='lat' dir='ltr'>prope</span> <span class='ocrx_word' id='word_1_94' title='bbox 281 1047 522 1098; x_wconf 82' lang='lat' dir='ltr'>crepantes,</span> <span class='ocrx_word' id='word_1_95' title='bbox 548 1054 619 1083; x_wconf 90' lang='lat' dir='ltr'>eos</span> <span class='ocrx_word' id='word_1_96' title='bbox 642 1040 718 1098; x_wconf 83' lang='lat' dir='ltr'>qui</span> <span class='ocrx_word' id='word_1_97' title='bbox 739 1040 819 1083; x_wconf 86' lang='lat' dir='ltr'>sub</span> <span class='ocrx_word' id='word_1_98' title='bbox 841 1049 980 1084; x_wconf 90' lang='lat' dir='ltr'>vestra</span> <span class='ocrx_word' id='word_1_99' title='bbox 1002 1039 1227 1099; x_wconf 88' lang='lat' dir='ltr'>disciplina</span> <span class='ocrx_word' id='word_1_100' title='bbox 1254 1051 1378 1097; x_wconf 88' lang='lat' dir='ltr'>sunt,</span> <span class='ocrx_word' id='word_1_101' title='bbox 1405 1058 1511 1099; x_wconf 91' lang='lat' dir='ltr'>pue-</span> 
     </span>
     <span class='ocr_line' id='line_1_14' title="bbox 124 1109 1510 1172; baseline 0.004 -18"><span class='ocrx_word' id='word_1_102' title='bbox 124 1125 194 1154; x_wconf 89' lang='lat' dir='ltr'>ros</span> <span class='ocrx_word' id='word_1_103' title='bbox 215 1110 269 1154; x_wconf 86' lang='lat' dir='ltr'>ad</span> <span class='ocrx_word' id='word_1_104' title='bbox 292 1109 541 1154; x_wconf 88' lang='lat' dir='ltr'>devoranda</span> <span class='ocrx_word' id='word_1_105' title='bbox 556 1110 722 1169; x_wconf 83' lang='lat' dir='ltr'>reliqua</span> <span class='ocrx_word' id='word_1_106' title='bbox 737 1110 903 1155; x_wconf 88' lang='lat' dir='ltr'>crudeli</span> <span class='ocrx_word' id='word_1_107' title='bbox 917 1110 1213 1156; x_wconf 85' lang='lat' dir='ltr'>dominatione</span> <span class='ocrx_word' id='word_1_108' title='bbox 1227 1111 1485 1172; x_wconf 88' lang='lat' dir='ltr'>compellitis</span> <span class='ocrx_word' id='word_1_109' title='bbox 1500 1132 1510 1159; x_wconf 90' lang='grc'>;</span> 
     </span>
     <span class='ocr_line' id='line_1_15' title="bbox 125 1175 1570 1242; baseline 0.003 -18"><span class='ocrx_word' id='word_1_110' title='bbox 125 1182 184 1224; x_wconf 88' lang='lat' dir='ltr'>ita</span> <span class='ocrx_word' id='word_1_111' title='bbox 208 1190 257 1225; x_wconf 93' lang='lat' dir='ltr'>ut</span> <span class='ocrx_word' id='word_1_112' title='bbox 274 1180 447 1226; x_wconf 89' lang='lat' dir='ltr'>cuidam</span> <span class='ocrx_word' id='word_1_113' title='bbox 469 1182 523 1225; x_wconf 90' lang='lat' dir='ltr'>sit</span> <span class='ocrx_word' id='word_1_114' title='bbox 542 1184 694 1226; x_wconf 82' lang='lat' dir='ltr'>Romae</span> <span class='ocrx_word' id='word_1_115' title='bbox 718 1182 955 1241; x_wconf 86' lang='lat' dir='ltr'>objectum,</span> <span class='ocrx_word' id='word_1_116' title='bbox 976 1183 1094 1242; x_wconf 87' lang='lat' dir='ltr'>quod</span> <span class='ocrx_word' id='word_1_117' title='bbox 1112 1182 1288 1227; x_wconf 78' lang='lat' dir='ltr'>miseros</span> <span class='ocrx_word' id='word_1_118' title='bbox 1308 1183 1513 1242; x_wconf 88' lang='lat' dir='ltr'>parvulos</span> <span class='ocrx_word' id='word_1_119' title='bbox 1567 1175 1570 1192; x_wconf 41' lang='grc'>”</span> 
     </span>
     <span class='ocr_line' id='line_1_16' title="bbox 124 1250 1513 1311; baseline 0.002 -16"><span class='ocrx_word' id='word_1_120' title='bbox 124 1250 322 1308; x_wconf 82' lang='lat' dir='ltr'>cogendo</span> <span class='ocrx_word' id='word_1_121' title='bbox 344 1252 399 1295; x_wconf 88' lang='lat' dir='ltr'>ad</span> <span class='ocrx_word' id='word_1_122' title='bbox 422 1251 686 1296; x_wconf 89' lang='lat' dir='ltr'>vescendum</span> <span class='ocrx_word' id='word_1_123' title='bbox 707 1252 783 1296; x_wconf 89' lang='lat' dir='ltr'>tali</span> <span class='ocrx_word' id='word_1_124' title='bbox 800 1252 1105 1311; x_wconf 86' lang='lat' dir='ltr'>superstitione</span> <span class='ocrx_word' id='word_1_125' title='bbox 1129 1253 1361 1297; x_wconf 65' lang='lat' dir='ltr'>necaverit⁹</span> <span class='ocrx_word' id='word_1_126' title='bbox 1383 1255 1513 1306; x_wconf 90' lang='lat' dir='ltr'>Quod</span> 
     </span>
     <span class='ocr_line' id='line_1_17' title="bbox 124 1320 1508 1382; baseline 0.002 -18"><span class='ocrx_word' id='word_1_127' title='bbox 124 1330 215 1366; x_wconf 83' lang='lat' dir='ltr'>non</span> <span class='ocrx_word' id='word_1_128' title='bbox 232 1320 471 1376; x_wconf 81' lang='lat' dir='ltr'>crederem,</span> <span class='ocrx_word' id='word_1_129' title='bbox 493 1322 574 1366; x_wconf 90' lang='lat' dir='ltr'>nisi</span> <span class='ocrx_word' id='word_1_130' title='bbox 591 1323 741 1366; x_wconf 88' lang='lat' dir='ltr'>scirem</span> <span class='ocrx_word' id='word_1_131' title='bbox 758 1332 971 1382; x_wconf 87' lang='lat' dir='ltr'>quantum</span> <span class='ocrx_word' id='word_1_132' title='bbox 988 1321 1106 1367; x_wconf 86' lang='lat' dir='ltr'>nefas</span> <span class='ocrx_word' id='word_1_133' title='bbox 1121 1338 1211 1367; x_wconf 88' lang='lat' dir='ltr'>esse</span> <span class='ocrx_word' id='word_1_134' title='bbox 1225 1323 1508 1380; x_wconf 83' lang='lat' dir='ltr'>arbitremini,</span> 
     </span>
     <span class='ocr_line' id='line_1_18' title="bbox 122 1390 1512 1454; baseline 0.001 -18"><span class='ocrx_word' id='word_1_135' title='bbox 122 1390 193 1436; x_wconf 90' lang='lat' dir='ltr'>vel</span> <span class='ocrx_word' id='word_1_136' title='bbox 212 1391 304 1435; x_wconf 90' lang='lat' dir='ltr'>aliis</span> <span class='ocrx_word' id='word_1_137' title='bbox 318 1392 413 1435; x_wconf 83' lang='lat' dir='ltr'>haec</span> <span class='ocrx_word' id='word_1_138' title='bbox 427 1391 529 1436; x_wconf 86' lang='lat' dir='ltr'>dare</span> <span class='ocrx_word' id='word_1_139' title='bbox 546 1393 624 1452; x_wconf 87' lang='lat' dir='ltr'>qui</span> <span class='ocrx_word' id='word_1_140' title='bbox 641 1392 768 1437; x_wconf 88' lang='lat' dir='ltr'>electi</span> <span class='ocrx_word' id='word_1_141' title='bbox 790 1408 879 1438; x_wconf 91' lang='lat' dir='ltr'>non</span> <span class='ocrx_word' id='word_1_142' title='bbox 896 1402 1013 1448; x_wconf 87' lang='lat' dir='ltr'>sunt,</span> <span class='ocrx_word' id='word_1_143' title='bbox 1029 1393 1098 1439; x_wconf 91' lang='lat' dir='ltr'>vel</span> <span class='ocrx_word' id='word_1_144' title='bbox 1113 1403 1229 1438; x_wconf 91' lang='lat' dir='ltr'>certe</span> <span class='ocrx_word' id='word_1_145' title='bbox 1245 1394 1512 1454; x_wconf 86' lang='lat' dir='ltr'>projicienda</span> 
     </span>
     <span class='ocr_line' id='line_1_19' title="bbox 124 1461 1516 1523; baseline 0.002 -18"><span class='ocrx_word' id='word_1_146' title='bbox 124 1476 291 1506; x_wconf 89' lang='lat' dir='ltr'>curare.</span> <span class='ocrx_word' id='word_1_147' title='bbox 320 1461 445 1505; x_wconf 89' lang='lat' dir='ltr'>Unde</span> <span class='ocrx_word' id='word_1_148' title='bbox 462 1461 535 1505; x_wconf 89' lang='lat' dir='ltr'>illa</span> <span class='ocrx_word' id='word_1_149' title='bbox 554 1463 756 1507; x_wconf 88' lang='lat' dir='ltr'>vescendi</span> <span class='ocrx_word' id='word_1_150' title='bbox 774 1463 1000 1508; x_wconf 88' lang='lat' dir='ltr'>necessitas</span> <span class='ocrx_word' id='word_1_151' title='bbox 1013 1472 1140 1518; x_wconf 87' lang='lat' dir='ltr'>resta,</span> <span class='ocrx_word' id='word_1_152' title='bbox 1166 1478 1266 1523; x_wconf 81' lang='lat' dir='ltr'>quae</span> <span class='ocrx_word' id='word_1_153' title='bbox 1280 1463 1336 1507; x_wconf 92' lang='lat' dir='ltr'>ad</span> <span class='ocrx_word' id='word_1_154' title='bbox 1352 1464 1516 1523; x_wconf 89' lang='lat' dir='ltr'>turpis-</span> 
     </span>
     <span class='ocr_line' id='line_1_20' title="bbox 122 1531 1512 1594; baseline 0.003 -19"><span class='ocrx_word' id='word_1_155' title='bbox 122 1533 275 1576; x_wconf 89' lang='lat' dir='ltr'>simam</span> <span class='ocrx_word' id='word_1_156' title='bbox 297 1531 557 1576; x_wconf 83' lang='lat' dir='ltr'>cruditatem</span> <span class='ocrx_word' id='word_1_157' title='bbox 578 1547 689 1591; x_wconf 90' lang='lat' dir='ltr'>pene</span> <span class='ocrx_word' id='word_1_158' title='bbox 711 1533 923 1593; x_wconf 88' lang='lat' dir='ltr'>quotidie,</span> <span class='ocrx_word' id='word_1_159' title='bbox 946 1533 1181 1594; x_wconf 88' lang='lat' dir='ltr'>aliquando</span> <span class='ocrx_word' id='word_1_160' title='bbox 1197 1542 1345 1578; x_wconf 90' lang='lat' dir='ltr'>tamen</span> <span class='ocrx_word' id='word_1_161' title='bbox 1366 1543 1512 1593; x_wconf 88' lang='lat' dir='ltr'>potest</span> 
     </span>
     <span class='ocr_line' id='line_1_21' title="bbox 124 1601 973 1662; baseline 0 -16"><span class='ocrx_word' id='word_1_162' title='bbox 124 1611 168 1646; x_wconf 87' lang='lat' dir='ltr'>et</span> <span class='ocrx_word' id='word_1_163' title='bbox 189 1617 328 1662; x_wconf 90' lang='lat' dir='ltr'>usque</span> <span class='ocrx_word' id='word_1_164' title='bbox 351 1602 406 1646; x_wconf 87' lang='lat' dir='ltr'>ad</span> <span class='ocrx_word' id='word_1_165' title='bbox 427 1601 713 1647; x_wconf 88' lang='lat' dir='ltr'>homicidium</span> <span class='ocrx_word' id='word_1_166' title='bbox 729 1603 973 1662; x_wconf 90' lang='lat' dir='ltr'>pervenire.</span> 
     </span>
    </p>

    <p class='ocr_par' dir='ltr' id='par_1_6' title="bbox 121 1672 1516 2649">
     <span class='ocr_line' id='line_1_22' title="bbox 184 1672 1516 1732; baseline 0.002 -17"><span class='ocrx_word' id='word_1_167' title='bbox 184 1675 303 1716; x_wconf 89' lang='lat' dir='ltr'><strong>LIII.</strong></span> <span class='ocrx_word' id='word_1_168' title='bbox 341 1674 449 1725; x_wconf 82' lang='lat' dir='ltr'>Quae</span> <span class='ocrx_word' id='word_1_169' title='bbox 471 1687 569 1716; x_wconf 88' lang='lat' dir='ltr'>cum</span> <span class='ocrx_word' id='word_1_170' title='bbox 590 1673 650 1716; x_wconf 90' lang='lat' dir='ltr'>ita</span> <span class='ocrx_word' id='word_1_171' title='bbox 669 1672 770 1724; x_wconf 86' lang='lat' dir='ltr'>sint,</span> <span class='ocrx_word' id='word_1_172' title='bbox 795 1673 925 1716; x_wconf 86' lang='lat' dir='ltr'>etiam</span> <span class='ocrx_word' id='word_1_173' title='bbox 947 1687 1106 1732; x_wconf 87' lang='lat' dir='ltr'>panem</span> <span class='ocrx_word' id='word_1_174' title='bbox 1127 1673 1395 1717; x_wconf 85' lang='lat' dir='ltr'>mendicanti</span> <span class='ocrx_word' id='word_1_175' title='bbox 1412 1673 1516 1718; x_wconf 87' lang='lat' dir='ltr'>dare</span> 
     </span>
     <span class='ocr_line' id='line_1_23' title="bbox 123 1743 1515 1803; baseline 0.001 -16"><span class='ocrx_word' id='word_1_176' title='bbox 123 1743 364 1803; x_wconf 87' lang='lat' dir='ltr'>prohibetis</span> <span class='ocrx_word' id='word_1_177' title='bbox 386 1763 394 1787; x_wconf 90' lang='lat'>:</span> <span class='ocrx_word' id='word_1_178' title='bbox 416 1744 597 1787; x_wconf 66' lang='lat' dir='ltr'>oense-*is</span> <span class='ocrx_word' id='word_1_179' title='bbox 616 1753 762 1787; x_wconf 88' lang='lat' dir='ltr'>tamen</span> <span class='ocrx_word' id='word_1_180' title='bbox 784 1753 963 1803; x_wconf 87' lang='lat' dir='ltr'>propter</span> <span class='ocrx_word' id='word_1_181' title='bbox 980 1743 1334 1800; x_wconf 89' lang='lat' dir='ltr'>misericordiam,</span> <span class='ocrx_word' id='word_1_182' title='bbox 1352 1744 1423 1788; x_wconf 91' lang='lat' dir='ltr'>vel</span> <span class='ocrx_word' id='word_1_183' title='bbox 1435 1759 1515 1803; x_wconf 92' lang='lat' dir='ltr'>po-</span> 
     </span>
     <span class='ocr_line' id='line_1_24' title="bbox 124 1813 1514 1873; baseline 0 -15"><span class='ocrx_word' id='word_1_184' title='bbox 124 1815 209 1858; x_wconf 84' lang='lat' dir='ltr'>tius</span> <span class='ocrx_word' id='word_1_185' title='bbox 243 1822 419 1873; x_wconf 88' lang='lat' dir='ltr'>propter</span> <span class='ocrx_word' id='word_1_186' title='bbox 446 1813 655 1857; x_wconf 91' lang='lat' dir='ltr'>invidiam</span> <span class='ocrx_word' id='word_1_187' title='bbox 690 1828 892 1857; x_wconf 92' lang='lat' dir='ltr'>nummos</span> <span class='ocrx_word' id='word_1_188' title='bbox 923 1813 1031 1857; x_wconf 87' lang='lat' dir='ltr'>dari.</span> <span class='ocrx_word' id='word_1_189' title='bbox 1067 1813 1184 1866; x_wconf 81' lang='lat' dir='ltr'>Quid</span> <span class='ocrx_word' id='word_1_190' title='bbox 1205 1814 1274 1857; x_wconf 91' lang='lat' dir='ltr'>hic</span> <span class='ocrx_word' id='word_1_191' title='bbox 1297 1815 1416 1873; x_wconf 91' lang='lat' dir='ltr'>prius</span> <span class='ocrx_word' id='word_1_192' title='bbox 1445 1830 1514 1858; x_wconf 89' lang='lat' dir='ltr'>ar-</span> 
     </span>
     <span class='ocr_line' id='line_1_25' title="bbox 123 1882 1513 1943; baseline 0.001 -15"><span class='ocrx_word' id='word_1_193' title='bbox 123 1899 271 1943; x_wconf 87' lang='lat' dir='ltr'>guam,</span> <span class='ocrx_word' id='word_1_194' title='bbox 296 1882 615 1938; x_wconf 89' lang='lat' dir='ltr'>crudelitatem,</span> <span class='ocrx_word' id='word_1_195' title='bbox 645 1899 699 1927; x_wconf 88' lang='lat' dir='ltr'>an</span> <span class='ocrx_word' id='word_1_196' title='bbox 721 1883 997 1929; x_wconf 81' lang='lat' dir='ltr'>vecordiam?</span> <span class='ocrx_word' id='word_1_197' title='bbox 1019 1884 1135 1937; x_wconf 88' lang='lat' dir='ltr'>Quid</span> <span class='ocrx_word' id='word_1_198' title='bbox 1158 1884 1270 1928; x_wconf 89' lang='lat' dir='ltr'>enim</span> <span class='ocrx_word' id='word_1_199' title='bbox 1290 1885 1324 1928; x_wconf 89' lang='lat' dir='ltr'>si</span> <span class='ocrx_word' id='word_1_200' title='bbox 1342 1900 1393 1929; x_wconf 95' lang='lat' dir='ltr'>eo</span> <span class='ocrx_word' id='word_1_201' title='bbox 1416 1884 1513 1930; x_wconf 94' lang='lat' dir='ltr'>loco</span> 
     </span>
     <span class='ocr_line' id='line_1_26' title="bbox 123 1949 1513 2014; baseline 0 -14"><span class='ocrx_word' id='word_1_202' title='bbox 123 1971 188 2000; x_wconf 89' lang='lat' dir='ltr'>res</span> <span class='ocrx_word' id='word_1_203' title='bbox 213 1964 389 2014; x_wconf 83' lang='lat' dir='ltr'>agatur,</span> <span class='ocrx_word' id='word_1_204' title='bbox 415 1955 492 1998; x_wconf 91' lang='lat' dir='ltr'>ubi</span> <span class='ocrx_word' id='word_1_205' title='bbox 515 1955 678 1998; x_wconf 90' lang='lat' dir='ltr'>venalis</span> <span class='ocrx_word' id='word_1_206' title='bbox 700 1949 823 1999; x_wconf 89' lang='lat' dir='ltr'>cibus</span> <span class='ocrx_word' id='word_1_207' title='bbox 847 1955 1032 1999; x_wconf 89' lang='lat' dir='ltr'>inveniri</span> <span class='ocrx_word' id='word_1_208' title='bbox 1063 1969 1151 1998; x_wconf 91' lang='lat' dir='ltr'>non</span> <span class='ocrx_word' id='word_1_209' title='bbox 1176 1963 1317 2013; x_wconf 86' lang='lat' dir='ltr'>potest</span> <span class='ocrx_word' id='word_1_210' title='bbox 1331 1956 1348 1996; x_wconf 78' lang='lat'>⁶?</span> <span class='ocrx_word' id='word_1_211' title='bbox 1371 1957 1513 2000; x_wconf 91' lang='lat' dir='ltr'>Homo</span> 
     </span>
     <span class='ocr_line' id='line_1_27' title="bbox 123 2022 1512 2085; baseline -0.001 -15"><span class='ocrx_word' id='word_1_212' title='bbox 123 2040 254 2085; x_wconf 84' lang='lat' dir='ltr'>egens</span> <span class='ocrx_word' id='word_1_213' title='bbox 275 2025 349 2069; x_wconf 92' lang='lat' dir='ltr'>ille</span> <span class='ocrx_word' id='word_1_214' title='bbox 380 2022 495 2068; x_wconf 87' lang='lat' dir='ltr'>fame</span> <span class='ocrx_word' id='word_1_215' title='bbox 516 2025 752 2068; x_wconf 91' lang='lat' dir='ltr'>moriturus</span> <span class='ocrx_word' id='word_1_216' title='bbox 775 2033 860 2080; x_wconf 91' lang='lat' dir='ltr'>est,</span> <span class='ocrx_word' id='word_1_217' title='bbox 885 2024 991 2067; x_wconf 90' lang='lat' dir='ltr'>dum</span> <span class='ocrx_word' id='word_1_218' title='bbox 1012 2033 1061 2068; x_wconf 91' lang='lat' dir='ltr'>tu</span> <span class='ocrx_word' id='word_1_219' title='bbox 1083 2024 1148 2068; x_wconf 89' lang='lat' dir='ltr'>vir</span> <span class='ocrx_word' id='word_1_220' title='bbox 1178 2025 1345 2082; x_wconf 90' lang='lat' dir='ltr'>sapiens</span> <span class='ocrx_word' id='word_1_221' title='bbox 1366 2034 1411 2069; x_wconf 90' lang='lat' dir='ltr'>et</span> <span class='ocrx_word' id='word_1_222' title='bbox 1433 2025 1512 2069; x_wconf 89' lang='lat' dir='ltr'>be-</span> 
     </span>
     <span class='ocr_line' id='line_1_28' title="bbox 123 2094 1512 2155; baseline 0 -15"><span class='ocrx_word' id='word_1_223' title='bbox 123 2097 282 2155; x_wconf 82' lang='lat' dir='ltr'>nignus</span> <span class='ocrx_word' id='word_1_224' title='bbox 304 2096 438 2153; x_wconf 82' lang='lat' dir='ltr'>magis</span> <span class='ocrx_word' id='word_1_225' title='bbox 460 2109 735 2139; x_wconf 88' lang='lat' dir='ltr'>cucumerem</span> <span class='ocrx_word' id='word_1_226' title='bbox 758 2109 891 2154; x_wconf 86' lang='lat' dir='ltr'>quam</span> <span class='ocrx_word' id='word_1_227' title='bbox 913 2095 1134 2139; x_wconf 86' lang='lat' dir='ltr'>hominem</span> <span class='ocrx_word' id='word_1_228' title='bbox 1157 2094 1385 2138; x_wconf 87' lang='lat' dir='ltr'>miseraris.</span> <span class='ocrx_word' id='word_1_229' title='bbox 1408 2097 1512 2140; x_wconf 86' lang='lat' dir='ltr'>Haec</span> 
     </span>
     <span class='ocr_line' id='line_1_29' title="bbox 121 2163 1510 2226; baseline -0.001 -15"><span class='ocrx_word' id='word_1_230' title='bbox 121 2175 184 2211; x_wconf 90' lang='lat' dir='ltr'>est</span> <span class='ocrx_word' id='word_1_231' title='bbox 205 2165 401 2226; x_wconf 88' lang='lat' dir='ltr'>profecto</span> <span class='ocrx_word' id='word_1_232' title='bbox 420 2164 558 2225; x_wconf 87' lang='lat' dir='ltr'>(quid</span> <span class='ocrx_word' id='word_1_233' title='bbox 576 2165 690 2208; x_wconf 88' lang='lat' dir='ltr'>enim</span> <span class='ocrx_word' id='word_1_234' title='bbox 712 2163 854 2210; x_wconf 87' lang='lat' dir='ltr'>dicam</span> <span class='ocrx_word' id='word_1_235' title='bbox 882 2165 1191 2223; x_wconf 86' lang='lat' dir='ltr'>congruentius</span> <span class='ocrx_word' id='word_1_236' title='bbox 1214 2173 1257 2208; x_wconf 87' lang='lat' dir='ltr'>et</span> <span class='ocrx_word' id='word_1_237' title='bbox 1280 2163 1510 2224; x_wconf 81' lang='lat' dir='ltr'>planius?)</span> 
     </span>
     <span class='ocr_line' id='line_1_30' title="bbox 123 2233 1510 2281; baseline -0.001 0"><span class='ocrx_word' id='word_1_238' title='bbox 123 2237 229 2281; x_wconf 87' lang='lat' dir='ltr'>falsa</span> <span class='ocrx_word' id='word_1_239' title='bbox 251 2236 543 2281; x_wconf 88' lang='lat' dir='ltr'>misericordia</span> <span class='ocrx_word' id='word_1_240' title='bbox 566 2244 608 2279; x_wconf 91' lang='lat' dir='ltr'>et</span> <span class='ocrx_word' id='word_1_241' title='bbox 630 2250 730 2279; x_wconf 86' lang='lat' dir='ltr'>vera</span> <span class='ocrx_word' id='word_1_242' title='bbox 750 2233 997 2280; x_wconf 87' lang='lat' dir='ltr'>crudelitas.</span> <span class='ocrx_word' id='word_1_243' title='bbox 1024 2237 1149 2281; x_wconf 89' lang='lat' dir='ltr'>Nunc</span> <span class='ocrx_word' id='word_1_244' title='bbox 1177 2233 1423 2279; x_wconf 85' lang='lat' dir='ltr'>vecordiam</span> <span class='ocrx_word' id='word_1_245' title='bbox 1442 2236 1510 2280; x_wconf 88' lang='lat' dir='ltr'>vi-</span> 
     </span>
     <span class='ocr_line' id='line_1_31' title="bbox 124 2304 1508 2366; baseline -0.001 -14"><span class='ocrx_word' id='word_1_246' title='bbox 124 2307 317 2353; x_wconf 85' lang='lat' dir='ltr'>deamuS.</span> <span class='ocrx_word' id='word_1_247' title='bbox 344 2308 456 2360; x_wconf 86' lang='lat' dir='ltr'>Quid</span> <span class='ocrx_word' id='word_1_248' title='bbox 477 2307 594 2351; x_wconf 90' lang='lat' dir='ltr'>enim</span> <span class='ocrx_word' id='word_1_249' title='bbox 623 2307 657 2351; x_wconf 90' lang='lat' dir='ltr'>si</span> <span class='ocrx_word' id='word_1_250' title='bbox 685 2307 874 2351; x_wconf 91' lang='lat' dir='ltr'>nummis</span> <span class='ocrx_word' id='word_1_251' title='bbox 907 2306 1015 2360; x_wconf 88' lang='lat' dir='ltr'>illis,</span> <span class='ocrx_word' id='word_1_252' title='bbox 1052 2321 1161 2366; x_wconf 91' lang='lat' dir='ltr'>quos</span> <span class='ocrx_word' id='word_1_253' title='bbox 1192 2304 1362 2350; x_wconf 88' lang='lat' dir='ltr'>dederis</span> <span class='ocrx_word' id='word_1_254' title='bbox 1380 2341 1391 2361; x_wconf 90' lang='lat'>,</span> <span class='ocrx_word' id='word_1_255' title='bbox 1412 2306 1508 2352; x_wconf 72' lang='lat' dir='ltr'>sibi</span> 
     </span>
     <span class='ocr_line' id='line_1_32' title="bbox 125 2374 1504 2438; baseline -0.001 -15"><span class='ocrx_word' id='word_1_256' title='bbox 125 2392 282 2438; x_wconf 88' lang='lat' dir='ltr'>panem</span> <span class='ocrx_word' id='word_1_257' title='bbox 305 2379 450 2422; x_wconf 83' lang='lat' dir='ltr'>emat?</span> <span class='ocrx_word' id='word_1_258' title='bbox 472 2379 626 2422; x_wconf 86' lang='lat' dir='ltr'>Nonne</span> <span class='ocrx_word' id='word_1_259' title='bbox 658 2377 742 2422; x_wconf 92' lang='lat' dir='ltr'>hoc</span> <span class='ocrx_word' id='word_1_260' title='bbox 764 2378 809 2421; x_wconf 91' lang='lat' dir='ltr'>in</span> <span class='ocrx_word' id='word_1_261' title='bbox 841 2376 916 2421; x_wconf 91' lang='lat' dir='ltr'>illo</span> <span class='ocrx_word' id='word_1_262' title='bbox 945 2389 1042 2436; x_wconf 89' lang='lat' dir='ltr'>pars</span> <span class='ocrx_word' id='word_1_263' title='bbox 1071 2375 1143 2420; x_wconf 85' lang='lat' dir='ltr'>illa</span> <span class='ocrx_word' id='word_1_264' title='bbox 1165 2384 1303 2420; x_wconf 90' lang='lat' dir='ltr'>vestra</span> <span class='ocrx_word' id='word_1_265' title='bbox 1325 2374 1472 2421; x_wconf 89' lang='lat' dir='ltr'>divina</span> <span class='ocrx_word' id='word_1_266' title='bbox 1492 2412 1504 2433; x_wconf 93' lang='lat'>,</span> 
     </span>
     <span class='ocr_line' id='line_1_33' title="bbox 125 2446 1508 2510; baseline 0 -17"><span class='ocrx_word' id='word_1_267' title='bbox 125 2449 203 2510; x_wconf 88' lang='lat' dir='ltr'>qui</span> <span class='ocrx_word' id='word_1_268' title='bbox 233 2449 346 2494; x_wconf 90' lang='lat' dir='ltr'>hanc</span> <span class='ocrx_word' id='word_1_269' title='bbox 378 2448 508 2494; x_wconf 88' lang='lat' dir='ltr'>sumit</span> <span class='ocrx_word' id='word_1_270' title='bbox 536 2464 559 2492; x_wconf 87' lang='lat' dir='ltr'>a</span> <span class='ocrx_word' id='word_1_271' title='bbox 589 2448 815 2493; x_wconf 87' lang='lat' dir='ltr'>venditore</span> <span class='ocrx_word' id='word_1_272' title='bbox 835 2483 847 2503; x_wconf 86' lang='lat'>,</span> <span class='ocrx_word' id='word_1_273' title='bbox 878 2462 1052 2507; x_wconf 90' lang='lat' dir='ltr'>passura</span> <span class='ocrx_word' id='word_1_274' title='bbox 1074 2456 1138 2491; x_wconf 90' lang='lat' dir='ltr'>est</span> <span class='ocrx_word' id='word_1_275' title='bbox 1155 2481 1166 2502; x_wconf 95' lang='lat'>,</span> <span class='ocrx_word' id='word_1_276' title='bbox 1192 2446 1311 2507; x_wconf 91' lang='lat' dir='ltr'>quod</span> <span class='ocrx_word' id='word_1_277' title='bbox 1332 2462 1508 2506; x_wconf 87' lang='lat' dir='ltr'>passura</span> 
     </span>
     <span class='ocr_line' id='line_1_34' title="bbox 127 2516 1510 2578; baseline -0.001 -13"><span class='ocrx_word' id='word_1_278' title='bbox 127 2528 235 2575; x_wconf 89' lang='lat' dir='ltr'>erat,</span> <span class='ocrx_word' id='word_1_279' title='bbox 261 2519 295 2563; x_wconf 91' lang='lat' dir='ltr'>si</span> <span class='ocrx_word' id='word_1_280' title='bbox 316 2528 359 2564; x_wconf 86' lang='lat' dir='ltr'>te</span> <span class='ocrx_word' id='word_1_281' title='bbox 379 2520 512 2564; x_wconf 88' lang='lat' dir='ltr'>dante</span> <span class='ocrx_word' id='word_1_282' title='bbox 533 2518 811 2578; x_wconf 77' lang='lat' dir='ltr'>sumpsisset?</span> <span class='ocrx_word' id='word_1_283' title='bbox 833 2517 1022 2563; x_wconf 89' lang='lat' dir='ltr'>Involvit</span> <span class='ocrx_word' id='word_1_284' title='bbox 1040 2518 1173 2577; x_wconf 86' lang='lat' dir='ltr'>igitur</span> <span class='ocrx_word' id='word_1_285' title='bbox 1189 2516 1388 2562; x_wconf 83' lang='lat' dir='ltr'>sordibus</span> <span class='ocrx_word' id='word_1_286' title='bbox 1406 2533 1510 2577; x_wconf 91' lang='lat' dir='ltr'>pec-</span> 
     </span>
     <span class='ocr_line' id='line_1_35' title="bbox 128 2587 1514 2649; baseline -0.002 -13"><span class='ocrx_word' id='word_1_287' title='bbox 128 2600 249 2637; x_wconf 84' lang='lat' dir='ltr'>cator</span> <span class='ocrx_word' id='word_1_288' title='bbox 269 2588 343 2634; x_wconf 91' lang='lat' dir='ltr'>ille</span> <span class='ocrx_word' id='word_1_289' title='bbox 364 2587 592 2636; x_wconf 87' lang='lat' dir='ltr'>mendicus</span> <span class='ocrx_word' id='word_1_290' title='bbox 619 2598 785 2649; x_wconf 89' lang='lat' dir='ltr'>partem</span> <span class='ocrx_word' id='word_1_291' title='bbox 812 2589 888 2634; x_wconf 87' lang='lat' dir='ltr'>Dei</span> <span class='ocrx_word' id='word_1_292' title='bbox 918 2587 1111 2634; x_wconf 88' lang='lat' dir='ltr'>revolare</span> <span class='ocrx_word' id='word_1_293' title='bbox 1131 2588 1374 2648; x_wconf 86' lang='lat' dir='ltr'>cupientem</span> <span class='ocrx_word' id='word_1_294' title='bbox 1393 2623 1404 2644; x_wconf 89' lang='lat'>,</span> <span class='ocrx_word' id='word_1_295' title='bbox 1430 2589 1514 2633; x_wconf 88' lang='lat' dir='ltr'>tuis</span> 
     </span>
    </p>
   </div>
  </div>
 </body>
</html>
