1729 3143
562 247 618 274 DE
648 246 818 285 GENE51,
853 246 936 274 Lm.
970 246 1019 273 ιι.
1396 234 1479 274 467

105 311 208 355 huic
227 325 316 355 suae
337 311 449 370 parti
465 319 583 355 recte
603 311 855 356 dominetur
867 344 878 365 ,
898 318 943 354 et
961 311 1037 355 fiat
1053 309 1177 370 quasi
1189 309 1426 370 conjugalis
1436 311 1484 355 in

103 395 148 424 se
167 382 276 440 ipso,
308 391 358 426 ut
379 397 478 426 caro
507 397 597 427 non
622 381 898 439 concupiscat
919 380 1122 425 adversus
1149 381 1345 440 spiritum
1361 415 1373 437 ,
1407 380 1485 425 sed

103 451 271 510 spiritui
282 453 552 511 subjugetur,
575 451 621 496 id
637 460 721 506 est,
745 451 1094 510 concupiscentia
1110 450 1291 496 carnalis
1305 466 1395 496 non
1411 451 1487 496 ad-

101 530 297 566 versetur
328 522 510 576 rationi,
543 521 618 566 sed
647 521 789 581 potius
821 520 1164 580 obtemperando
1196 522 1367 567 desinat
1395 537 1488 567 esse

102 591 304 646 carnalis,
329 606 438 650 opus
455 591 586 635 habet
603 590 797 651 perfecta
819 591 1042 648 sapientia.
1064 593 1198 651 Cujus
1216 592 1486 652 contempla-

102 661 164 705 tio
175 660 278 720 quia
298 661 476 705 interior
497 669 561 706 est
577 670 622 705 et
643 661 860 715 secretior,
875 669 918 704 et
933 660 988 704 ab
1010 662 1131 705 omni
1151 677 1277 706 sensu
1292 663 1483 722 corporis

102 731 382 775 remotissima
397 765 409 786 ,
436 730 746 775 convenienter
766 730 896 774 etiam
925 730 1006 774 ista
1031 732 1196 790 soporis
1217 734 1393 777 nomine
1412 733 1484 777 in-

101 800 236 859 telligi
257 810 413 859 potest.
438 803 562 845 Tunc
582 801 699 844 enim
720 799 1036 845 ordinatissime
1056 811 1188 860 caput
1211 802 1403 848 mulieris
1416 803 1483 848 vir

101 879 180 925 est,
197 885 300 915 cum
320 879 454 930 caput
474 871 555 915 viri
576 878 640 914 est
660 869 872 924 Christus,
897 885 995 929 quae
1015 872 1232 929 Sapientia
1248 881 1313 916 est
1326 872 1420 917 Dei.

156 943 301 985 XVII.
339 943 450 986 Sane
471 941 516 985 in
535 940 682 983 locum
703 939 817 982 illius
838 948 969 983 costae
1001 955 1176 985 carnem
1198 941 1479 1002 adimplevit,

95 1020 146 1056 ut
168 1012 252 1055 hoc
272 1011 449 1055 nomine
469 1010 760 1053 insinuaretur
781 1007 1022 1054 dilectionis
1043 1010 1247 1067 affectus,
1269 1028 1359 1072 quo
1379 1012 1482 1058 dili-

96 1081 158 1140 git
179 1081 479 1141 unusquisque
501 1079 689 1124 animam
709 1093 856 1134 suam,
886 1088 930 1123 et
956 1094 1045 1124 non
1073 1089 1137 1124 est
1157 1081 1293 1125 durus
1315 1091 1365 1126 ut
1388 1098 1486 1128 eam

94 1160 373 1196 contemnat:
399 1150 520 1210 quod
550 1149 690 1207 diligit
717 1150 902 1209 quisque
933 1151 1004 1194 cui
1033 1160 1201 1210 praeest.
1244 1154 1344 1199 Non
1371 1154 1488 1200 enim

93 1222 152 1266 sic
171 1224 394 1265 nominata
415 1229 479 1264 est
503 1235 603 1264 caro
621 1221 702 1263 isto
721 1219 835 1274 loco,
857 1229 906 1264 ut
928 1220 1148 1265 carnalem
1169 1224 1484 1282 concupiscen-

92 1294 198 1337 tiam
219 1292 447 1351 significet,
471 1291 547 1335 sed
567 1291 650 1335 isto
672 1290 803 1335 modo
822 1291 982 1351 potius,
1003 1307 1092 1352 quo
1113 1294 1333 1353 Propheta
1351 1295 1457 1341 dicit
1471 1331 1483 1352 ‚

93 1362 251 1408 auferri
274 1361 437 1421 populo
469 1377 543 1406 cor
558 1360 797 1420 lapideum,
825 1371 868 1406 et
889 1361 983 1406 dari
1004 1378 1079 1407 cor
1106 1367 1354 1409 carneum1.
1387 1368 1482 1412 Hoc

93 1434 225 1478 modo
243 1433 358 1476 enim
378 1431 484 1476 dicit
506 1431 635 1475 etiam
658 1432 892 1490 Apostolus
912 1447 921 1473 ι
959 1435 1095 1479 «Non
1121 1434 1167 1478 in
1188 1434 1351 1481 tabulis
1370 1436 1482 1497 lapi-

100 1523 119 1546 »
144 1504 252 1559 deis,
278 1503 353 1548 sed
364 1503 411 1547 in
421 1501 580 1547 tabulis
596 1502 735 1547 cordis
749 1502 1034 1548 carnalibus2.
1054 1524 1072 1546 »
1091 1504 1226 1550 Aliud
1243 1516 1306 1551 est
1319 1508 1482 1569 quippe

97 1574 270 1634 propria
292 1573 456 1618 locutio
471 1607 482 1628 ,
508 1572 629 1616 aliud
648 1572 848 1631 figurata,
873 1573 1013 1633 qualis
1029 1574 1110 1619 ista
1134 1585 1198 1621 est
1220 1593 1354 1636 quam
1371 1587 1485 1624 trac-

98 1655 239 1691 tamus
262 1645 408 1689 modo.
429 1647 703 1703 Quapropter
719 1653 762 1688 et
781 1644 816 1688 si
840 1643 1019 1689 visibilis
1042 1644 1224 1692 foemina
1240 1649 1484 1696 secundum

99 1716 321 1760 historiam
333 1715 388 1758 de
404 1729 585 1773 corpore
597 1713 677 1758 viri
690 1713 830 1772 primo
845 1713 959 1759 facta
971 1724 1035 1760 est
1046 1732 1071 1761 a
1082 1717 1263 1763 Domino
1276 1722 1381 1776 Deo,
1393 1736 1483 1766 non

98 1787 251 1845 utique
271 1786 363 1830 sine
384 1800 510 1829 causa
537 1784 596 1828 ita
625 1783 737 1828 facta
761 1794 850 1839 est,
886 1785 968 1830 nisi
989 1796 1039 1831 ut
1061 1786 1241 1847 aliquod
1267 1799 1485 1835 secretum

97 1858 330 1901 intimaret.
355 1857 471 1901 Num
489 1855 604 1898 enim
624 1864 698 1899 aut
719 1854 847 1899 limus
869 1854 1026 1911 defuit,
1051 1856 1170 1902 unde
1189 1857 1374 1904 foemina
1386 1860 1482 1906 for-

97 1936 316 1983 maretur3
350 1934 426 1969 aut
451 1925 485 1969 si
516 1924 648 1969 vellet
670 1925 879 1969 Dominus
907 1926 1072 1970 homini
1099 1927 1295 1986 vigilanti
1317 1940 1481 1976 costam

97 1998 188 2042 sine
210 1995 361 2040 dolore
380 1994 608 2039 detrahere
627 2009 718 2038 non
734 1996 912 2053 posset?
943 1995 1042 2040 Sive
1070 2011 1173 2055 ergo
1193 1998 1273 2043 ista
1295 1999 1480 2059 figurate

98 2069 214 2114 dicta
234 2068 340 2121 sint,
373 2065 460 2109 sive
489 2065 619 2108 etiam
637 2065 820 2122 figurate
839 2063 954 2109 facta
972 2067 1074 2121 sint,
1096 2083 1187 2112 non
1215 2068 1378 2115 frustra
1393 2071 1478 2117 hoc

62 2166 64 2170 ν
96 2139 226 2184 modo
239 2138 354 2183 dicta
368 2135 437 2182 vel
453 2135 566 2180 facta
578 2143 695 2189 sunt,
713 2134 789 2178 sed
808 2144 910 2179 sunt
924 2136 1052 2195 plane
1067 2140 1271 2195 mysteria
1282 2149 1325 2185 et
1337 2157 1478 2186 sacra-

26 2254 27 2258 ,
96 2220 242 2256 menta
257 2245 268 2266 ,
293 2210 382 2255 sive
403 2209 487 2252 hoc
510 2207 641 2251 modo
663 2222 751 2266 quo
772 2208 961 2252 tenuitas
982 2218 1128 2254 nostra
1149 2221 1334 2257 conatur
1352 2247 1364 2269 ‚
1390 2215 1478 2260 sive

25 2272 27 2274 i
97 2283 242 2343 aliquo
265 2281 348 2326 alio
370 2279 569 2333 meliore,
594 2278 836 2322 secundum
854 2293 1003 2324 sanam
1023 2289 1171 2326 tamen
1190 2282 1323 2328 fidem
1339 2318 1352 2341 ‚
1375 2294 1480 2331 sunt

24 2367 29 2404 ρ
96 2351 421 2411 interpretanda
444 2358 488 2394 et
509 2348 805 2406 intelligenda.

154 2425 320 2467 XVIII.
356 2420 538 2465 Vocavit
559 2435 661 2477 ergo
678 2418 905 2462 mulierem
924 2435 1047 2464 suam
1067 2422 1146 2477 vir,
1171 2432 1380 2483 tanquam
1398 2441 1477 2486 po-

98 2494 182 2540 tior
202 2492 468 2545 inferiorem,
494 2499 537 2534 et
560 2488 668 2533 dixit
689 2504 697 2530 :
728 2491 858 2533 «Hoc
877 2505 994 2534 nunc
1012 2506 1058 2535 os
1080 2491 1135 2535 de
1151 2494 1317 2539 ossibus
1342 2498 1446 2541 meis
1462 2532 1472 2550 ‚

147 2583 156 2599 ¹
177 2575 294 2610 Ezech.
312 2586 359 2616 xi,
383 2585 431 2618 19.
448 2590 489 2597 —
507 2580 517 2596 ²
538 2581 556 2606 2
574 2574 645 2606 Cor.
665 2582 710 2611 ιιι,
732 2571 763 2604 3.

1256 2631 1319 2671 30.
