1729 3143
412 257 496 284 Lm.
532 257 579 283 11.
617 257 670 284 DE
703 258 887 285 uomens
919 254 1261 285 MAMCHAEORUM.
1443 245 1524 284 :393

206 321 342 366 LXX.
377 322 428 366 Id
450 322 579 366 etiam
601 323 725 367 nobis
748 337 999 383 responsum
1021 331 1099 378 est,
1124 337 1223 367 cum
1241 321 1297 366 ad
1312 320 1424 380 ipsos
1436 322 1526 380 pri-
1580 331 1586 365 ζ·

147 401 283 436 mates
299 392 601 438 detulissemus
622 403 904 453 conquestam
921 394 1044 438 nobis
1059 409 1148 438 esse
1165 393 1392 438 mulierem
1407 391 1527 452 quod
1580 434 1583 436 .

146 462 193 507 in
213 463 437 519 conclavi,
464 465 541 508 ubi
563 480 664 510 cum
682 464 773 509 aliis
796 462 988 509 foeminis
1010 473 1117 520 erat,
1142 463 1196 508 de
1217 462 1392 508 illorum
1410 461 1526 507 scili-

145 541 215 577 cet
235 534 464 579 sanctitate
485 550 650 590 secura,
677 534 876 594 ingressis
900 534 1044 579 electis
1061 534 1274 593 pluribus,
1301 542 1343 578 et
1365 532 1420 577 ab
1437 547 1528 576 uno

144 602 324 649 lucerna
345 605 548 661 extincta,
573 607 788 650 incertum
810 606 932 664 cujus
954 620 1105 649 eorum
1127 605 1172 648 in
1188 603 1377 648 tenebris
1400 617 1530 662 appe·

146 675 226 720 tita
255 686 366 721 esset
388 677 589 737 amplexu
605 712 616 733 ‚
652 686 696 721 et
719 686 867 721 coacta
889 676 935 720 in
963 676 1173 734 flagitium
1190 711 1200 730 ‚
1227 675 1307 719 nisi
1333 674 1528 719 subsidio

144 744 345 791 clamoris
363 743 578 791 evasisset.
596 749 691 792 Hoc
707 747 832 792 nobis
845 762 1021 806 quoque
1033 745 1304 789 notissimum
1317 744 1454 799 nefas,
1475 743 1529 788 de

145 826 311 876 quanta
352 817 669 861 consuetudine
706 817 871 862 venisse
905 815 1205 859 arbitrandum
1238 817 1333 859 est?
1362 818 1418 859 Et
1447 815 1530 859 hoc

145 885 313 930 factum
336 896 399 931 est
417 902 464 930 ea
482 896 628 941 nocte,
652 902 739 945 qua
756 885 877 931 festae
899 886 1016 945 apud
1039 901 1113 930 vos
1134 886 1290 944 vigiliae
1307 886 1532 930 celebran-

146 965 232 1001 tur.
268 956 353 1002 Sed
381 973 528 1001 revera
561 957 728 1001 etiamsi
765 956 912 1001 nullus
943 966 1048 1001 esset
1079 955 1335 1016 proditionis
1364 965 1528 1011 metus,

145 1031 243 1089 quis
265 1038 409 1089 posset
430 1027 728 1073 damnandum
753 1029 910 1073 offerre
931 1029 1131 1088 episcopo
1145 1064 1156 1084 ,
1182 1029 1259 1089 qui
1285 1030 1344 1073 sic
1365 1046 1531 1089 praeca-

146 1109 269 1145 verat
283 1116 339 1144 ne
354 1109 659 1160 agnosceretur
674 1101 692 1143 Ρ
713 1101 844 1153 Quasi
859 1116 960 1145 vero
976 1117 1066 1145 non
1084 1117 1232 1146 omnes
1245 1102 1358 1146 idem
1370 1103 1533 1146 crimen

147 1171 369 1217 involutos
391 1173 585 1226 tenebat,
606 1172 682 1231 qui
698 1172 826 1215 simul
846 1172 1026 1231 ingressi
1044 1181 1181 1216 erant.
1203 1173 1312 1217 Nam
1334 1173 1537 1217 omnibus

148 1243 398 1302 petulanter
413 1243 661 1304 jocantibus
682 1242 861 1288 lucerna
882 1244 1067 1288 extincta
1089 1243 1326 1303 placuerat.

208 1316 362 1359 LXXI.
401 1314 729 1374 Suspicionibus
745 1330 849 1359 vero
859 1316 1005 1375 januae
1020 1324 1196 1374 quantae
1209 1315 1532 1374 aperiebantur⁷

146 1398 248 1428 cum
273 1399 345 1428 eos
367 1383 537 1428 invidos
559 1384 904 1439 inveniebamus,
930 1400 1030 1429 cum
1056 1400 1204 1430 avaros
1220 1420 1231 1439 ‚
1255 1400 1357 1429 cum
1380 1384 1534 1444 epula-

148 1471 247 1499 rum
270 1455 580 1516 exquisitarum
603 1455 883 1510 avidissimos,
910 1471 1011 1500 cum
1033 1456 1078 1499 in
1091 1457 1246 1516 jurgiis
1268 1456 1535 1516 frequentis-

149 1526 279 1571 simos
295 1561 306 1581 ,
343 1541 445 1570 cum
472 1524 526 1570 de
558 1526 688 1570 rebus
721 1526 884 1585 exiguis
905 1526 1238 1570 mobilissimos?
1265 1528 1363 1571 Non
1384 1527 1537 1585 utique

149 1597 469 1641 arbitrabamur
491 1612 562 1642 eos
583 1608 824 1655 temperare
845 1612 985 1655 posse⁷
1010 1612 1034 1640 a
1055 1597 1214 1656 quibus
1235 1611 1278 1640 se
1296 1606 1538 1655 temperare

148 1668 501 1727 profitebantur,
537 1666 714 1727 quando
750 1666 931 1711 latibula
963 1676 1006 1711 et
1040 1667 1241 1710 tenebras
1273 1667 1534 1710 invenirent.

149 1740 248 1782 Duo
269 1738 448 1798 quidam
477 1748 599 1782 erant
628 1738 954 1782 existimationis
985 1738 1085 1781 satis
1107 1737 1250 1792 bonae,
1275 1736 1392 1782 sacili
1414 1737 1537 1795 inge-

149 1808 247 1863 nio,
285 1817 417 1868 atque
448 1808 494 1850 in
523 1806 606 1851 illis
639 1808 724 1851 suis
754 1807 1120 1865 disputationibus
1141 1807 1384 1866 principes,
1411 1807 1537 1851 nobis

152 1877 339 1937 amplius
367 1893 501 1937 quam
534 1878 679 1921 caeteri
708 1875 1047 1936 familiariusque
1068 1877 1305 1936 conjuncti.
1341 1879 1538 1930 Quorum

153 1963 267 1993 unus
278 1949 356 2009 qui
367 1956 545 2007 propter
557 1946 700 1991 studia
714 1947 843 1991 etiam
858 1946 1049 1990 liberalia
1065 1946 1189 1990 nobis
1209 1947 1366 1990 arctius
1389 1946 1536 1991 adhac-
1575 2003 1577 2005 ι

153 2019 279 2064 rebat
299 2018 371 2062 hic
392 2033 510 2062 nunc
532 2017 592 2061 ibi
614 2032 703 2062 esse
724 2017 950 2076 presbyter
972 2015 1145 2061 dicitur.
1175 2016 1229 2059 Hi
1252 2016 1333 2060 sibi
1355 2017 1540 2074 graviter

154 2089 413 2135 invidebant
427 2124 438 2144 ,
465 2097 506 2133 et
525 2088 754 2148 objiciebat
771 2087 1035 2141 alteralteri,
1053 2102 1140 2131 non
1157 2087 1428 2131 accusatione
1444 2103 1538 2132 ma-

156 2161 328 2215 nifesta,
353 2161 429 2204 sed
451 2175 649 2204 sermone
669 2160 787 2218 apud
809 2174 918 2219 quos
940 2167 1108 2217 poterat
1127 2167 1169 2201 et
1190 2160 1386 2212 susurris,
1413 2158 1467 2202 ab
1488 2174 1539 2203 eo

158 2232 371 2277 violenter
394 2240 650 2275 attentatam
668 2231 896 2290 cujusdam
920 2229 1124 2274 auditoris
1147 2245 1337 2273 uxorem.
1365 2229 1444 2273 Ille
1468 2245 1541 2274 au·
1585 2217 1597 2266 ³¹

159 2312 249 2347 tem
270 2317 314 2347 se
336 2317 544 2361 purgans,
570 2301 742 2345 interim
765 2300 883 2359 apud
905 2315 982 2343 nos
1004 2299 1135 2343 alium
1158 2299 1349 2358 ejusdem
1374 2299 1542 2344 sceleris

160 2373 350 2418 electum
382 2373 716 2426 criminabatur„
756 2373 832 2432 qui
873 2371 989 2429 apud
1027 2369 1226 2413 eumdem
1266 2370 1507 2415 auditorem
1526 2406 1538 2426 ‚

159 2445 282 2505 quasi
304 2445 465 2488 amicus
484 2443 715 2488 fidissimus
736 2442 960 2486 habitabat
985 2460 992 2484 :
1017 2456 1147 2499 quem
1169 2441 1376 2500 quoniam
1396 2442 1540 2487 subito

162 2514 409 2574 ingrediens
439 2529 538 2558 cum
563 2514 740 2557 muliere
764 2512 1134 2571 deprehenderat,
1169 2511 1340 2555 dicebat
1372 2513 1538 2556 mulieri

162 2595 206 2630 et
227 2584 426 2629 adultero
446 2584 500 2627 ab
519 2583 592 2628 illo
614 2584 789 2628 inimico
809 2591 937 2641 atque
954 2580 1103 2624 invido
1125 2581 1351 2625 consilium
1370 2582 1536 2639 datum,

354 2666 538 2695 cxxxiv.
1335 2658 1385 2691 238
