<?xml version="1.0" encoding="UTF-8"?>
<!DOCTYPE html PUBLIC "-//W3C//DTD XHTML 1.0 Transitional//EN"
    "http://www.w3.org/TR/xhtml1/DTD/xhtml1-transitional.dtd">
<html xmlns="http://www.w3.org/1999/xhtml" xml:lang="en" lang="en">
 <head>
  <title>
</title>
<meta http-equiv="Content-Type" content="text/html;charset=utf-8" />
  <meta name='ocr-system' content='tesseract 3.04.00' />
  <meta name='ocr-capabilities' content='ocr_page ocr_carea ocr_par ocr_line ocrx_word'/>
</head>
<body>
  <div class='ocr_page' id='page_1' title='image "./operaomniaaccura27auguuoft/operaomniaaccura27auguuoft_0202.png"; bbox 0 0 1729 3143; ppageno 0'>
   <div class='ocr_carea' id='block_1_1' title="bbox 285 165 1225 203">
    <p class='ocr_par' dir='ltr' id='par_1_1' title="bbox 285 165 1225 203">
     <span class='ocr_line' id='line_1_1' title="bbox 285 165 1225 203; baseline 0.001 -7"><span class='ocrx_word' id='word_1_1' title='bbox 285 165 368 203; x_wconf 91' lang='lat'><strong>190</strong></span> <span class='ocrx_word' id='word_1_2' title='bbox 706 167 741 196; x_wconf 88' lang='lat' dir='ltr'><strong>s.</strong></span> <span class='ocrx_word' id='word_1_3' title='bbox 777 166 1010 196; x_wconf 70' lang='lat' dir='ltr'><strong>Aueus‘nm</strong></span> <span class='ocrx_word' id='word_1_4' title='bbox 1042 167 1225 197; x_wconf 72' lang='lat' dir='ltr'><strong>:snscom</strong></span> 
     </span>
    </p>
   </div>
   <div class='ocr_carea' id='block_1_2' title="bbox 269 233 1729 2468">
    <p class='ocr_par' dir='ltr' id='par_1_2' title="bbox 269 233 1729 1985">
     <span class='ocr_line' id='line_1_2' title="bbox 279 233 1668 298; baseline -0.004 -14"><span class='ocrx_word' id='word_1_5' title='bbox 279 237 540 298; x_wconf 85' lang='lat' dir='ltr'><strong>aliquando,</strong></span> <span class='ocrx_word' id='word_1_6' title='bbox 565 243 609 278; x_wconf 91' lang='lat' dir='ltr'><strong>et</strong></span> <span class='ocrx_word' id='word_1_7' title='bbox 637 234 754 278; x_wconf 88' lang='lat' dir='ltr'><strong>viam</strong></span> <span class='ocrx_word' id='word_1_8' title='bbox 782 233 829 276; x_wconf 92' lang='lat' dir='ltr'><strong>in</strong></span> <span class='ocrx_word' id='word_1_9' title='bbox 857 248 945 292; x_wconf 89' lang='lat' dir='ltr'><strong>qua</strong></span> <span class='ocrx_word' id='word_1_10' title='bbox 976 233 1281 289; x_wconf 78' lang='lat' dir='ltr'><strong>ambulamus,</strong></span> <span class='ocrx_word' id='word_1_11' title='bbox 1306 248 1396 279; x_wconf 90' lang='lat' dir='ltr'><strong>non</strong></span> <span class='ocrx_word' id='word_1_12' title='bbox 1420 234 1668 294; x_wconf 85' lang='lat' dir='ltr'><strong>apprehen-</strong></span> 
     </span>
     <span class='ocr_line' id='line_1_3' title="bbox 279 302 1671 363; baseline -0.003 -10"><span class='ocrx_word' id='word_1_13' title='bbox 279 309 453 353; x_wconf 90' lang='lat' dir='ltr'><strong>derunt.</strong></span> <span class='ocrx_word' id='word_1_14' title='bbox 495 304 598 348; x_wconf 87' lang='lat' dir='ltr'><strong>Tale</strong></span> <span class='ocrx_word' id='word_1_15' title='bbox 626 312 690 347; x_wconf 89' lang='lat' dir='ltr'><strong>est</strong></span> <span class='ocrx_word' id='word_1_16' title='bbox 723 302 835 358; x_wconf 84' lang='lat' dir='ltr'><strong>hoe,</strong></span> <span class='ocrx_word' id='word_1_17' title='bbox 862 318 911 347; x_wconf 87' lang='lat' dir='ltr'><strong>ae</strong></span> <span class='ocrx_word' id='word_1_18' title='bbox 948 303 1008 347; x_wconf 88' lang='lat' dir='ltr'><strong>sic</strong></span> <span class='ocrx_word' id='word_1_19' title='bbox 1043 302 1197 362; x_wconf 87' lang='lat' dir='ltr'><strong>aliquis</strong></span> <span class='ocrx_word' id='word_1_20' title='bbox 1228 318 1392 363; x_wconf 88' lang='lat' dir='ltr'><strong>equum</strong></span> <span class='ocrx_word' id='word_1_21' title='bbox 1420 304 1597 360; x_wconf 89' lang='lat' dir='ltr'><strong>domet,</strong></span> <span class='ocrx_word' id='word_1_22' title='bbox 1621 304 1671 348; x_wconf 87' lang='lat' dir='ltr'><strong>in</strong></span> 
     </span>
     <span class='ocr_line' id='line_1_4' title="bbox 277 373 1671 440; baseline -0.003 -17"><span class='ocrx_word' id='word_1_23' title='bbox 277 395 366 440; x_wconf 89' lang='lat' dir='ltr'><strong>quo</strong></span> <span class='ocrx_word' id='word_1_24' title='bbox 389 385 516 421; x_wconf 85' lang='lat' dir='ltr'>erret.</span> <span class='ocrx_word' id='word_1_25' title='bbox 552 374 763 433; x_wconf 83' lang='lat' dir='ltr'><strong>Jejunant</strong></span> <span class='ocrx_word' id='word_1_26' title='bbox 798 374 991 419; x_wconf 84' lang='lat' dir='ltr'><strong>haeretici</strong></span> <span class='ocrx_word' id='word_1_27' title='bbox 1019 393 1027 419; x_wconf 92' lang='lat'><strong>:</strong></span> <span class='ocrx_word' id='word_1_28' title='bbox 1053 373 1181 419; x_wconf 89' lang='lat' dir='ltr'><strong>video</strong></span> <span class='ocrx_word' id='word_1_29' title='bbox 1207 375 1358 434; x_wconf 90' lang='lat' dir='ltr'><strong>quales</strong></span> <span class='ocrx_word' id='word_1_30' title='bbox 1379 385 1507 434; x_wconf 81' lang='lat' dir='ltr'><strong>eant3</strong></span> <span class='ocrx_word' id='word_1_31' title='bbox 1530 377 1671 420; x_wconf 88' lang='lat' dir='ltr'><strong>inter-</strong></span> 
     </span>
     <span class='ocr_line' id='line_1_5' title="bbox 276 443 1672 506; baseline -0.002 -14"><span class='ocrx_word' id='word_1_32' title='bbox 276 462 381 505; x_wconf 87' lang='lat' dir='ltr'><strong>rogo</strong></span> <span class='ocrx_word' id='word_1_33' title='bbox 415 461 504 506; x_wconf 90' lang='lat' dir='ltr'><strong>quo</strong></span> <span class='ocrx_word' id='word_1_34' title='bbox 527 446 662 488; x_wconf 83' lang='lat' dir='ltr'><strong>eant?</strong></span> <span class='ocrx_word' id='word_1_35' title='bbox 696 445 910 505; x_wconf 78' lang='lat' dir='ltr'><strong>Jejunatis</strong></span> <span class='ocrx_word' id='word_1_36' title='bbox 929 480 940 500; x_wconf 85' lang='lat'>‚</span> <span class='ocrx_word' id='word_1_37' title='bbox 980 453 1030 488; x_wconf 92' lang='lat' dir='ltr'><strong>ut</strong></span> <span class='ocrx_word' id='word_1_38' title='bbox 1064 445 1136 489; x_wconf 87' lang='lat' dir='ltr'><strong>eui</strong></span> <span class='ocrx_word' id='word_1_39' title='bbox 1174 443 1412 504; x_wconf 80' lang='lat' dir='ltr'><strong>placeatis?</strong></span> <span class='ocrx_word' id='word_1_40' title='bbox 1444 449 1565 501; x_wconf 90' lang='lat' dir='ltr'><strong>Deo,</strong></span> <span class='ocrx_word' id='word_1_41' title='bbox 1599 445 1672 489; x_wconf 90' lang='lat' dir='ltr'><strong>in-</strong></span> 
     </span>
     <span class='ocr_line' id='line_1_6' title="bbox 276 515 1671 577; baseline -0.001 -16"><span class='ocrx_word' id='word_1_42' title='bbox 276 518 451 577; x_wconf 90' lang='lat' dir='ltr'><strong>quiunt.</strong></span> <span class='ocrx_word' id='word_1_43' title='bbox 477 519 640 562; x_wconf 91' lang='lat' dir='ltr'><strong>Munus</strong></span> <span class='ocrx_word' id='word_1_44' title='bbox 655 518 816 575; x_wconf 91' lang='lat' dir='ltr'><strong>putatis</strong></span> <span class='ocrx_word' id='word_1_45' title='bbox 838 517 1024 576; x_wconf 82' lang='lat' dir='ltr'><strong>accipit?</strong></span> <span class='ocrx_word' id='word_1_46' title='bbox 1048 517 1135 562; x_wconf 88' lang='lat' dir='ltr'><strong>Sed</strong></span> <span class='ocrx_word' id='word_1_47' title='bbox 1153 517 1270 574; x_wconf 87' lang='lat' dir='ltr'><strong>prius</strong></span> <span class='ocrx_word' id='word_1_48' title='bbox 1287 516 1389 561; x_wconf 89' lang='lat' dir='ltr'><strong>vide</strong></span> <span class='ocrx_word' id='word_1_49' title='bbox 1411 516 1520 576; x_wconf 91' lang='lat' dir='ltr'><strong>quid</strong></span> <span class='ocrx_word' id='word_1_50' title='bbox 1535 515 1644 559; x_wconf 91' lang='lat' dir='ltr'><strong>dicit</strong></span> <span class='ocrx_word' id='word_1_51' title='bbox 1661 533 1671 560; x_wconf 78' lang='grc' dir='ltr'><strong><em>ε</em></strong></span> 
     </span>
     <span class='ocr_line' id='line_1_7' title="bbox 279 583 1676 648; baseline -0.001 -20"><span class='ocrx_word' id='word_1_52' title='bbox 279 605 297 628; x_wconf 61' lang='grc' dir='ltr'><strong>(ι</strong></span> <span class='ocrx_word' id='word_1_53' title='bbox 324 586 540 648; x_wconf 82' lang='lat' dir='ltr'>Relinque</span> <span class='ocrx_word' id='word_1_54' title='bbox 573 602 735 631; x_wconf 90' lang='lat' dir='ltr'><strong>munus</strong></span> <span class='ocrx_word' id='word_1_55' title='bbox 759 622 770 643; x_wconf 86' lang='lat'>‚</span> <span class='ocrx_word' id='word_1_56' title='bbox 808 596 853 631; x_wconf 89' lang='lat' dir='ltr'><strong>et</strong></span> <span class='ocrx_word' id='word_1_57' title='bbox 883 586 996 631; x_wconf 86' lang='lat' dir='ltr'><strong>vade</strong></span> <span class='ocrx_word' id='word_1_58' title='bbox 1020 621 1032 641; x_wconf 87' lang='lat'>‚</span> <span class='ocrx_word' id='word_1_59' title='bbox 1079 587 1199 646; x_wconf 90' lang='lat' dir='ltr'><strong>prius</strong></span> <span class='ocrx_word' id='word_1_60' title='bbox 1237 586 1515 631; x_wconf 88' lang='lat' dir='ltr'><strong>reconciliare</strong></span> <span class='ocrx_word' id='word_1_61' title='bbox 1550 583 1676 628; x_wconf 83' lang='lat' dir='ltr'><strong>fratri</strong></span> 
     </span>
     <span class='ocr_line' id='line_1_8' title="bbox 277 654 1675 720; baseline -0.004 -17"><span class='ocrx_word' id='word_1_62' title='bbox 277 676 298 699; x_wconf 87' lang='lat'>»</span> <span class='ocrx_word' id='word_1_63' title='bbox 323 667 402 704; x_wconf 87' lang='lat' dir='ltr'><strong>tuo</strong></span> <span class='ocrx_word' id='word_1_64' title='bbox 420 661 453 703; x_wconf 86' lang='lat'><strong>¹.</strong></span> <span class='ocrx_word' id='word_1_65' title='bbox 475 678 495 701; x_wconf 86' lang='lat'>»</span> <span class='ocrx_word' id='word_1_66' title='bbox 521 658 748 720; x_wconf 87' lang='lat' dir='ltr'><strong>Numquid</strong></span> <span class='ocrx_word' id='word_1_67' title='bbox 764 660 962 703; x_wconf 88' lang='lat' dir='ltr'><strong>membra</strong></span> <span class='ocrx_word' id='word_1_68' title='bbox 980 667 1056 702; x_wconf 90' lang='lat' dir='ltr'><strong>tua</strong></span> <span class='ocrx_word' id='word_1_69' title='bbox 1075 667 1194 702; x_wconf 89' lang='lat' dir='ltr'><strong>reete</strong></span> <span class='ocrx_word' id='word_1_70' title='bbox 1211 658 1364 702; x_wconf 90' lang='lat' dir='ltr'><strong>domas</strong></span> <span class='ocrx_word' id='word_1_71' title='bbox 1379 691 1390 711; x_wconf 88' lang='lat'>,</span> <span class='ocrx_word' id='word_1_72' title='bbox 1415 656 1493 716; x_wconf 89' lang='lat' dir='ltr'><strong>qui</strong></span> <span class='ocrx_word' id='word_1_73' title='bbox 1512 654 1675 699; x_wconf 89' lang='lat' dir='ltr'>Christi</span> 
     </span>
     <span class='ocr_line' id='line_1_9' title="bbox 273 727 1678 790; baseline -0.004 -17"><span class='ocrx_word' id='word_1_74' title='bbox 273 730 472 775; x_wconf 89' lang='lat' dir='ltr'><strong>membra</strong></span> <span class='ocrx_word' id='word_1_75' title='bbox 492 730 707 776; x_wconf 75' lang='lat' dir='ltr'><strong>dilanias?</strong></span> <span class='ocrx_word' id='word_1_76' title='bbox 735 749 755 772; x_wconf 91' lang='lat'>«</span> <span class='ocrx_word' id='word_1_77' title='bbox 774 729 965 775; x_wconf 85' lang='lat' dir='ltr'>Auditur</span> <span class='ocrx_word' id='word_1_78' title='bbox 982 764 994 785; x_wconf 87' lang='lat'><strong>‚</strong></span> <span class='ocrx_word' id='word_1_79' title='bbox 1018 729 1166 790; x_wconf 79' lang='lat' dir='ltr'><strong>inquit</strong></span> <span class='ocrx_word' id='word_1_80' title='bbox 1182 763 1194 784; x_wconf 88' lang='lat'>‚</span> <span class='ocrx_word' id='word_1_81' title='bbox 1218 729 1263 772; x_wconf 91' lang='lat' dir='ltr'><strong>in</strong></span> <span class='ocrx_word' id='word_1_82' title='bbox 1281 727 1473 772; x_wconf 89' lang='lat' dir='ltr'><strong>clamore</strong></span> <span class='ocrx_word' id='word_1_83' title='bbox 1490 741 1572 770; x_wconf 87' lang='lat' dir='ltr'><strong>vox</strong></span> <span class='ocrx_word' id='word_1_84' title='bbox 1585 740 1678 770; x_wconf 84' lang='lat' dir='ltr'><strong>ves-</strong></span> 
     </span>
     <span class='ocr_line' id='line_1_10' title="bbox 276 798 1678 863; baseline -0.004 -17"><span class='ocrx_word' id='word_1_85' title='bbox 276 818 297 841; x_wconf 81' lang='lat'>»</span> <span class='ocrx_word' id='word_1_86' title='bbox 323 810 388 846; x_wconf 87' lang='lat' dir='ltr'><strong>tra</strong></span> <span class='ocrx_word' id='word_1_87' title='bbox 406 822 418 860; x_wconf 81' lang='lat'><em>3</em></span> <span class='ocrx_word' id='word_1_88' title='bbox 440 811 484 847; x_wconf 90' lang='lat' dir='ltr'><strong>et</strong></span> <span class='ocrx_word' id='word_1_89' title='bbox 506 817 578 847; x_wconf 88' lang='lat' dir='ltr'><strong>eos</strong></span> <span class='ocrx_word' id='word_1_90' title='bbox 600 802 678 863; x_wconf 90' lang='lat' dir='ltr'><strong>qui</strong></span> <span class='ocrx_word' id='word_1_91' title='bbox 705 802 788 847; x_wconf 79' lang='lat' dir='ltr'><strong>s‘ub</strong></span> <span class='ocrx_word' id='word_1_92' title='bbox 810 804 920 863; x_wconf 87' lang='lat' dir='ltr'><strong>jugo</strong></span> <span class='ocrx_word' id='word_1_93' title='bbox 941 811 1087 847; x_wconf 86' lang='lat' dir='ltr'><strong>vestro</strong></span> <span class='ocrx_word' id='word_1_94' title='bbox 1112 809 1216 845; x_wconf 88' lang='lat' dir='ltr'><strong>sunt</strong></span> <span class='ocrx_word' id='word_1_95' title='bbox 1232 836 1243 856; x_wconf 87' lang='lat'>‚</span> <span class='ocrx_word' id='word_1_96' title='bbox 1269 798 1501 844; x_wconf 89' lang='lat' dir='ltr'><strong>stimulatis</strong></span> <span class='ocrx_word' id='word_1_97' title='bbox 1523 806 1567 841; x_wconf 90' lang='lat' dir='ltr'><strong>et</strong></span> <span class='ocrx_word' id='word_1_98' title='bbox 1589 812 1678 841; x_wconf 86' lang='lat' dir='ltr'><strong>cae-</strong></span> 
     </span>
     <span class='ocr_line' id='line_1_11' title="bbox 275 869 1674 934; baseline -0.004 -21"><span class='ocrx_word' id='word_1_99' title='bbox 275 889 295 913; x_wconf 88' lang='lat'>»</span> <span class='ocrx_word' id='word_1_100' title='bbox 322 871 424 918; x_wconf 89' lang='lat' dir='ltr'><strong>ditis</strong></span> <span class='ocrx_word' id='word_1_101' title='bbox 446 875 620 934; x_wconf 82' lang='lat' dir='ltr'><strong>pugnis.</strong></span> <span class='ocrx_word' id='word_1_102' title='bbox 641 877 740 920; x_wconf 92' lang='lat' dir='ltr'><strong>Non</strong></span> <span class='ocrx_word' id='word_1_103' title='bbox 758 874 844 919; x_wconf 91' lang='lat' dir='ltr'><strong>tale</strong></span> <span class='ocrx_word' id='word_1_104' title='bbox 857 875 1076 934; x_wconf 87' lang='lat' dir='ltr'><strong>jejunium</strong></span> <span class='ocrx_word' id='word_1_105' title='bbox 1097 872 1225 931; x_wconf 86' lang='lat' dir='ltr'><strong>elegi,</strong></span> <span class='ocrx_word' id='word_1_106' title='bbox 1245 871 1353 915; x_wconf 91' lang='lat' dir='ltr'><strong>dicit</strong></span> <span class='ocrx_word' id='word_1_107' title='bbox 1370 869 1582 913; x_wconf 89' lang='lat' dir='ltr'>Dominus</span> <span class='ocrx_word' id='word_1_108' title='bbox 1597 871 1631 910; x_wconf 83' lang='lat'><strong>².</strong></span> <span class='ocrx_word' id='word_1_109' title='bbox 1653 884 1674 907; x_wconf 84' lang='lat'>»</span> 
     </span>
     <span class='ocr_line' id='line_1_12' title="bbox 272 938 1695 996; baseline -0.005 -11"><span class='ocrx_word' id='word_1_110' title='bbox 272 944 605 996; x_wconf 77' lang='lat' dir='ltr'><strong>Improbaretnr</strong></span> <span class='ocrx_word' id='word_1_111' title='bbox 632 960 734 991; x_wconf 65' lang='lat' dir='ltr'><strong>prgn</strong></span> <span class='ocrx_word' id='word_1_112' title='bbox 752 946 967 992; x_wconf 60' lang='lat' dir='ltr'><strong>jejunium</strong></span> <span class='ocrx_word' id='word_1_113' title='bbox 999 953 1126 977; x_wconf 63' lang='lat' dir='ltr'><strong>inum</strong></span> <span class='ocrx_word' id='word_1_114' title='bbox 1148 974 1158 987; x_wconf 77' lang='lat'>,</span> <span class='ocrx_word' id='word_1_115' title='bbox 1197 943 1230 977; x_wconf 70' lang='lat' dir='ltr'><strong>ci</strong></span> <span class='ocrx_word' id='word_1_116' title='bbox 1254 938 1588 978; x_wconf 73' lang='lat' dir='ltr'><strong>immoderatius</strong></span> <span class='ocrx_word' id='word_1_117' title='bbox 1609 951 1695 978; x_wconf 78' lang='lat' dir='ltr'>se·-</span> 
     </span>
     <span class='ocr_line' id='line_1_13' title="bbox 269 1004 1729 1064; baseline -0.004 -12"><span class='ocrx_word' id='word_1_118' title='bbox 269 1023 398 1053; x_wconf 89' lang='lat' dir='ltr'><strong>verus</strong></span> <span class='ocrx_word' id='word_1_119' title='bbox 424 1006 626 1050; x_wconf 82' lang='lat' dir='ltr'>existeres</span> <span class='ocrx_word' id='word_1_120' title='bbox 648 1004 694 1047; x_wconf 93' lang='lat' dir='ltr'><strong>in</strong></span> <span class='ocrx_word' id='word_1_121' title='bbox 716 1018 891 1047; x_wconf 88' lang='lat' dir='ltr'><strong>servum</strong></span> <span class='ocrx_word' id='word_1_122' title='bbox 920 1012 1047 1046; x_wconf 83' lang='lat' dir='ltr'><strong>tuum</strong></span> <span class='ocrx_word' id='word_1_123' title='bbox 1073 1022 1084 1048; x_wconf 73' lang='grc' dir='ltr'>ε</span> <span class='ocrx_word' id='word_1_124' title='bbox 1116 1004 1437 1062; x_wconf 82' lang='lat' dir='ltr'><strong>approbabitur</strong></span> <span class='ocrx_word' id='word_1_125' title='bbox 1461 1005 1695 1064; x_wconf 73' lang='lat' dir='ltr'><strong>jejuniumn</strong></span> <span class='ocrx_word' id='word_1_126' title='bbox 1727 1016 1729 1032; x_wconf 82' lang='lat'>¹</span> 
     </span>
     <span class='ocr_line' id='line_1_14' title="bbox 272 1073 1729 1135; baseline -0.003 -11"><span class='ocrx_word' id='word_1_127' title='bbox 272 1088 397 1124; x_wconf 90' lang='lat' dir='ltr'><strong>tuum</strong></span> <span class='ocrx_word' id='word_1_128' title='bbox 415 1113 426 1133; x_wconf 90' lang='lat'>‚</span> <span class='ocrx_word' id='word_1_129' title='bbox 452 1093 553 1122; x_wconf 89' lang='lat' dir='ltr'><strong>eum</strong></span> <span class='ocrx_word' id='word_1_130' title='bbox 575 1092 663 1120; x_wconf 91' lang='lat' dir='ltr'><strong>non</strong></span> <span class='ocrx_word' id='word_1_131' title='bbox 683 1076 880 1135; x_wconf 85' lang='lat' dir='ltr'><strong>agnoscis</strong></span> <span class='ocrx_word' id='word_1_132' title='bbox 898 1073 1076 1119; x_wconf 88' lang='lat' dir='ltr'><strong>fratrem</strong></span> <span class='ocrx_word' id='word_1_133' title='bbox 1096 1077 1259 1119; x_wconf 79' lang='lat' dir='ltr'><strong>tuum?</strong></span> <span class='ocrx_word' id='word_1_134' title='bbox 1281 1078 1379 1119; x_wconf 87' lang='lat' dir='ltr'><strong>Non</strong></span> <span class='ocrx_word' id='word_1_135' title='bbox 1396 1090 1478 1134; x_wconf 83' lang='lat' dir='ltr'><strong>ego</strong></span> <span class='ocrx_word' id='word_1_136' title='bbox 1496 1090 1648 1135; x_wconf 84' lang='lat' dir='ltr'><strong>quaero</strong></span> <span class='ocrx_word' id='word_1_137' title='bbox 1663 1102 1694 1129; x_wconf 42' lang='grc' dir='ltr'><strong>,ν,</strong></span> <span class='ocrx_word' id='word_1_138' title='bbox 1726 1080 1729 1106; x_wconf 74' lang='lat'>³</span> 
     </span>
     <span class='ocr_line' id='line_1_15' title="bbox 272 1142 1729 1209; baseline -0.005 -15"><span class='ocrx_word' id='word_1_139' title='bbox 272 1165 296 1193; x_wconf 88' lang='lat' dir='ltr'><strong>a</strong></span> <span class='ocrx_word' id='word_1_140' title='bbox 322 1165 412 1209; x_wconf 91' lang='lat' dir='ltr'><strong>quo</strong></span> <span class='ocrx_word' id='word_1_141' title='bbox 433 1149 534 1193; x_wconf 92' lang='lat' dir='ltr'><strong>cibo</strong></span> <span class='ocrx_word' id='word_1_142' title='bbox 557 1147 774 1192; x_wconf 83' lang='lat' dir='ltr'><strong>abstineas</strong></span> <span class='ocrx_word' id='word_1_143' title='bbox 791 1182 801 1201; x_wconf 88' lang='lat'>‚</span> <span class='ocrx_word' id='word_1_144' title='bbox 827 1145 903 1190; x_wconf 90' lang='lat' dir='ltr'><strong>sed</strong></span> <span class='ocrx_word' id='word_1_145' title='bbox 932 1161 1065 1205; x_wconf 90' lang='lat' dir='ltr'><strong>quem</strong></span> <span class='ocrx_word' id='word_1_146' title='bbox 1086 1146 1236 1189; x_wconf 89' lang='lat' dir='ltr'><strong>eibum</strong></span> <span class='ocrx_word' id='word_1_147' title='bbox 1261 1144 1431 1203; x_wconf 83' lang='lat' dir='ltr'><strong>diligas.</strong></span> <span class='ocrx_word' id='word_1_148' title='bbox 1463 1145 1542 1189; x_wconf 88' lang='lat' dir='ltr'><strong>Dic</strong></span> <span class='ocrx_word' id='word_1_149' title='bbox 1572 1142 1695 1189; x_wconf 47' lang='lat' dir='ltr'><strong>mihil</strong></span> <span class='ocrx_word' id='word_1_150' title='bbox 1727 1148 1729 1165; x_wconf 63' lang='lat'>²</span> 
     </span>
     <span class='ocr_line' id='line_1_16' title="bbox 271 1215 1729 1278; baseline -0.003 -15"><span class='ocrx_word' id='word_1_151' title='bbox 271 1235 405 1278; x_wconf 87' lang='lat' dir='ltr'><strong>quem</strong></span> <span class='ocrx_word' id='word_1_152' title='bbox 429 1220 580 1263; x_wconf 88' lang='lat' dir='ltr'><strong>cibum</strong></span> <span class='ocrx_word' id='word_1_153' title='bbox 617 1217 770 1274; x_wconf 85' lang='lat' dir='ltr'><strong>diligas</strong></span> <span class='ocrx_word' id='word_1_154' title='bbox 787 1251 798 1271; x_wconf 79' lang='lat'>‚</span> <span class='ocrx_word' id='word_1_155' title='bbox 837 1225 887 1260; x_wconf 88' lang='lat' dir='ltr'><strong>ut</strong></span> <span class='ocrx_word' id='word_1_156' title='bbox 918 1217 1158 1276; x_wconf 87' lang='lat' dir='ltr'><strong>approbem</strong></span> <span class='ocrx_word' id='word_1_157' title='bbox 1192 1217 1313 1276; x_wconf 85' lang='lat' dir='ltr'><strong>quod</strong></span> <span class='ocrx_word' id='word_1_158' title='bbox 1336 1217 1391 1260; x_wconf 92' lang='lat' dir='ltr'><strong>ab</strong></span> <span class='ocrx_word' id='word_1_159' title='bbox 1414 1215 1497 1260; x_wconf 90' lang='lat' dir='ltr'><strong>isto</strong></span> <span class='ocrx_word' id='word_1_160' title='bbox 1516 1216 1616 1260; x_wconf 89' lang='lat' dir='ltr'><strong>cibo</strong></span> <span class='ocrx_word' id='word_1_161' title='bbox 1636 1224 1698 1260; x_wconf 84' lang='lat' dir='ltr'><strong>te·</strong></span> <span class='ocrx_word' id='word_1_162' title='bbox 1727 1225 1729 1239; x_wconf 78' lang='lat'><strong>⁴</strong></span> 
     </span>
     <span class='ocr_line' id='line_1_17' title="bbox 272 1286 1695 1347; baseline -0.003 -14"><span class='ocrx_word' id='word_1_163' title='bbox 272 1289 503 1334; x_wconf 83' lang='lat' dir='ltr'><strong>abstineas.</strong></span> <span class='ocrx_word' id='word_1_164' title='bbox 532 1288 682 1346; x_wconf 83' lang='lat' dir='ltr'><strong>Diligis</strong></span> <span class='ocrx_word' id='word_1_165' title='bbox 704 1287 946 1347; x_wconf 76' lang='lat' dir='ltr'><strong>justitiam?</strong></span> <span class='ocrx_word' id='word_1_166' title='bbox 968 1291 1099 1332; x_wconf 86' lang='lat' dir='ltr'><strong>Forte</strong></span> <span class='ocrx_word' id='word_1_167' title='bbox 1117 1322 1128 1342; x_wconf 85' lang='lat'>‚</span> <span class='ocrx_word' id='word_1_168' title='bbox 1154 1287 1299 1347; x_wconf 84' lang='lat' dir='ltr'><strong>inquis</strong></span> <span class='ocrx_word' id='word_1_169' title='bbox 1316 1321 1327 1342; x_wconf 89' lang='lat'><strong>‚</strong></span> <span class='ocrx_word' id='word_1_170' title='bbox 1352 1286 1503 1344; x_wconf 86' lang='lat' dir='ltr'><strong>diligo.</strong></span> <span class='ocrx_word' id='word_1_171' title='bbox 1530 1289 1695 1344; x_wconf 85' lang='lat' dir='ltr'><strong>Appa--</strong></span> 
     </span>
     <span class='ocr_line' id='line_1_18' title="bbox 271 1356 1696 1418; baseline -0.002 -15"><span class='ocrx_word' id='word_1_172' title='bbox 271 1369 364 1403; x_wconf 86' lang='lat' dir='ltr'><strong>reat</strong></span> <span class='ocrx_word' id='word_1_173' title='bbox 377 1374 481 1417; x_wconf 86' lang='lat' dir='ltr'><strong>ergo</strong></span> <span class='ocrx_word' id='word_1_174' title='bbox 485 1375 501 1418; x_wconf 93' lang='lat' dir='ltr'>J</span> <span class='ocrx_word' id='word_1_175' title='bbox 510 1358 653 1401; x_wconf 83' lang='lat' dir='ltr'><strong>ustitia</strong></span> <span class='ocrx_word' id='word_1_176' title='bbox 669 1366 759 1401; x_wconf 89' lang='lat' dir='ltr'><strong>tua.</strong></span> <span class='ocrx_word' id='word_1_177' title='bbox 778 1360 892 1401; x_wconf 90' lang='lat' dir='ltr'><strong>Puto</strong></span> <span class='ocrx_word' id='word_1_178' title='bbox 905 1358 1019 1400; x_wconf 90' lang='lat' dir='ltr'><strong>enim</strong></span> <span class='ocrx_word' id='word_1_179' title='bbox 1029 1359 1198 1417; x_wconf 81' lang='lat' dir='ltr'><strong>justum</strong></span> <span class='ocrx_word' id='word_1_180' title='bbox 1211 1371 1302 1401; x_wconf 89' lang='lat' dir='ltr'><strong>esse</strong></span> <span class='ocrx_word' id='word_1_181' title='bbox 1317 1391 1328 1411; x_wconf 89' lang='lat'>‚</span> <span class='ocrx_word' id='word_1_182' title='bbox 1357 1365 1406 1400; x_wconf 87' lang='lat' dir='ltr'><strong>ut</strong></span> <span class='ocrx_word' id='word_1_183' title='bbox 1420 1356 1574 1416; x_wconf 87' lang='lat' dir='ltr'><strong>majori</strong></span> <span class='ocrx_word' id='word_1_184' title='bbox 1586 1356 1696 1400; x_wconf 67' lang='lat' dir='ltr'><strong>ser-&#39;-</strong></span> 
     </span>
     <span class='ocr_line' id='line_1_19' title="bbox 270 1426 1678 1489; baseline -0.003 -15"><span class='ocrx_word' id='word_1_185' title='bbox 270 1430 360 1474; x_wconf 90' lang='lat' dir='ltr'><strong>vias</strong></span> <span class='ocrx_word' id='word_1_186' title='bbox 376 1464 387 1484; x_wconf 87' lang='lat'>,</span> <span class='ocrx_word' id='word_1_187' title='bbox 413 1445 502 1489; x_wconf 90' lang='lat' dir='ltr'><strong>quo</strong></span> <span class='ocrx_word' id='word_1_188' title='bbox 520 1429 601 1472; x_wconf 87' lang='lat' dir='ltr'><strong>tibi</strong></span> <span class='ocrx_word' id='word_1_189' title='bbox 623 1428 765 1472; x_wconf 90' lang='lat' dir='ltr'><strong>minor</strong></span> <span class='ocrx_word' id='word_1_190' title='bbox 781 1428 1071 1487; x_wconf 85' lang='lat' dir='ltr'><strong>obtemperet.</strong></span> <span class='ocrx_word' id='word_1_191' title='bbox 1096 1431 1158 1472; x_wconf 89' lang='lat' dir='ltr'><strong>De</strong></span> <span class='ocrx_word' id='word_1_192' title='bbox 1181 1443 1312 1472; x_wconf 88' lang='lat' dir='ltr'><strong>earne</strong></span> <span class='ocrx_word' id='word_1_193' title='bbox 1329 1428 1444 1471; x_wconf 92' lang='lat' dir='ltr'><strong>enim</strong></span> <span class='ocrx_word' id='word_1_194' title='bbox 1464 1426 1678 1487; x_wconf 86' lang='lat' dir='ltr'><strong>loqueba-</strong></span> 
     </span>
     <span class='ocr_line' id='line_1_20' title="bbox 270 1497 1686 1559; baseline -0.002 -15"><span class='ocrx_word' id='word_1_195' title='bbox 270 1516 399 1553; x_wconf 83' lang='lat' dir='ltr'><strong>mur,</strong></span> <span class='ocrx_word' id='word_1_196' title='bbox 424 1516 526 1559; x_wconf 83' lang='lat' dir='ltr'><strong>quae</strong></span> <span class='ocrx_word' id='word_1_197' title='bbox 551 1500 694 1543; x_wconf 87' lang='lat' dir='ltr'><strong>minor</strong></span> <span class='ocrx_word' id='word_1_198' title='bbox 716 1508 779 1543; x_wconf 89' lang='lat' dir='ltr'><strong>est</strong></span> <span class='ocrx_word' id='word_1_199' title='bbox 801 1514 934 1559; x_wconf 88' lang='lat' dir='ltr'><strong>quam</strong></span> <span class='ocrx_word' id='word_1_200' title='bbox 952 1499 1161 1558; x_wconf 80' lang='lat' dir='ltr'><strong>spiritus,</strong></span> <span class='ocrx_word' id='word_1_201' title='bbox 1195 1509 1238 1543; x_wconf 91' lang='lat' dir='ltr'><strong>et</strong></span> <span class='ocrx_word' id='word_1_202' title='bbox 1260 1515 1360 1559; x_wconf 85' lang='lat' dir='ltr'><strong>quae</strong></span> <span class='ocrx_word' id='word_1_203' title='bbox 1384 1497 1604 1542; x_wconf 88' lang='lat' dir='ltr'><strong>domanda</strong></span> <span class='ocrx_word' id='word_1_204' title='bbox 1627 1512 1686 1542; x_wconf 85' lang='lat' dir='ltr'><strong>ac·-</strong></span> 
     </span>
     <span class='ocr_line' id='line_1_21' title="bbox 271 1568 1681 1649; baseline -0.001 -35"><span class='ocrx_word' id='word_1_205' title='bbox 271 1571 540 1615; x_wconf 88' lang='lat' dir='ltr'><strong>moderanda</strong></span> <span class='ocrx_word' id='word_1_206' title='bbox 563 1571 756 1649; x_wconf 83' lang='lat' dir='ltr'><strong>subjecta</strong></span> <span class='ocrx_word' id='word_1_207' title='bbox 780 1580 856 1614; x_wconf 89' lang='lat' dir='ltr'><strong>est.</strong></span> <span class='ocrx_word' id='word_1_208' title='bbox 885 1572 988 1630; x_wconf 82' lang='lat' dir='ltr'><strong>Agis</strong></span> <span class='ocrx_word' id='word_1_209' title='bbox 1013 1587 1115 1616; x_wconf 92' lang='lat' dir='ltr'><strong>cum</strong></span> <span class='ocrx_word' id='word_1_210' title='bbox 1135 1586 1184 1615; x_wconf 86' lang='lat' dir='ltr'><strong>ea</strong></span> <span class='ocrx_word' id='word_1_211' title='bbox 1205 1580 1255 1614; x_wconf 84' lang='lat' dir='ltr'><strong>ut</strong></span> <span class='ocrx_word' id='word_1_212' title='bbox 1275 1571 1552 1630; x_wconf 85' lang='lat' dir='ltr'><strong>obtemperet</strong></span> <span class='ocrx_word' id='word_1_213' title='bbox 1568 1568 1681 1623; x_wconf 85' lang='lat' dir='ltr'><strong>tibi,</strong></span> 
     </span>
     <span class='ocr_line' id='line_1_22' title="bbox 273 1629 1683 1701; baseline -0.002 -16"><span class='ocrx_word' id='word_1_214' title='bbox 273 1651 315 1685; x_wconf 93' lang='lat' dir='ltr'><strong>et</strong></span> <span class='ocrx_word' id='word_1_215' title='bbox 332 1641 550 1685; x_wconf 85' lang='lat' dir='ltr'><strong>subtrahis</strong></span> <span class='ocrx_word' id='word_1_216' title='bbox 566 1642 605 1684; x_wconf 89' lang='lat' dir='ltr'><strong>ei</strong></span> <span class='ocrx_word' id='word_1_217' title='bbox 624 1642 770 1685; x_wconf 85' lang='lat' dir='ltr'><strong>cibum</strong></span> <span class='ocrx_word' id='word_1_218' title='bbox 787 1642 944 1701; x_wconf 89' lang='lat' dir='ltr'><strong>‚quod</strong></span> <span class='ocrx_word' id='word_1_219' title='bbox 964 1657 1078 1686; x_wconf 88' lang='lat' dir='ltr'><strong>ames</strong></span> <span class='ocrx_word' id='word_1_220' title='bbox 1096 1642 1339 1701; x_wconf 87' lang='lat' dir='ltr'><strong>subjectam</strong></span> <span class='ocrx_word' id='word_1_221' title='bbox 1357 1640 1469 1684; x_wconf 84' lang='lat' dir='ltr'><strong>tibi:</strong></span> <span class='ocrx_word' id='word_1_222' title='bbox 1492 1629 1683 1698; x_wconf 77' lang='lat' dir='ltr'><strong>agnosce</strong></span> 
     </span>
     <span class='ocr_line' id='line_1_23' title="bbox 272 1709 1729 1772; baseline -0.003 -17"><span class='ocrx_word' id='word_1_223' title='bbox 272 1713 504 1772; x_wconf 84' lang='lat' dir='ltr'><strong>majorem,</strong></span> <span class='ocrx_word' id='word_1_224' title='bbox 521 1726 705 1769; x_wconf 84' lang='lat' dir='ltr'><strong>agnosce</strong></span> <span class='ocrx_word' id='word_1_225' title='bbox 721 1712 1006 1770; x_wconf 82' lang='lat' dir='ltr'><strong>superiorem,</strong></span> <span class='ocrx_word' id='word_1_226' title='bbox 1019 1721 1070 1755; x_wconf 90' lang='lat' dir='ltr'><strong>ut</strong></span> <span class='ocrx_word' id='word_1_227' title='bbox 1085 1713 1295 1756; x_wconf 85' lang='lat' dir='ltr'><strong>tibirecte</strong></span> <span class='ocrx_word' id='word_1_228' title='bbox 1308 1709 1673 1755; x_wconf 61' lang='lat' dir='ltr'><strong>cedatinferiorss.</strong></span> <span class='ocrx_word' id='word_1_229' title='bbox 1680 1727 1688 1741; x_wconf 93' lang='lat'>·</span> <span class='ocrx_word' id='word_1_230' title='bbox 1727 1713 1729 1757; x_wconf 65' lang='lat' dir='ltr'>j</span> 
     </span>
     <span class='ocr_line' id='line_1_24' title="bbox 272 1781 1729 1837; baseline -0.002 -12"><span class='ocrx_word' id='word_1_231' title='bbox 272 1783 390 1836; x_wconf 87' lang='lat' dir='ltr'><strong>Quid</strong></span> <span class='ocrx_word' id='word_1_232' title='bbox 417 1783 451 1826; x_wconf 92' lang='lat' dir='ltr'><strong>si</strong></span> <span class='ocrx_word' id='word_1_233' title='bbox 478 1798 577 1827; x_wconf 89' lang='lat' dir='ltr'><strong>caro</strong></span> <span class='ocrx_word' id='word_1_234' title='bbox 601 1791 676 1827; x_wconf 88' lang='lat' dir='ltr'><strong>tua</strong></span> <span class='ocrx_word' id='word_1_235' title='bbox 700 1782 852 1826; x_wconf 90' lang='lat' dir='ltr'><strong>obedit</strong></span> <span class='ocrx_word' id='word_1_236' title='bbox 874 1783 954 1826; x_wconf 90' lang='lat' dir='ltr'><strong>tibi</strong></span> <span class='ocrx_word' id='word_1_237' title='bbox 979 1817 990 1837; x_wconf 86' lang='lat'><strong>,</strong></span> <span class='ocrx_word' id='word_1_238' title='bbox 1027 1792 1070 1826; x_wconf 91' lang='lat' dir='ltr'><strong>et</strong></span> <span class='ocrx_word' id='word_1_239' title='bbox 1092 1793 1141 1826; x_wconf 89' lang='lat' dir='ltr'><strong>tu</strong></span> <span class='ocrx_word' id='word_1_240' title='bbox 1165 1798 1255 1826; x_wconf 88' lang='lat' dir='ltr'><strong>non</strong></span> <span class='ocrx_word' id='word_1_241' title='bbox 1277 1781 1430 1825; x_wconf 91' lang='lat' dir='ltr'><strong>obedis</strong></span> <span class='ocrx_word' id='word_1_242' title='bbox 1452 1783 1543 1824; x_wconf 91' lang='lat' dir='ltr'><strong>Deo</strong></span> <span class='ocrx_word' id='word_1_243' title='bbox 1566 1788 1644 1822; x_wconf 91' lang='lat' dir='ltr'><strong>tuo</strong></span> <span class='ocrx_word' id='word_1_244' title='bbox 1660 1787 1684 1833; x_wconf 70' lang='lat'><strong>‚²</strong></span> <span class='ocrx_word' id='word_1_245' title='bbox 1728 1782 1729 1810; x_wconf 74' lang='grc' dir='ltr'>ἶ</span> 
     </span>
     <span class='ocr_line' id='line_1_25' title="bbox 272 1853 1675 1913; baseline -0.003 -16"><span class='ocrx_word' id='word_1_246' title='bbox 272 1869 421 1898; x_wconf 88' lang='lat' dir='ltr'><strong>nonne</strong></span> <span class='ocrx_word' id='word_1_247' title='bbox 442 1854 496 1898; x_wconf 93' lang='lat' dir='ltr'><strong>ab</strong></span> <span class='ocrx_word' id='word_1_248' title='bbox 527 1854 619 1913; x_wconf 88' lang='lat' dir='ltr'><strong>ipsa</strong></span> <span class='ocrx_word' id='word_1_249' title='bbox 649 1854 899 1908; x_wconf 75' lang='lat' dir='ltr'><strong>damnaris,</strong></span> <span class='ocrx_word' id='word_1_250' title='bbox 935 1869 1037 1897; x_wconf 88' lang='lat' dir='ltr'><strong>cum</strong></span> <span class='ocrx_word' id='word_1_251' title='bbox 1065 1853 1146 1896; x_wconf 89' lang='lat' dir='ltr'><strong>tibi</strong></span> <span class='ocrx_word' id='word_1_252' title='bbox 1179 1853 1491 1911; x_wconf 82' lang='lat' dir='ltr'><strong>obtemperat?</strong></span> <span class='ocrx_word' id='word_1_253' title='bbox 1518 1853 1675 1895; x_wconf 82' lang='lat' dir='ltr'><strong>Nonne</strong></span> 
     </span>
     <span class='ocr_line' id='line_1_26' title="bbox 273 1923 1445 1985; baseline -0.004 -16"><span class='ocrx_word' id='word_1_254' title='bbox 273 1925 620 1985; x_wconf 87' lang='lat' dir='ltr'><strong>obtemperando</strong></span> <span class='ocrx_word' id='word_1_255' title='bbox 639 1926 717 1969; x_wconf 90' lang='lat' dir='ltr'><strong>tibi</strong></span> <span class='ocrx_word' id='word_1_256' title='bbox 741 1935 892 1970; x_wconf 89' lang='lat' dir='ltr'><strong>contra</strong></span> <span class='ocrx_word' id='word_1_257' title='bbox 916 1934 959 1968; x_wconf 88' lang='lat' dir='ltr'><strong>te</strong></span> <span class='ocrx_word' id='word_1_258' title='bbox 982 1925 1087 1968; x_wconf 89' lang='lat' dir='ltr'><strong>dicit</strong></span> <span class='ocrx_word' id='word_1_259' title='bbox 1109 1923 1445 1967; x_wconf 80' lang='lat' dir='ltr'><strong>testimonium?</strong></span> 
     </span>
    </p>

    <p class='ocr_par' dir='ltr' id='par_1_3' title="bbox 271 1989 1685 2468">
     <span class='ocr_line' id='line_1_27' title="bbox 331 1989 1681 2057; baseline -0.006 -17"><span class='ocrx_word' id='word_1_260' title='bbox 331 1999 456 2040; x_wconf 87' lang='lat' dir='ltr'>VIII.</span> <span class='ocrx_word' id='word_1_261' title='bbox 482 1999 539 2040; x_wconf 92' lang='lat' dir='ltr'><strong>Et</strong></span> <span class='ocrx_word' id='word_1_262' title='bbox 561 1997 649 2051; x_wconf 86' lang='lat' dir='ltr'><strong>cui,</strong></span> <span class='ocrx_word' id='word_1_263' title='bbox 668 1997 828 2057; x_wconf 86' lang='lat' dir='ltr'><strong>inquit,</strong></span> <span class='ocrx_word' id='word_1_264' title='bbox 853 1995 1007 2056; x_wconf 84' lang='lat' dir='ltr'><strong>majori</strong></span> <span class='ocrx_word' id='word_1_265' title='bbox 1031 1994 1362 2053; x_wconf 78' lang='lat' dir='ltr'><strong>obtemperem?</strong></span> <span class='ocrx_word' id='word_1_266' title='bbox 1384 1994 1499 2035; x_wconf 87' lang='lat' dir='ltr'><strong>Ecce</strong></span> <span class='ocrx_word' id='word_1_267' title='bbox 1520 1989 1681 2034; x_wconf 90' lang='lat' dir='ltr'><strong>Chris-</strong></span> 
     </span>
     <span class='ocr_line' id='line_1_28' title="bbox 272 2059 1684 2127; baseline -0.006 -16"><span class='ocrx_word' id='word_1_268' title='bbox 272 2075 341 2111; x_wconf 89' lang='lat' dir='ltr'><strong>tus</strong></span> <span class='ocrx_word' id='word_1_269' title='bbox 364 2067 589 2127; x_wconf 86' lang='lat' dir='ltr'><strong>loquitur,</strong></span> <span class='ocrx_word' id='word_1_270' title='bbox 610 2068 789 2127; x_wconf 84' lang='lat' dir='ltr'><strong>justitiae</strong></span> <span class='ocrx_word' id='word_1_271' title='bbox 812 2077 1049 2110; x_wconf 74' lang='lat' dir='ltr'><strong>amatorem</strong></span> <span class='ocrx_word' id='word_1_272' title='bbox 1073 2075 1115 2109; x_wconf 90' lang='lat' dir='ltr'><strong>te</strong></span> <span class='ocrx_word' id='word_1_273' title='bbox 1137 2064 1339 2108; x_wconf 73' lang='lat' dir='ltr'><strong>dixeras:</strong></span> <span class='ocrx_word' id='word_1_274' title='bbox 1369 2081 1389 2105; x_wconf 92' lang='lat'>«</span> <span class='ocrx_word' id='word_1_275' title='bbox 1411 2059 1684 2107; x_wconf 87' lang='lat' dir='ltr'><strong>Mandatum</strong></span> 
     </span>
     <span class='ocr_line' id='line_1_29' title="bbox 275 2131 1685 2194; baseline -0.006 -13"><span class='ocrx_word' id='word_1_276' title='bbox 275 2155 296 2178; x_wconf 88' lang='lat'>»</span> <span class='ocrx_word' id='word_1_277' title='bbox 322 2152 487 2181; x_wconf 86' lang='lat' dir='ltr'><strong>novum</strong></span> <span class='ocrx_word' id='word_1_278' title='bbox 504 2138 562 2181; x_wconf 92' lang='lat' dir='ltr'><strong>do</strong></span> <span class='ocrx_word' id='word_1_279' title='bbox 579 2138 703 2181; x_wconf 82' lang='lat' dir='ltr'><strong>vobis</strong></span> <span class='ocrx_word' id='word_1_280' title='bbox 721 2173 731 2192; x_wconf 87' lang='lat'>,</span> <span class='ocrx_word' id='word_1_281' title='bbox 757 2147 807 2181; x_wconf 89' lang='lat' dir='ltr'><strong>ut</strong></span> <span class='ocrx_word' id='word_1_282' title='bbox 824 2153 900 2181; x_wconf 89' lang='lat' dir='ltr'><strong>vos</strong></span> <span class='ocrx_word' id='word_1_283' title='bbox 917 2138 1102 2181; x_wconf 89' lang='lat' dir='ltr'><strong>invicem</strong></span> <span class='ocrx_word' id='word_1_284' title='bbox 1123 2135 1314 2194; x_wconf 84' lang='lat' dir='ltr'><strong>diligatis</strong></span> <span class='ocrx_word' id='word_1_285' title='bbox 1331 2136 1362 2177; x_wconf 83' lang='lat'><strong>¹.</strong></span> <span class='ocrx_word' id='word_1_286' title='bbox 1388 2151 1409 2173; x_wconf 92' lang='lat'>»</span> <span class='ocrx_word' id='word_1_287' title='bbox 1433 2131 1551 2176; x_wconf 90' lang='lat' dir='ltr'><strong>Audi</strong></span> <span class='ocrx_word' id='word_1_288' title='bbox 1568 2136 1685 2188; x_wconf 58' lang='lat' dir='ltr'><strong>erg&amp;</strong></span> 
     </span>
     <span class='ocr_line' id='line_1_30' title="bbox 271 2199 1681 2260; baseline -0.006 -9"><span class='ocrx_word' id='word_1_289' title='bbox 271 2207 507 2251; x_wconf 89' lang='lat' dir='ltr'><strong>Dominum</strong></span> <span class='ocrx_word' id='word_1_290' title='bbox 532 2217 657 2250; x_wconf 89' lang='lat' dir='ltr'><strong>tuum</strong></span> <span class='ocrx_word' id='word_1_291' title='bbox 684 2208 940 2251; x_wconf 85' lang='lat' dir='ltr'><strong>mandatum</strong></span> <span class='ocrx_word' id='word_1_292' title='bbox 963 2207 1140 2250; x_wconf 89' lang='lat' dir='ltr'><strong>dantem</strong></span> <span class='ocrx_word' id='word_1_293' title='bbox 1157 2240 1168 2260; x_wconf 81' lang='grc'>,</span> <span class='ocrx_word' id='word_1_294' title='bbox 1198 2213 1248 2247; x_wconf 91' lang='lat' dir='ltr'><strong>ut</strong></span> <span class='ocrx_word' id='word_1_295' title='bbox 1277 2218 1357 2246; x_wconf 87' lang='lat' dir='ltr'><strong>nos</strong></span> <span class='ocrx_word' id='word_1_296' title='bbox 1388 2202 1578 2245; x_wconf 81' lang='lat' dir='ltr'><strong>invicem</strong></span> <span class='ocrx_word' id='word_1_297' title='bbox 1601 2199 1681 2243; x_wconf 63' lang='lat' dir='ltr'><strong>dia·</strong></span> 
     </span>
     <span class='ocr_line' id='line_1_31' title="bbox 273 2272 1671 2335; baseline -0.004 -16"><span class='ocrx_word' id='word_1_298' title='bbox 273 2276 470 2334; x_wconf 87' lang='lat' dir='ltr'><strong>ligamus.</strong></span> <span class='ocrx_word' id='word_1_299' title='bbox 497 2280 609 2323; x_wconf 89' lang='lat' dir='ltr'><strong>Cum</strong></span> <span class='ocrx_word' id='word_1_300' title='bbox 630 2294 683 2321; x_wconf 74' lang='lat' dir='ltr'><strong>ex</strong></span> <span class='ocrx_word' id='word_1_301' title='bbox 716 2278 840 2322; x_wconf 88' lang='lat' dir='ltr'><strong>nobis</strong></span> <span class='ocrx_word' id='word_1_302' title='bbox 875 2277 1079 2322; x_wconf 88' lang='lat' dir='ltr'><strong>omnibus</strong></span> <span class='ocrx_word' id='word_1_303' title='bbox 1109 2285 1319 2335; x_wconf 90' lang='lat' dir='ltr'><strong>tanquam</strong></span> <span class='ocrx_word' id='word_1_304' title='bbox 1342 2272 1551 2316; x_wconf 87' lang='lat' dir='ltr'><strong>membris</strong></span> <span class='ocrx_word' id='word_1_305' title='bbox 1571 2285 1671 2314; x_wconf 91' lang='lat' dir='ltr'><strong>cor-</strong></span> 
     </span>
     <span class='ocr_line' id='line_1_32' title="bbox 275 2343 1681 2410; baseline -0.004 -20"><span class='ocrx_word' id='word_1_306' title='bbox 275 2361 354 2405; x_wconf 90' lang='lat' dir='ltr'><strong>pus</strong></span> <span class='ocrx_word' id='word_1_307' title='bbox 384 2350 463 2393; x_wconf 88' lang='lat' dir='ltr'><strong>sibi</strong></span> <span class='ocrx_word' id='word_1_308' title='bbox 496 2349 652 2405; x_wconf 84' lang='lat' dir='ltr'><strong>faeiat,</strong></span> <span class='ocrx_word' id='word_1_309' title='bbox 689 2349 810 2410; x_wconf 84' lang='lat' dir='ltr'><strong>quod</strong></span> <span class='ocrx_word' id='word_1_310' title='bbox 837 2365 994 2409; x_wconf 88' lang='lat' dir='ltr'><strong>corpus</strong></span> <span class='ocrx_word' id='word_1_311' title='bbox 1025 2348 1184 2392; x_wconf 89' lang='lat' dir='ltr'><strong>habeat</strong></span> <span class='ocrx_word' id='word_1_312' title='bbox 1206 2360 1343 2389; x_wconf 87' lang='lat' dir='ltr'><strong>uuum</strong></span> <span class='ocrx_word' id='word_1_313' title='bbox 1370 2352 1502 2403; x_wconf 87' lang='lat' dir='ltr'><strong>caput</strong></span> <span class='ocrx_word' id='word_1_314' title='bbox 1521 2343 1681 2402; x_wconf 62' lang='lat' dir='ltr'><strong>ipsum}</strong></span> 
     </span>
     <span class='ocr_line' id='line_1_33' title="bbox 275 2411 1679 2468; baseline -0.004 -7"><span class='ocrx_word' id='word_1_315' title='bbox 275 2418 509 2465; x_wconf 89' lang='lat' dir='ltr'><strong>Dominum</strong></span> <span class='ocrx_word' id='word_1_316' title='bbox 532 2432 575 2466; x_wconf 89' lang='lat' dir='ltr'><strong>et</strong></span> <span class='ocrx_word' id='word_1_317' title='bbox 598 2422 866 2468; x_wconf 83' lang='lat' dir='ltr'><strong>salvatorem</strong></span> <span class='ocrx_word' id='word_1_318' title='bbox 887 2441 897 2467; x_wconf 72' lang='grc' dir='ltr'>ε</span> <span class='ocrx_word' id='word_1_319' title='bbox 920 2430 970 2466; x_wconf 88' lang='lat' dir='ltr'><strong>tu</strong></span> <span class='ocrx_word' id='word_1_320' title='bbox 992 2429 1143 2466; x_wconf 88' lang='lat' dir='ltr'><strong>contra</strong></span> <span class='ocrx_word' id='word_1_321' title='bbox 1160 2417 1329 2463; x_wconf 84' lang='lat' dir='ltr'><strong>divellis</strong></span> <span class='ocrx_word' id='word_1_322' title='bbox 1352 2425 1396 2462; x_wconf 89' lang='lat' dir='ltr'><strong>te</strong></span> <span class='ocrx_word' id='word_1_323' title='bbox 1413 2430 1438 2460; x_wconf 89' lang='lat' dir='ltr'><strong>a</strong></span> <span class='ocrx_word' id='word_1_324' title='bbox 1459 2411 1679 2459; x_wconf 76' lang='lat' dir='ltr'><strong>membris&#39;</strong></span> 
     </span>
    </p>
   </div>
   <div class='ocr_carea' id='block_1_3' title="bbox 323 2501 1356 2550">
    <p class='ocr_par' dir='ltr' id='par_1_4' title="bbox 323 2501 1356 2550">
     <span class='ocr_line' id='line_1_34' title="bbox 323 2501 1356 2550; baseline -0.003 -12"><span class='ocrx_word' id='word_1_325' title='bbox 323 2510 334 2527; x_wconf 85' lang='lat'>¹</span> <span class='ocrx_word' id='word_1_326' title='bbox 350 2506 470 2539; x_wconf 80' lang='lat' dir='ltr'><strong>Matth.</strong></span> <span class='ocrx_word' id='word_1_327' title='bbox 489 2518 523 2548; x_wconf 80' lang='lat' dir='ltr'><strong>v,</strong></span> <span class='ocrx_word' id='word_1_328' title='bbox 542 2506 598 2549; x_wconf 73' lang='lat'><strong>24.</strong></span> <span class='ocrx_word' id='word_1_329' title='bbox 614 2525 654 2533; x_wconf 93' lang='lat'><em>-</em></span> <span class='ocrx_word' id='word_1_330' title='bbox 671 2516 685 2532; x_wconf 80' lang='lat'>²</span> <span class='ocrx_word' id='word_1_331' title='bbox 702 2510 775 2542; x_wconf 81' lang='lat' dir='ltr'><strong>lsai.</strong></span> <span class='ocrx_word' id='word_1_332' title='bbox 796 2519 886 2550; x_wconf 74' lang='lat' dir='ltr'><strong>tvm,</strong></span> <span class='ocrx_word' id='word_1_333' title='bbox 907 2507 940 2549; x_wconf 65' lang='lat'><strong>54,</strong></span> <span class='ocrx_word' id='word_1_334' title='bbox 961 2507 992 2540; x_wconf 90' lang='lat'><strong>5.</strong></span> <span class='ocrx_word' id='word_1_335' title='bbox 1011 2524 1052 2531; x_wconf 93' lang='lat'>—</span> <span class='ocrx_word' id='word_1_336' title='bbox 1065 2504 1078 2531; x_wconf 80' lang='grc'>3</span> <span class='ocrx_word' id='word_1_337' title='bbox 1097 2507 1190 2538; x_wconf 84' lang='lat' dir='ltr'><strong>Joan.</strong></span> <span class='ocrx_word' id='word_1_338' title='bbox 1211 2515 1280 2546; x_wconf 77' lang='lat' dir='ltr'><strong>xm,</strong></span> <span class='ocrx_word' id='word_1_339' title='bbox 1301 2501 1356 2544; x_wconf 79' lang='grc'><strong>34.</strong></span> 
     </span>
    </p>
   </div>
   <div class='ocr_carea' id='block_1_4' title="bbox 1685 0 1723 2441">
    <p class='ocr_par' dir='ltr' id='par_1_5' title="bbox 1685 0 1723 2441">
     <span class='ocr_line' id='line_1_35' title="bbox 1685 0 1723 2441; baseline 0 0"><span class='ocrx_word' id='word_1_340' title='bbox 1685 0 1723 2441; x_wconf 95' lang='lat' dir='ltr'><strong> </strong></span> 
     </span>
    </p>
   </div>
   <div class='ocr_carea' id='block_1_5' title="bbox 1704 2445 1711 2584">
    <p class='ocr_par' dir='ltr' id='par_1_6' title="bbox 1704 2445 1711 2584">
     <span class='ocr_line' id='line_1_36' title="bbox 1704 2445 1711 2584; baseline 0 559"><span class='ocrx_word' id='word_1_341' title='bbox 1704 2445 1711 2584; x_wconf 95' lang='lat' dir='ltr'><strong> </strong></span> 
     </span>
    </p>
   </div>
  </div>
 </body>
</html>
