1729 3143
220 193 306 235 462
655 204 688 231 S·
723 202 954 232 Aucus-nm
984 204 1166 234 zmscom

217 270 342 316 finxit
361 270 560 329 spiritum
575 268 763 312 hominis
778 268 826 312 in
845 269 954 328 ipso.
979 272 1097 329 Ergo
1111 268 1275 315 sactum
1293 284 1384 315 esse
1397 272 1597 331 spiritum

215 340 418 395 hominis,
434 337 661 384 manifeste
674 339 741 384 his
757 340 1012 386 testimoniis
1024 341 1309 401 approbatur.
1327 341 1509 401 Spiritus
1523 359 1598 388 au-

217 422 305 457 tem
327 409 515 454 hominis
534 408 581 453 in
610 409 840 469 Scripturis
869 409 1027 456 dicitur
1060 412 1193 471 ipsius
1221 412 1377 456 animae
1404 413 1599 471 potentia

216 479 454 536 rationaliS,
481 495 568 541 qua
589 479 722 525 distat
740 496 765 526 a
786 482 1016 541 pecoribus
1030 517 1042 538 ‚
1068 491 1112 527 et
1132 482 1191 526 eis
1213 491 1382 527 naturae
1400 481 1495 541 lege
1515 482 1598 528 do-

214 552 448 596 minatur1.
474 554 536 595 De
557 566 647 612 quo
667 550 773 597 dicit
793 552 1028 612 Apostolus
1047 568 1056 595 :
1085 571 1106 596 «
1122 555 1259 600 Nemo
1270 553 1356 599 scit
1377 569 1477 614 quae
1497 562 1600 598 sunt

216 640 237 663 »
263 621 464 678 hominis,
480 622 562 667 nisi
582 623 755 682 spiritus
771 623 960 668 hominis
976 624 1052 685 qui
1068 624 1115 668 in
1133 625 1227 684 ipso
1243 627 1380 669 est2.»
1404 626 1469 670 Ne
1486 622 1599 669 forte

214 692 248 736 si
277 692 537 751 probaretur
571 692 638 737 his
667 694 923 738 testimoniis
959 695 1148 739 animam
1177 693 1338 739 factam
1372 709 1484 750 esse,
1509 710 1599 739 non

213 762 410 807 deessent
430 763 508 823 qui
528 762 739 819 dicerent,
761 763 962 823 spiritum
983 765 1170 810 hominis
1191 781 1282 811 non
1303 780 1392 809 esse
1413 765 1596 820 sactum,

213 842 256 877 ct
276 834 419 892 ipsum
440 833 755 878 arbitrarentur
777 848 867 878 esse
889 844 1089 880 naturam
1112 837 1210 892 Dei,
1234 835 1278 880 et
1298 836 1345 880 in
1366 835 1508 895 ipsum
1531 835 1604 879 di-

212 913 360 949 cerent
381 913 549 964 partem
567 905 643 948 Dei
660 919 750 946 esse
767 918 1045 958 conversam,
1068 922 1170 949 cum
1186 905 1261 951 illa
1271 907 1507 951 insufflatio
1522 906 1601 951 Dei

211 975 327 1020 t'acta
354 983 433 1019 est.
469 971 600 1027 Quod
627 988 731 1017 sana
757 972 958 1018 doctrina
988 973 1185 1019 similiter
1217 977 1406 1035 respuit,
1435 978 1539 1036 quia
1558 985 1602 1020 et

212 1045 301 1105 ipse
328 1045 502 1104 spiritus
527 1043 716 1088 hominis
743 1059 845 1088 cum
872 1043 1109 1105 aliquando
1137 1055 1273 1101 errat,
1298 1055 1342 1091 et
1362 1046 1601 1107 aliquando

210 1117 451 1176 prudenter
476 1114 613 1174 sapit,
645 1115 906 1160 mutabilem
931 1131 976 1161 se
1003 1132 1094 1161 esse
1120 1116 1278 1162 clamat
1299 1117 1451 1177 :quod
1477 1116 1600 1163 nullo

211 1186 344 1231 modo
371 1187 426 1230 de
453 1194 607 1230 natura
638 1187 716 1231 Dei
749 1186 814 1231 fas
840 1196 904 1232 est
933 1188 1125 1232 credere.
1155 1191 1253 1233 Non
1282 1197 1427 1232 autem
1458 1197 1602 1247 potest

213 1259 350 1318 majus
377 1257 551 1316 signum
577 1272 667 1301 esse
695 1258 928 1317 superbiae,
953 1275 1087 1320 quam
1116 1268 1165 1303 ut
1193 1258 1310 1303 dicat
1337 1274 1381 1303 se
1408 1259 1602 1303 humana

213 1329 355 1373 anima
376 1329 460 1373 hoc
482 1342 572 1372 esse
593 1328 714 1387 quod
736 1331 851 1373 Deus
873 1338 959 1383 est,
984 1344 1086 1373 cum
1107 1329 1251 1373 adhuc
1273 1329 1354 1372 sub
1377 1329 1507 1373 tantis
1532 1330 1600 1374 vi-

214 1401 374 1444 tiorum
395 1406 438 1442 et
465 1398 734 1442 miseriarum
754 1398 943 1443 molibus
970 1408 1128 1456 gemat.

271 1473 374 1515 XII.
399 1472 525 1515 Nunc
536 1470 626 1529 jam
648 1469 871 1515 videamus
888 1469 1026 1529 ipsam
1047 1468 1366 1514 beatitudinem
1387 1469 1598 1524 hominis,

213 1557 313 1602 quae
339 1541 525 1601 paradisi
551 1540 729 1584 nomine
755 1540 1025 1599 significatur
1052 1559 1062 1586 :
1086 1556 1187 1584 nam
1218 1539 1426 1600 quoniam
1446 1541 1492 1584 in
1521 1545 1601 1584 ne‘-

214 1613 409 1658 moribus
429 1612 631 1656 deliciosa
652 1612 774 1672 quies
796 1612 1026 1656 hominum
1049 1627 1139 1656 esse
1163 1611 1294 1666 solet,
1318 1621 1363 1655 et
1383 1611 1600 1670 corporeis

212 1685 408 1730 sensibus
431 1684 587 1729 nostris
608 1685 663 1728 de
685 1683 863 1728 Oriente
877 1683 1030 1728 lumen
1052 1684 1206 1737 oritur,
1225 1682 1478 1743 coelumque
1495 1698 1602 1727 con-

212 1758 365 1816 surgit,
389 1756 512 1816 quod
528 1757 724 1814 superius
743 1770 901 1814 corpus
920 1764 985 1799 est
1006 1764 1154 1799 nostro
1171 1769 1352 1813 corpore
1373 1763 1506 1813 atque
1526 1769 1603 1797 ex-

214 1827 467 1886 cellentius,
490 1835 719 1887 propterea
745 1827 811 1870 his
842 1826 984 1870 verbis
1009 1826 1137 1870 etiam
1167 1825 1376 1885 spiritales
1403 1824 1571 1869 deliciae
1587 1859 1599 1880 ,

213 1915 320 1958 quas
341 1900 475 1943 habet
496 1899 624 1942 beata
643 1898 733 1942 vita
750 1932 762 1951 ,
787 1897 973 1956 figurate
994 1896 1267 1956 explicantur
1281 1930 1292 1951 ,
1317 1904 1361 1939 et
1377 1894 1433 1940 ad
1446 1896 1603 1939 Orien-

215 1978 303 2013 tem
316 1969 538 2029 paradisus
553 1966 791 2028 plantatur.
810 1965 1110 2025 Intelligamus
1125 1975 1270 2010 autem
1285 1974 1430 2010 nostra
1446 1965 1604 2024 gaudia

213 2039 422 2099 spiritalia
444 2038 688 2098 significare
709 2052 838 2082 omne
855 2036 1024 2097 lignum
1045 2037 1288 2081 formosum
1306 2035 1362 2080 ad
1382 2045 1605 2095 aspectum

215 2108 531 2169 intelligentiae,
556 2118 600 2153 et
621 2110 787 2153 bonum
811 2106 868 2152 ad
889 2122 1030 2152 escam
1052 2122 1152 2167 quae
1168 2122 1258 2151 non
1279 2106 1575 2166 corrumpitur
1589 2139 1602 2160 ,

217 2197 304 2242 qua
314 2181 454 2226 beatae
470 2181 625 2225 animae
640 2188 896 2239 pascuntur.
912 2181 1022 2224 Nam
1034 2187 1079 2223 et
1094 2178 1302 2223 Dominus
1315 2177 1443 2222 dicit:
1465 2195 1484 2218 «
1494 2178 1604 2236 Ope-

219 2270 242 2295 »
266 2253 422 2297 ramini
454 2266 595 2296 escam
627 2266 727 2311 quae
757 2265 848 2295 non
880 2249 1175 2308 corrumpitur
1193 2250 1270 2307 ³3»
1302 2257 1352 2292 ut
1380 2257 1445 2292 est
1466 2247 1605 2292 omnis

221 2323 330 2368 ratio
347 2357 359 2378 ,
383 2338 483 2382 quae
504 2322 628 2367 cibus
646 2331 709 2366 est
731 2321 901 2365 animae.
930 2320 999 2365 Ad
1021 2320 1246 2364 Orientem
1266 2319 1411 2363 lucem
1433 2319 1604 2377 sapien-

222 2394 293 2437 tiae
311 2394 357 2438 in
378 2393 520 2449 Eden,
539 2394 586 2438 id
603 2402 682 2449 est,
702 2393 748 2437 in
769 2391 931 2437 deliciis
948 2389 1267 2436 immortalibus
1285 2399 1330 2434 et
1346 2387 1603 2448 intelligibi-

221 2463 352 2509 libus.
375 2467 487 2512 Nam
508 2464 687 2520 diliciae,
716 2462 786 2510 vel
808 2463 1031 2523 voluptas,
1059 2461 1128 2508 vel
1157 2462 1338 2523 epulum
1363 2462 1448 2507 hoc
1469 2458 1602 2505 verbo

274 2550 283 2567 ¹
302 2549 397 2582 zach.
417 2559 475 2591 ιιι,
494 2560 522 2582 1.
537 2565 577 2574 —
593 2554 608 2572 ²
631 2558 644 2581 ι
665 2550 736 2582 Cor.
757 2559 796 2590 n,
813 2555 917 2581 ¹1.—
936 2545 950 2572 3
967 2549 1062 2582 Joan.
1082 2557 1126 2587 vi,
1146 2555 1200 2588 27.
