1729 3143
191 216 247 256 26
609 226 643 254 s.
678 225 907 254 Aucusnm
938 226 1120 254 Emscom

249 292 308 335 ΙΙ.
343 290 453 335 Inde
471 300 573 350 ergo
587 291 678 350 jam
699 289 943 347 accepistis,
964 289 1164 334 meditati
1185 291 1300 345 estis,
1316 298 1360 335 et
1373 290 1568 337 meditati

188 361 402 415 tenuistis,
427 370 476 405 ut
497 360 647 404 dicatis
666 377 674 403 :
695 357 838 403 Credo
858 358 905 402 in
926 359 1065 404 Deum
1088 369 1256 419 patrem
1288 361 1567 420 omnipoten-

188 439 293 475 tem.
324 434 436 474 Deus
458 429 732 486 omnipotens
757 437 846 472 est:
871 438 914 472 et
935 444 1036 472 cum
1064 430 1117 473 sit
1138 431 1435 489 omnipotens,
1460 432 1571 476 mori

189 515 279 544 non
291 508 447 559 potest,
461 497 551 541 falli
569 513 657 541 non
672 507 826 557 potest,
839 498 1013 543 mentiri
1031 514 1119 543 non
1132 509 1296 559 potest,
1311 510 1354 544 et
1371 500 1492 559 quod
1514 502 1572 545 ait

190 568 438 627 Apostolus,
467 570 665 625 «Negare
687 583 730 611 se
752 569 894 627 ipsum
915 585 1004 613 non
1022 572 1208 629 potest1.
1231 588 1251 611 »
1278 573 1416 623 Quam
1432 570 1571 615 multa

188 653 275 681 non
301 646 465 696 potest,
489 646 532 681 et
555 638 830 697 omnipotens
860 649 923 683 est
948 658 957 683 :
983 649 1026 683 et
1046 640 1148 685 ideo
1178 641 1452 699 omnipotens
1475 649 1568 695 est,

188 707 290 766 quia
312 707 391 751 ista
413 723 502 751 non
516 716 672 766 potest.
695 711 803 753 Nam
825 709 859 753 si
881 710 991 752 mori
1008 719 1168 768 posset,
1190 725 1280 754 non
1298 719 1408 753 esset
1430 710 1572 754 omni-

187 785 340 835 potens
362 796 371 821 z
395 778 428 820 si
444 778 633 832 mentiri,
657 779 691 821 si
707 777 816 831 falli,
842 780 876 822 si
898 778 1064 832 fallere,
1090 780 1121 822 si
1145 780 1294 838 inique
1318 794 1461 837 agere,
1483 795 1573 823 non

188 855 297 890 esset
329 847 631 906 omnipotens:
663 848 764 907 quia
799 849 833 891 si
860 849 943 892 hoc
977 849 1024 892 in
1052 864 1103 892 eo
1132 858 1266 903 esset,
1307 864 1397 892 non
1422 848 1575 893 fuisset

188 915 345 974 dignus
369 918 446 976 qui
469 927 578 960 esset
600 918 889 975 omnipotens.
925 922 1103 962 Prorsus
1138 920 1414 977 omnipotens
1447 922 1574 962 Pater

187 996 332 1030 noster
355 1003 532 1045 peccare
568 1003 656 1031 non
685 996 841 1046 potest.
875 990 998 1032 Facit
1020 989 1236 1048 quidquid
1258 989 1377 1046 vult,
1397 989 1488 1047 ipsa
1511 998 1575 1033 est

187 1057 516 1115 omnipotentia.
555 1058 675 1101 Facit
697 1057 913 1116 quidquid
935 1059 1045 1101 bene
1078 1058 1189 1113 vult,
1225 1059 1440 1119 quidquid
1459 1061 1575 1118 juste

186 1126 282 1169 vult
305 1145 313 1170 :
339 1126 559 1184 quidquid
581 1136 727 1170 autem
755 1128 868 1170 male
898 1128 968 1178 fit,
995 1143 1086 1169 non
1110 1128 1220 1169 vult.
1251 1131 1388 1170 Nemo
1420 1128 1577 1173 resistit

187 1196 494 1252 omnipotenti,
511 1205 559 1236 ut
581 1212 670 1237 non
684 1196 804 1252 quod
825 1195 922 1239 vult
943 1195 1084 1238 iaciat.
1107 1198 1204 1253 Ipse
1227 1194 1329 1238 fecit
1350 1196 1514 1240 coelum
1533 1206 1578 1241 et

187 1275 345 1308 terram
361 1298 372 1316 ,
397 1278 516 1306 mare
536 1272 579 1307 et
600 1264 746 1307 omnia
761 1280 860 1324 quae
877 1265 922 1307 in
943 1265 1001 1308 eis
1018 1275 1144 1320 sunt,
1171 1265 1401 1310 invisibilia
1416 1277 1456 1310 et
1474 1268 1577 1311 visi-

186 1333 291 1378 bilia
309 1352 317 1378 :
342 1332 586 1385 invisibilia,
604 1333 717 1376 sicut
731 1333 891 1377 suntin
909 1333 1030 1377 coelis
1050 1334 1180 1378 Sedes
1198 1369 1209 1389 ,
1231 1336 1574 1392 Dominationes,

187 1404 476 1462 Principatus‚
489 1407 743 1458 Potestates,
755 1404 1032 1461 Archangeli,
1042 1404 1216 1462 Angeli,
1227 1406 1260 1448 si
1284 1406 1397 1449 bene
1415 1407 1578 1450 vixeri-

187 1490 299 1528 mus,
335 1474 447 1518 cives
469 1473 617 1518 nostri.
646 1474 767 1518 Fecit
789 1474 835 1517 in
857 1473 971 1517 coelo
998 1474 1198 1528 visibilia,
1221 1474 1372 1530 solem,
1400 1475 1573 1532 lunam,

185 1544 343 1589 stellas.
354 1544 448 1589 Suis
457 1543 714 1588 animalibus
723 1545 996 1588 terrestribus
1011 1544 1181 1589 ornavit
1193 1553 1368 1599 terram,
1379 1546 1576 1605 implevit

186 1619 329 1660 ae'rem
354 1614 603 1658 volatilibus
620 1648 631 1669 ,
656 1623 813 1657 terram
847 1614 1173 1658 ambulantibus
1201 1623 1245 1658 et
1270 1616 1544 1673 serpentibus
1560 1650 1572 1672 ‚

185 1700 303 1729 mare
331 1684 580 1728 natantibus
605 1702 615 1727 ι
652 1684 797 1728 omnia
817 1682 1013 1741 implevit
1035 1685 1121 1727 suis
1144 1684 1351 1728 creaturis
1371 1686 1571 1744 propriis.

185 1758 307 1800 Fecit
328 1764 370 1799 et
388 1754 606 1799 hominem
630 1753 685 1798 ad
713 1754 941 1812 imaginem
978 1763 1020 1798 et
1048 1755 1360 1798 simiitudinem
1381 1770 1503 1799 suam
1529 1757 1576 1800 in

185 1827 351 1870 mente²
368 1845 378 1870 ι
404 1825 464 1868 ibi
479 1833 541 1868 est
558 1824 825 1881 enimimago
837 1825 913 1867 Dei
931 1844 942 1880 3
962 1824 1061 1868 ideo
1076 1839 1197 1868 mens
1221 1825 1308 1883 ipsa
1329 1840 1417 1869 non
1433 1834 1575 1884 potest

184 1895 497 1955 comprehendi
519 1911 597 1939 nec
615 1911 638 1938 a
650 1910 694 1938 se
713 1896 818 1953 ipsa,
835 1895 912 1938 ubi
929 1904 991 1938 est
1008 1895 1152 1953 imago
1170 1896 1259 1939 Dei.
1287 1897 1356 1939 Ad
1370 1897 1452 1940 hoc
1470 1896 1575 1940 facti

184 1976 409 2020 sumus‚ut
426 1966 630 2010 creaturis
649 1965 811 2010 caeteris
831 1965 1106 2009 dominemur
1126 1984 1134 2009 :
1157 1965 1233 2008 sed
1254 1981 1330 2024 per
1343 1975 1574 2025 peccatum

183 2038 229 2081 in
266 2038 406 2096 primo
428 2037 605 2079 homine
627 2036 735 2094 lapsi
766 2051 936 2089 sumus,
962 2044 1003 2079 et
1026 2036 1071 2078 in
1093 2036 1244 2079 mortis
1273 2035 1574 2079 haereditatem

184 2123 333 2152 ornnes
355 2107 623 2152 devenimus.
649 2108 770 2151 Facti
789 2122 938 2151 sumus
960 2108 1147 2151 humiles
1166 2109 1383 2163 mortales,
1404 2108 1573 2167 impleti

183 2193 332 2222 sumus
349 2177 597 2232 timoribus,
622 2178 838 2222 erroribus
856 2197 865 2222 :
882 2178 965 2221 hoc
987 2179 1139 2222 merito
1158 2179 1340 2236 peccati,
1365 2192 1465 2222 cum
1483 2193 1572 2238 quo

182 2250 337 2293 merito
359 2259 402 2293 et
425 2259 547 2293 reatu
568 2249 761 2293 nascitur
785 2249 923 2293 omnis
948 2250 1095 2294 homo.
1126 2250 1231 2293 Ideo
1263 2250 1374 2293 sicut
1405 2249 1571 2293 vidistis

183 2320 326 2373 hodie,
348 2321 458 2365 sicut
480 2321 629 2371 nostis,
647 2329 689 2364 et
706 2320 875 2380 parvuli
898 2321 1180 2364 exsufflantur
1191 2329 1233 2364 et
1250 2320 1567 2375 exorcizantur,

181 2398 230 2433 ut
250 2390 434 2448 pellatur
447 2392 501 2435 ab
514 2392 572 2434 eis
587 2390 750 2435 diaboli
773 2399 959 2450 potestas
979 2391 1168 2445 inimica,
1187 2406 1286 2450 quae
1308 2390 1479 2450 decepit
1496 2392 1570 2435 ho-

180 2460 357 2513 minem,
371 2469 419 2503 ut
434 2461 669 2518 possideret
689 2461 898 2505 homines.
918 2463 1015 2507 Non
1029 2477 1131 2519 ergo
1145 2471 1340 2505 creatura
1357 2462 1434 2505 Dei
1450 2462 1494 2504 in
1506 2460 1570 2504 in-

232 2561 238 2575 ¹
262 2563 280 2586 2
296 2554 561 2592 Tim.n,13.—-
581 2562 591 2576 ²
608 2557 684 2587 Gen.
707 2567 738 2592 ι,
756 2563 809 2595 27.
