1729 3143
218 177 302 216 :340
649 184 680 212 s.
718 184 948 211 Auensnm
982 185 1163 212 131215001’1

214 254 395 313 gillatim
423 254 710 308 interrogatus
735 248 1026 309 respondisti,
1054 265 1153 310 quae
1186 249 1242 295 ad
1273 250 1408 310 ipsam
1425 252 1596 312 sapien-

212 325 317 370 tiam
339 322 582 383 pertinent,
607 336 792 381 quarum
820 321 1068 380 cognitione
1087 320 1258 366 laetatus
1282 336 1340 365 es.
1371 324 1423 366 E.
1447 325 1513 368 Ita
1535 330 1599 367 est

214 404 264 439 ut
281 393 401 437 dicis.

271 465 388 507 XLI.
426 464 478 506 A.
501 461 619 515 Quid
648 461 779 519 igitur
800 461 920 507 aliud
941 462 1108 521 agimus
1141 477 1243 507 cum
1264 461 1490 507 studemus
1511 477 1600 507 esse

211 533 425 592 sapientes
441 567 452 587 ,
479 531 559 575 nisi
581 540 631 576 ut
646 542 806 591 quanta
825 548 1053 593 possumus
1072 532 1295 578 alacritate
1311 567 1323 589 ‚
1348 533 1405 578 ad
1420 531 1465 576 id
1483 531 1601 591 quod

212 611 358 647 mente
370 602 680 661 contingimuS‚
701 610 837 646 totam
853 604 1042 647 animam
1057 612 1249 648 nostram
1264 604 1456 663 quodam
1471 601 1602 646 modo

148 725 171 734 .„
211 673 464 733 colligamus
482 708 493 729 ,
518 683 562 718 et
589 689 802 733 ponamus
830 674 916 729 ibi,
942 683 1074 734 atque
1103 672 1315 719 stabiliter
1343 673 1600 733 infigamus,

212 754 263 789 ut
293 760 383 789 non
410 745 500 805 jam
531 744 700 804 privato
738 759 816 788 suo
851 742 1036 801 gaudeat
1069 743 1190 803 quod
1212 743 1452 804 implicavit
1475 744 1604 789 rebus

211 816 538 860 transeuntibus
554 850 565 871 ‚
590 814 667 859 sed
687 822 818 858 exuta
839 813 1043 857 omnibus
1066 823 1311 872 temporum
1343 823 1386 859 et
1407 812 1604 859 locorum

213 885 518 931 affectionibus
538 884 838 945 apprehendat
855 882 900 927 id
923 882 1044 943 quod
1063 899 1202 927 unum
1221 893 1352 944 atque
1369 884 1484 928 idem
1501 899 1607 929 sem·

211 972 289 1017 per
311 966 375 1001 est
391 959 408 999 Ξ)
432 957 554 1000 Sicut
574 956 692 995 enim
716 964 806 995 tota
822 955 912 995 vita
926 954 1118 1011 corporis
1133 963 1196 998 est
1212 954 1353 998 anima
1370 987 1380 1008 ,
1407 956 1465 997 sie
1481 956 1608 999 beata

211 1028 296 1073 vita
327 1027 484 1071 animae
512 1027 625 1068 Deus
648 1031 725 1066 est.
754 1022 878 1075 Quod
902 1022 1009 1065 dum
1033 1023 1201 1081 agimus
1223 1057 1234 1077 ‚
1262 1023 1403 1067 donec
1426 1038 1609 1082 peraga-

212 1112 310 1142 mus
327 1132 337 1151 ‚
375 1097 422 1139 in
454 1096 522 1139 via
555 1108 720 1138 sumus.
760 1095 816 1136 Et
838 1092 958 1152 quod
979 1092 1068 1137 istis
1099 1094 1210 1137 veris
1233 1102 1275 1138 et
1304 1093 1429 1138 certis
1453 1094 1578 1139 bonis
1594 1129 1605 1149 ,

211 1167 412 1230 quamvis
435 1166 579 1211 adhuc
600 1166 647 1209 in
677 1165 761 1209 hoc
796 1165 1028 1209 tenebroso
1063 1164 1218 1209 itinere
1244 1166 1572 1210 coruscantibus
1594 1199 1604 1220 ‚

214 1238 404 1299 gaudere
435 1251 689 1282 concessum
708 1244 772 1279 est
793 1270 802 1290 ,
845 1235 945 1278 vide
968 1243 1119 1278 utrum
1146 1234 1229 1278 hoc
1252 1234 1306 1278 sit
1328 1235 1448 1294 quod
1469 1236 1607 1295 scrip-

214 1319 307 1354 tum
340 1317 403 1353 est
435 1307 489 1352 de
519 1305 727 1366 sapientia
747 1340 757 1359 ‚
797 1303 905 1364 quid
940 1312 1038 1361 agat
1074 1318 1175 1347 cum
1213 1305 1478 1349 amatoribus
1520 1306 1607 1350 suis

211 1396 313 1425 cum
331 1380 387 1424 ad
410 1394 506 1422 eam
527 1377 708 1422 veniunt
726 1410 736 1429 ‚
762 1382 806 1417 et
824 1388 916 1417 eam
933 1382 1138 1432 quaerunt
1158 1407 1168 1427 ‚
1197 1373 1364 1418 dictum
1381 1385 1444 1420 est
1457 1376 1573 1420 enim
1595 1396 1604 1422 :

214 1470 236 1494 «
261 1454 312 1494 In
334 1450 411 1494 viis
429 1446 631 1492 ostendet
647 1460 691 1489 se
709 1443 792 1488 illis
808 1442 1001 1487 hilariter
1013 1478 1025 1498 ‚
1050 1452 1093 1487 et
1113 1444 1232 1488 omni
1245 1444 1518 1504 providentia
1536 1462 1609 1491 oc.

213 1540 235 1564 n
262 1528 407 1565 curret
427 1517 511 1562 illis
527 1519 559 1561 ¹.
586 1537 603 1558 »
631 1521 818 1575 Quoquo
850 1515 965 1559 enim
999 1523 1041 1558 te
1066 1515 1270 1571 verteris,
1295 1516 1482 1576 vestigiis
1505 1518 1607 1577 qui-

211 1591 398 1637 busdam
420 1625 430 1645 ‚
456 1604 554 1649 quae
572 1587 777 1647 operibus
792 1586 878 1630 suis
896 1585 1136 1645 impressit,
1162 1585 1359 1646 loquitur
1375 1588 1455 1632 tibi
1472 1624 1481 1642 ,
1508 1598 1606 1634 ette

212 1663 259 1707 in
281 1661 488 1706 exteriora
510 1659 777 1703 relabentem
797 1692 807 1711 ,
833 1657 934 1716 ipsis
957 1657 1218 1702 exteriorum
1236 1657 1388 1703 formis
1409 1659 1525 1704 intro
1543 1675 1608 1704 re-

211 1742 338 1779 vocat
360 1753 370 1789 3
395 1741 444 1775 ut
477 1728 691 1790 quidquid
723 1737 766 1771 te
799 1727 988 1770 delectat
1023 1728 1068 1771 in
1103 1744 1312 1788 corpore,
1344 1739 1387 1774 et
1408 1746 1485 1790 per
1507 1746 1606 1775 cor-

212 1818 365 1865 poreos
397 1800 521 1845 illicit
545 1814 694 1843 sensus
709 1833 719 1852 ‚
745 1796 890 1841 videas
913 1811 1002 1840 esse
1033 1812 1315 1842 numerosum
1333 1833 1343 1852 ,
1373 1808 1416 1843 et
1437 1815 1606 1858 quaeras

212 1876 331 1919 unde
346 1874 420 1928 sit,
446 1881 489 1915 et
502 1872 548 1914 in
566 1879 608 1914 te
626 1869 766 1928 ipsum
784 1866 955 1921 redeas,
983 1876 1113 1926 atque
1130 1866 1345 1925 intelligas
1364 1877 1406 1912 te
1421 1868 1465 1912 id
1484 1870 1606 1929 quod

212 1946 386 2005 attingis
419 1942 614 1988 sensibus
649 1939 868 1998 corporis,
906 1938 1089 1997 probare
1125 1947 1201 1981 aut
1232 1938 1482 1997 improbare
1513 1956 1604 1985 non

212 2033 335 2079 posse
355 2052 365 2070 ‚
391 2015 473 2060 nisi
493 2013 612 2074 apud
634 2021 676 2057 te
698 2011 855 2056 habeas
875 2010 1087 2070 quasdam
1108 2008 1450 2068 pulchritudinis
1472 2011 1602 2070 leges,

208 2090 265 2134 ad
282 2103 388 2149 quas
411 2085 569 2130 referas
591 2097 778 2144 quaeque
800 2081 983 2141 pulchra
1005 2080 1137 2125 sentis
1159 2080 1362 2124 exterius.

266 2162 405 2205 XLII.
444 2160 621 2202 Intuere
654 2153 817 2199 coelum
851 2162 893 2197 et
920 2161 1078 2197 terram
1103 2161 1146 2195 et
1167 2167 1284 2195 mare
1308 2161 1351 2196 et
1373 2168 1603 2212 quaecum-

211 2247 297 2293 que
319 2232 362 2275 in
387 2230 444 2274 eis
469 2226 541 2273 vel
565 2227 750 2286 desuper
773 2223 972 2282 fulgent,
995 2222 1064 2267 vel
1087 2221 1291 2267 deorsum
1314 2233 1474 2282 repunt
1492 2259 1502 2279 ‚
1531 2225 1605 2269 vel

209 2303 357 2347 volant
372 2336 383 2357 ,
403 2299 474 2345 vel
491 2307 670 2351 natant,
691 2296 854 2340 formas
871 2295 1038 2337 hahent
1052 2328 1063 2348 ,
1084 2294 1186 2353 quia
1199 2308 1404 2337 numeros
1418 2295 1600 2339 habent:

212 2372 352 2416 adime
373 2371 457 2415 illis
479 2372 573 2414 haee
591 2405 601 2424 ,
627 2367 736 2412 nihil
759 2374 903 2409 erunt.
927 2367 963 2408 Α
984 2379 1072 2423 quo
1090 2378 1190 2421 ergo
1209 2373 1311 2408 sunt
1329 2399 1339 2417 ,
1366 2365 1447 2407 nisi
1469 2381 1490 2408 a
1513 2379 1601 2424 quo

213 2458 417 2487 numerus
442 2444 459 2485 Ρ
507 2437 865 2501 quandoquidem
902 2437 948 2480 in
983 2444 1153 2480 tantum
1192 2433 1272 2478 illis
1310 2444 1371 2479 est
1408 2450 1496 2480 esse
1513 2469 1523 2489 ‚
1555 2435 1599 2477 in

264 2534 272 2550 ¹
295 2528 498 2570 Sap.v1‚17.
