1729 3143
251 203 333 240 452
658 207 692 236 s.
727 205 958 236 Aucuszrim
993 209 1173 238 EPlsCOPI

249 299 267 320 »
305 280 397 322 haec
432 274 658 319 vocabitur
690 272 875 328 mulier,
900 273 1106 332 quoniam
1142 275 1199 318 de
1225 274 1318 318 viro
1345 289 1424 319 suo
1455 285 1626 335 sumpta
1682 267 1685 286 ⁵

247 366 267 390 »
302 356 394 391 est:
419 354 462 388 et
488 345 580 387 haec
598 343 690 387 'erit
719 343 827 387 mihi
860 342 1140 403 adjutorium.
1164 347 1358 403 'Propter
1384 345 1468 389 hoc
1494 344 1627 389 relin-

247 437 264 459 »
301 424 406 475 quet
436 414 568 458 homo
606 422 774 473 patrem
803 422 846 458 et
883 422 1093 470 matrem,
1134 422 1177 457 et
1210 413 1473 474 adjungetur
1502 414 1626 459 uxori

245 508 263 529 ))

241 573 261 598 ἳ)

240 717 261 742 ))

238 787 261 813 ))

236 860 258 885 ))

237 930 259 955 ))

235 1000 258 1025 ))

235 1071 257 1097 ))

235 1142 257 1166 ))

238 1215 256 1237 ))

238 1285 258 1308 ))

237 1355 258 1379 ))

236 1426 258 1450 ))

238 1499 256 1522 >)

236 1567 257 1591 ))

239 1641 257 1662 ))

237 1709 258 1733 ))

239 1779 260 1803 ))

239 1850 261 1876 ))

240 1923 259 1945 ))

241 1992 261 2015 ))

242 2062 263 2086 ))

243 2134 263 2158 ))

243 2205 263 2229 ))

239 2277 260 2302 ))

242 2349 262 2373 ))

243 2419 263 2441 ))

244 2487 264 2510 ))

298 501 386 530 suae
402 520 414 541 ,
440 494 484 530 et
504 493 634 529 erunt
658 484 748 530 duo
769 485 816 529 in
835 500 963 530 carne
985 500 1087 529 una.
1114 488 1172 529 Et
1193 494 1317 530 erant
1336 485 1466 530 ambo
1487 484 1623 541 nudi,

297 555 439 603 Adam
461 565 504 601 et
527 555 684 600 mulier
701 557 792 617 ejus
812 590 823 612 ‚
855 564 898 600 et
914 571 1004 601 non
1021 554 1411 601 confundebantur
1426 557 1459 599 1.
1484 573 1505 598 »

300 647 322 672 «
356 630 417 673 II.
439 629 623 688 Serpens
641 636 786 672 autem
802 637 894 672 erat
910 627 1144 688 sapientior
1158 628 1354 673 omnium
1373 625 1625 683 bestiarum,

297 714 397 759 quae
419 707 543 744 erant
564 714 693 759 super
713 707 875 743 terram
891 733 902 754 ‚
928 714 1036 758 quas
1062 697 1223 744 iecerat
1250 698 1462 744 Dominus
1483 700 1597 742 Deus
1615 715 1625 741 ε

294 772 352 816 Et
384 768 490 815 dixit
519 784 693 830 serpens
723 768 780 814 ad
807 768 1036 814 mulierem
1061 788 1069 815 :
1093 774 1234 823 Quare
1266 769 1376 814 dixit
1406 771 1547 824 Deus,
1573 781 1628 812 ne

293 840 431 886 edatis
466 841 522 886 ab
560 841 679 887 omni
712 840 831 898 ligno
861 839 983 900 quod
1016 850 1080 886 est
1106 841 1154 885 in
1178 840 1407 900 paradiso?
1435 842 1492 884 Et
1519 838 1629 883 dixit

294 911 451 957 mulier
474 910 529 957 ad
551 920 798 968 serpentem
819 926 828 950 ε
850 912 917 950 Ex
938 911 1059 951 omni
1074 910 1193 965 ligno
1212 910 1335 971 quod
1351 920 1414 955 est
1435 911 1482 954 in
1502 924 1628 969 para-

292 982 386 1026 diso
409 980 586 1025 edemus
613 997 622 1023 :
649 992 673 1021 a
696 975 844 1020 fructu
865 985 1012 1020 autem
1034 975 1167 1035 ligni,
1191 980 1312 1038 quod
1334 981 1461 1024 estin
1482 980 1629 1024 medio

291 1050 479 1113 paradisi
497 1084 508 1105 ,
534 1048 643 1093 dixit
664 1050 780 1092 Deus
802 1062 857 1091 ne
879 1046 1059 1092 edamus
1080 1069 1091 1107 3
1115 1048 1192 1093 sed
1213 1065 1358 1111 neque
1376 1059 1626 1109 tangamus,
1687 1084 1692 1100 .

293 1139 348 1168 ne
367 1121 622 1167 moriamur.
643 1122 701 1164 Et
715 1118 822 1164 dixit
839 1135 1014 1179 serpens
1032 1119 1205 1164 mulieri
1225 1140 1236 1167 ;
1259 1122 1358 1167 Non
1374 1130 1629 1167 morte-mo-

293 1193 490 1251 riemini3
516 1191 681 1238 sciebat
705 1191 822 1235 enim
843 1194 958 1236 Deus
975 1226 987 1246 ,
1011 1192 1114 1252 quia
1133 1207 1219 1252 qua
1241 1191 1310 1236 die
1331 1192 1628 1238 manducave-

293 1265 385 1309 ritis
406 1280 458 1309 ex
479 1262 555 1308 illo
577 1298 589 1318 9
626 1262 873 1322 aperientur
901 1261 1017 1306 oculi
1039 1262 1197 1318 vestri,
1228 1271 1272 1306 et
1293 1262 1409 1307 eritis
1430 1263 1541 1307 sicut
1570 1263 1629 1307 dii

293 1336 475 1381 scientes
508 1335 676 1380 bonum
711 1342 753 1378 et
781 1333 961 1377 malum.
995 1336 1052 1377 Et
1079 1332 1189 1378 vidit
1210 1333 1367 1377 mulier
1384 1368 1395 1389 ,
1420 1334 1522 1393 quia
1545 1334 1628 1379 bo-

293 1423 402 1452 num
426 1414 489 1451 est
510 1404 679 1465 lignum
696 1404 742 1448 in
764 1418 904 1449 escam
919 1439 930 1457 ,
958 1413 1002 1448 et
1023 1403 1127 1464 quia
1149 1404 1319 1449 bonum
1337 1413 1401 1449 est
1422 1404 1556 1449 oculis
1574 1405 1630 1449 ad

291 1476 535 1524 videndum
566 1485 610 1521 et
641 1474 994 1535 cognoscendum
1019 1493 1028 1520 z
1056 1484 1100 1519 et
1133 1476 1316 1535 sumpsit
1346 1475 1542 1520 fructum
1574 1475 1629 1521 de

293 1548 413 1608 ligno
434 1546 511 1593 illo
528 1582 540 1603 ‚
569 1556 613 1591 et
628 1544 910 1592 manducavit
923 1580 935 1602 ‚
963 1554 1006 1590 et
1022 1545 1145 1590 dedit
1161 1546 1255 1591 viro
1272 1561 1350 1592 suo
1372 1566 1382 1593 ;
1402 1555 1445 1591 et
1465 1546 1629 1606 accepit

293 1618 457 1674 Adam,
483 1628 527 1663 et
548 1617 832 1663 manducavit
858 1636 868 1662 2
893 1626 937 1661 et
962 1617 1099 1677 aperti
1118 1627 1221 1662 sunt
1242 1616 1357 1663 oculi
1379 1633 1531 1664 eorum
1548 1653 1559 1675 ,
1586 1627 1630 1662 et

296 1700 401 1735 tunc
423 1690 614 1734 scierunt
639 1689 742 1748 quia
763 1687 872 1732 nudi
892 1697 1043 1744 erant,
1069 1698 1113 1734 et
1133 1699 1412 1749 sumpserunt
1427 1690 1507 1734 sibi
1526 1687 1628 1734 solia

295 1760 395 1816 fici,
421 1769 466 1804 et
480 1758 683 1804 fecerunt
701 1758 783 1802 sibi
797 1758 1098 1803 succinctoria,
1120 1762 1178 1804 Et
1200 1775 1300 1804 cum
1319 1761 1540 1805 audissent
1557 1775 1628 1804 vo-

295 1846 389 1876 cem
421 1830 596 1875 Domini
631 1828 952 1873 deambulantis
980 1830 1026 1873 in
1057 1830 1257 1888 paradiso
1290 1829 1346 1875 ad
1375 1846 1624 1891 vesperam,

295 1901 620 1947 absconderunt
653 1915 696 1944 se
726 1899 868 1945 Adam
892 1909 935 1944 et
966 1899 1124 1943 mulier
1149 1902 1240 1960 ejus
1267 1902 1322 1945 ab
1349 1911 1449 1946 ante
1471 1901 1627 1947 faciem

296 1973 471 2019 Domini
486 1972 587 2027 Dei,
617 1970 671 2016 ad
692 1969 813 2015 illam
838 1970 1037 2015 arborem
1057 1985 1156 2030 quae
1179 1972 1331 2016 eratin
1347 1973 1492 2018 medio
1508 1988 1629 2033 para-

299 2044 408 2089 diso.
451 2046 507 2088 Et
535 2041 706 2088 vocavit
744 2041 955 2086 Dominus
988 2044 1102 2085 Deus
1135 2041 1275 2087 Adam
1309 2051 1353 2087 et
1385 2042 1495 2088 dixit
1525 2043 1589 2087 illi
1614 2062 1624 2088 ι

300 2115 458 2171 Adam,
485 2114 562 2159 ubi
583 2114 676 2158 est?
699 2115 756 2158 Et
769 2111 885 2161 ,dixit
901 2111 974 2156 ille
996 2131 1004 2157 ε
1031 2115 1193 2157 Vocem
1218 2122 1336 2158 tuam
1356 2113 1517 2170 audivi,
1541 2117 1628 2159 Do-
1689 2163 1692 2165 ,

299 2187 434 2243 mine,
460 2187 506 2231 in
527 2185 753 2246 paradiso5
780 2193 823 2229 et
843 2184 994 2240 timui,
1016 2193 1063 2229 et
1085 2184 1290 2230 abscondi
1304 2201 1373 2230 me
1390 2221 1400 2241 ,
1427 2186 1528 2246 quia
1545 2201 1627 2230 nu-

297 2259 378 2304 dus
400 2273 511 2304 sum.
536 2259 594 2302 Et
626 2256 732 2301 dixit
755 2257 964 2301 Dominus
991 2258 1105 2301 Deus
1132 2275 1141 2301 ε
1167 2257 1271 2309 Quis
1293 2256 1511 2301 nuntiavit
1546 2256 1626 2300 tibi

299 2332 401 2391 quia
422 2328 568 2374 nudus
586 2343 628 2372 es
646 2363 658 2384 ,
682 2327 764 2372 nisi
785 2328 886 2387 quia
907 2327 961 2371 ab
983 2325 1056 2370 illa
1074 2327 1226 2373 arbore
1248 2328 1302 2372 de
1325 2344 1410 2389 qua
1434 2328 1624 2372 dixeram

299 2401 380 2446 tibi
395 2437 405 2456 ‚
432 2417 481 2446 ex
504 2401 578 2444 illa
598 2399 686 2444 sola
711 2414 800 2443 non
821 2398 1106 2443 manducares
1124 2433 1135 2455 ‚
1161 2414 1210 2442 ex
1231 2398 1305 2443 illa
1322 2398 1625 2444 manducasti?

299 2474 355 2515 Et
373 2471 481 2516 dixit
497 2469 635 2516 Adam
657 2488 666 2515 ε
684 2469 841 2515 Mulier
856 2484 987 2529 quam
1004 2468 1160 2515 dedisti
1174 2470 1303 2525 mihi,
1323 2470 1442 2515 dedit
1457 2478 1505 2513 ut
1520 2469 1623 2513 ede-

291 2562 300 2579 ¹
321 2559 398 2591 Gen.
423 2569 455 2590 ιι
477 2582 487 2600 ,
505 2557 523 2599 4
538 2582 548 2598 ,
578 2567 679 2600 usque
701 2558 739 2590 ad
757 2558 861 2590 finem.
