1729 3143
372 188 425 213 DE
457 187 607 213 Llssssno
640 181 848 222 Autumno,
885 185 966 210 Lis.
1003 185 1068 210 111.
1326 171 1408 208 353

35 251 109 296 sed
130 252 272 295 nescio
305 267 359 295 an
392 251 482 295 ulla
513 249 638 309 culpa
666 250 718 293 sit
749 248 899 292 relicto
926 245 1271 291 incommutabili
1294 245 1411 289 bono

33 321 88 365 ad
101 321 425 366 commutabilia
442 319 650 364 converti.
676 320 727 362 A.
760 317 1056 376 Reprehendis
1071 331 1170 374 ergo
1185 316 1304 375 quod
1321 331 1416 358 nes·

35 393 110 436 cis.
149 394 200 435 E.
246 391 341 436 Noli
381 391 516 435 verbo
549 402 742 447 premere
769 405 778 430 ε
805 387 865 430 ita
902 388 1014 430 enim
1044 386 1132 430 dixi
1154 405 1163 430 ε
1186 385 1338 430 Nescio
1368 400 1422 428 an

32 460 125 504 ulla
168 460 295 520 culpa
321 460 375 503 sit
393 494 404 515 ‚
448 467 500 502 ut
538 456 722 514 intelligi
770 455 980 499 voluerim
1026 457 1116 500 sine
1152 455 1288 500 dubio
1329 454 1429 514 cul--

31 546 132 590 pam
151 546 255 575 esse.
289 534 397 575 Nam
431 531 514 574 hoc
546 528 681 572 verbo
715 525 836 585 quod
859 526 976 569 dixi:
1002 527 1154 571 Nescio
1170 562 1180 582 ,
1207 527 1305 571 satis
1329 541 1426 585 pro-

31 599 147 645 fecto
178 601 287 645 irrisi
320 599 642 644 dubitationem
673 597 727 641 de
756 612 802 640 re
824 595 1068 641 manifesta.
1102 600 1155 642 A.
1183 596 1295 640 Vide
1317 595 1424 656 quid

31 671 86 714 sit
108 671 342 715 certissima
373 670 556 724 veritas,
583 683 682 728 quae
717 676 758 711 te
789 667 931 726 coegit
963 676 1052 711 tam
1075 667 1162 711 cito
1194 666 1419 721 oblivisci,

31 742 152 801 quod
184 740 315 800 paulo
338 748 437 784 ante
460 739 621 783 dixisti.
662 739 702 784 Si
734 738 850 782 enim
883 746 1037 782 natura
1069 737 1138 782 vel
1169 738 1421 782 necessitate

29 813 108 856 iste
140 821 284 857 motus
314 811 458 855 existit
475 846 486 866 ,
513 809 742 869 culpabilis
764 825 854 854 esse
875 809 999 854 nullo
1021 818 1148 869 pacto
1170 819 1312 868 potest
1337 828 1346 853 :
1371 816 1422 851 tu

28 898 131 927 vero
158 898 246 927 esse
278 881 540 941 culpabilem
572 881 632 925 ita
653 881 894 925 firmissime
917 890 1037 925 tenes
1055 916 1066 937 ‚
1102 890 1152 925 ut
1179 879 1423 924 dubitatio-

28 969 131 997 nem
151 953 205 995 de
227 954 309 995 hac
327 967 374 995 re
392 960 481 996 tam
500 961 615 995 certa
632 952 761 994 etiam
781 949 1049 993 irridendam
1071 951 1305 1008 putaveris.
1331 952 1421 995 Cur

29 1037 130 1080 ergo
152 1022 233 1066 tibi
254 1021 324 1065 vel
346 1020 654 1065 affirmandum
668 1055 679 1075 ⁷
714 1019 785 1064 vel
811 1029 926 1063 certe
948 1035 1051 1063 cum
1074 1021 1221 1080 aliqua
1242 1020 1421 1066 dubita-

29 1093 147 1137 tione
179 1091 416 1135 dicendum
449 1091 589 1134 visum
623 1099 714 1144 est,
752 1090 871 1149 quod
894 1090 1120 1149 perspicue
1147 1090 1308 1136 falsum
1331 1108 1421 1138 esse

27 1163 119 1221 ipse
141 1161 386 1205 convincis?
408 1160 559 1203 Dixisti
592 1160 707 1203 enim
730 1178 738 1202 :
767 1160 809 1203 Si
841 1160 899 1202 ita
922 1159 1021 1203 data
1051 1169 1114 1204 est
1143 1161 1344 1206 voluntas
1365 1163 1420 1206 li-

28 1233 132 1277 bera
146 1267 157 1287 ‚
181 1241 232 1275 ut
253 1229 495 1275 naturalem
515 1229 675 1272 habeat
692 1230 822 1272 istum
845 1239 1012 1274 motum
1030 1265 1040 1285 ,
1060 1232 1150 1289 jam
1168 1233 1421 1277 necessitate

29 1303 85 1347 ad
105 1303 200 1346 haec
221 1300 488 1346 convertitur
506 1334 517 1354 ‚
540 1313 684 1359 neque
701 1298 791 1341 ulla
812 1298 941 1357 culpa
958 1301 1229 1358 deprehendi
1250 1312 1390 1361 potest
1403 1338 1414 1358 ⁷

29 1373 108 1417 ubi
129 1381 283 1417 natura
309 1371 625 1430 necessitasque
648 1369 917 1413 dominatur.
948 1370 1081 1415 Nullo
1104 1371 1236 1417 modo
1273 1383 1419 1418 autem

30 1444 232 1488 dubitare
248 1442 439 1487 debuisti
456 1477 466 1496 ‚
492 1457 581 1485 non
599 1455 688 1484 esse
706 1440 765 1483 ita
783 1440 936 1483 datum
951 1474 961 1494 ‚
989 1441 1166 1500 quando
1183 1443 1313 1488 istum
1330 1461 1417 1490 mo-

29 1524 124 1560 tum
156 1513 422 1572 culpabilem
442 1527 529 1555 esse
557 1526 646 1555 non
668 1510 857 1554 dubitas.
884 1513 936 1554 E.
963 1513 1058 1569 Ego
1080 1512 1222 1570 ipsum
1247 1525 1416 1560 motum

28 1584 294 1645 culpabilem
312 1583 429 1637 dixi,
456 1592 498 1626 et
514 1582 614 1626 ideo
631 1581 735 1625 mihi
757 1580 984 1640 displicere
1000 1617 1011 1636 ‚
1037 1591 1079 1626 et
1096 1585 1417 1643 reprehenden-

30 1655 137 1699 dum
167 1670 256 1699 esse
288 1654 489 1697 dubitare
523 1668 611 1696 non
639 1666 813 1710 possum
837 1670 846 1696 :
873 1651 1061 1696 animam
1083 1669 1186 1699 vero
1209 1672 1307 1715 quae
1335 1658 1416 1703 isto

29 1735 153 1771 motu
170 1725 225 1769 ab
243 1722 592 1768 incommutabili
609 1723 726 1766 bono
744 1721 798 1766 ad
814 1723 1139 1768 commutabilia
1155 1724 1413 1784 detrahitur,

30 1812 142 1856 nego
171 1811 261 1840 esse
283 1793 546 1854 culpandam
561 1828 573 1848 ‚
604 1794 639 1837 si
654 1794 756 1852 'ejus
778 1802 933 1838 natura
956 1793 1050 1838 talis
1072 1804 1135 1840 est
1149 1830 1160 1851 ,
1185 1806 1235 1843 ut
1264 1814 1316 1844 eo
1338 1816 1418 1844 ne-

31 1867 212 1912 cessario
235 1873 477 1910 moveatur.

89 1940 148 1980 II.
175 1939 229 1980 A.
255 1936 392 1994 Cujus
410 1943 473 1978 est
494 1935 573 1978 iste
589 1942 733 1978 motus
751 1968 761 1988 ‚
788 1950 919 1994 quem
933 1935 1130 1994 profecto
1147 1939 1416 1998 culpandum

31 2021 120 2052 esse
137 2004 372 2051 concedis?
399 2007 450 2047 E.
477 2006 528 2047 In
551 2004 695 2047 animo
721 2019 818 2047 eum
842 2004 968 2049 video
986 2040 996 2059 ,
1020 2006 1094 2050 sed
1116 2009 1237 2067 cujus
1258 2010 1311 2054 sit
1327 2027 1418 2056 nes-

31 2079 113 2123 cio.
136 2081 187 2122 Α.
208 2075 436 2135 Numquid
455 2089 582 2133 negas
605 2090 657 2119 eo
678 2084 801 2120 motu
822 2077 1013 2121 animum
1032 2080 1226 2123 moveri?
1247 2083 1299 2124 E.
1320 2084 1418 2127 Non

31 2163 159 2206 nego.
186 2150 238 2191 Α.
263 2149 402 2204 Negas
431 2158 532 2202 ergo
554 2154 722 2188 motum.
745 2161 833 2204 quo
861 2157 1061 2191 movetur
1083 2148 1216 2208 lapis,
1248 2161 1418 2196 motum

34 2233 123 2263 esse
143 2217 326 2276 lapidis?
348 2218 501 2275 Neque
519 2215 634 2258 enim
651 2214 775 2259 illum
799 2216 896 2260 dico
918 2227 1084 2262 motum
1109 2236 1196 2279 quo
1218 2237 1318 2266 eum
1341 2239 1419 2269 nos

34 2303 283 2342 movemus,
317 2286 387 2330 vel
409 2285 554 2345 aliqua
579 2287 621 2329 vi
655 2286 792 2330 aliena
828 2297 1050 2344 movetur,
1075 2291 1210 2336 veluti
1246 2309 1345 2338 cum
1373 2295 1419 2339 in

33 2358 192 2403 coelum
211 2357 370 2417 jacitur
390 2391 400 2408 ‚
436 2355 511 2400 sed
532 2370 631 2399 eum
663 2371 751 2414 quo
774 2356 829 2400 ad
852 2365 1010 2401 terram
1034 2369 1147 2404 nutu
1175 2376 1252 2407 suo
1280 2365 1418 2423 vergit

39 2438 82 2473 et
97 2428 227 2473 cadit.
249 2433 294 2470 E.
316 2429 413 2471 Non
436 2425 640 2485 equidem
661 2441 773 2484 nego
790 2435 957 2471 motum
975 2444 1064 2488 quo
1082 2430 1141 2474 ita
1164 2441 1213 2476 ut
1230 2432 1334 2478 dicis
1351 2435 1420 2478 in-

37 2498 224 2544 clinatur
239 2533 250 2553 ‚
281 2506 324 2541 et
346 2497 431 2541 ima
454 2497 561 2555 petit
580 2530 590 2550 ‚
626 2505 793 2541 motum
823 2513 910 2542 esse
933 2498 1087 2557 lapidis
1106 2535 1116 2555 ‚
1142 2500 1217 2546 sed
1239 2513 1418 2549 natura-

198 2580 380 2611 cxxxlv.
1184 2574 1235 2613 23
