1729 3143
464 234 630 278 L1B.'11.
666 250 721 278 DE
748 251 933 279 nonnius
963 249 1305 282 MANICHAEORUM.
1487 244 1568 284 587

199 315 433 371 formidet,
457 324 500 360 et
525 316 601 376 qui
621 317 667 361 in
687 326 806 362 tanta
829 318 1090 364 obscuritate
1112 320 1221 364 nihil
1241 319 1386 377 videt,
1409 321 1494 366 hoc
1514 322 1572 367 ita

198 395 248 431 ut
265 385 424 431 dicitur
444 401 533 431 esse
549 402 639 432 non
654 387 916 434 arbitretur?
939 390 1022 435 Sed
1038 405 1118 451 ego
1139 391 1385 436 institutum
1399 406 1489 438 non
1505 406 1574 437 re-
1630 445 1635 452 ,

198 456 395 517 linquam
418 471 564 501 meum
579 493 590 514 ‚
622 459 693 502 cui
715 461 827 503 Deus
849 458 986 506 aderit
1002 495 1013 517 ‚
1037 469 1087 506 ut
1113 462 1377 522 apertissima
1395 463 1574 510 veritate

197 529 382 573 obscura
403 527 628 574 mendacia
645 528 914 574 refellantur.

256 601 371 645 LXI.
399 602 556 654 Quaero
578 601 693 645 enim
712 635 723 656 ,
747 601 782 645 si
813 600 1040 657 animalia,
1068 617 1167 663 quae
1195 595 1241 648 in
1270 603 1391 648 terris
1411 612 1513 649 sunt
1532 613 1576 651 et

195 671 241 715 in
262 671 386 732 aquis
401 706 412 727 ,
439 672 493 716 de
514 671 590 716 illo
611 686 767 731 genere
787 672 1034 732 principum
1056 688 1131 732 per
1150 674 1459 720 successionem
1474 685 1577 735 pro-

195 739 247 785 lis
269 750 312 786 et
341 742 637 802 operationem
664 742 923 787 concubitus
949 741 1159 799 veniunt,
1185 759 1285 788 cum
1307 744 1362 789 ad
1381 743 1479 790 illos
1498 745 1576 791 ab-

195 812 358 856 ortivos
371 811 506 856 loetus
520 820 747 856 revocatur
759 813 876 869 origo
893 813 1177 869 nascentium,
1195 830 1360 875 quaero,
1379 815 1574 876 inquam,

194 883 229 926 si
256 883 315 926 ita
337 890 425 937 est,
449 889 600 925 utrum
621 896 722 940 apes
737 917 747 937 ,
771 891 814 926 et
836 898 959 926 ranas
976 918 986 938 ,
1011 892 1054 927 et
1076 883 1157 929 alia
1178 885 1314 930 multa
1332 921 1343 942 ‚
1365 901 1465 946 quae
1486 887 1577 932 sine

196 951 434 997 concubitu
460 951 699 1011 gignuntur
716 987 727 1007 ,
755 968 843 997 non
866 954 920 998 sit
942 954 1062 999 nefas
1083 955 1312 1001 occidere?
1341 957 1468 1004 Nefas
1489 973 1578 1005 esse

195 1023 354 1068 dicitis.
394 1025 491 1068 Non
517 1038 620 1082 ergo
642 1032 819 1083 propter
841 1025 1141 1083 cognationem
1168 1027 1415 1087 principum
1436 1029 1579 1076 nescio

195 1110 384 1156 quorum
406 1130 416 1151 ,
442 1095 497 1139 ab
516 1094 803 1140 animantium
826 1111 931 1141 nece
951 1097 1167 1142 auditores
1189 1107 1350 1144 vestros
1370 1100 1578 1159 prohibe-

195 1167 263 1211 tis.
292 1169 382 1211 Aut
396 1166 429 1210 si
448 1164 689 1224 generalem
707 1168 1008 1225 cognationem
1026 1167 1221 1213 omnium
1239 1184 1327 1214 esse
1346 1185 1578 1231 corporum

195 1237 359 1292 dicitis,
386 1237 562 1281 arbores
585 1252 761 1297 quoque
790 1238 843 1282 ad
877 1238 1072 1282 camdem
1103 1239 1348 1300 principum
1370 1242 1576 1288 offensio-

193 1322 296 1352 nem
330 1306 484 1367 procul
513 1307 649 1352 dubio
682 1309 992 1368 pertinebunt,
1023 1310 1182 1370 quibus
1208 1327 1383 1371 parcere
1403 1328 1494 1358 non
1514 1323 1578 1359 est

194 1377 452 1423 mandatum
476 1378 766 1424 auditoribus.
790 1379 974 1424 Reditur
990 1395 1091 1439 ergo
1111 1381 1164 1425 ad
1184 1381 1293 1427 illud
1309 1382 1548 1428 invalidum
1563 1419 1574 1441 ‚

194 1465 244 1495 ea
267 1465 368 1510 quae
401 1450 446 1493 in
481 1449 686 1509 stirpibus
715 1451 931 1495 auditores
952 1450 1147 1508 laedunt,
1174 1453 1334 1513 expiari
1359 1469 1435 1514 per
1456 1453 1576 1500 fruc-

196 1529 265 1565 tus
281 1555 292 1576 ,
317 1535 426 1579 quos
455 1519 509 1563 ad
537 1518 756 1564 ecclesiam
779 1529 963 1565 vestram
987 1520 1150 1566 ferunt.
1181 1523 1355 1568 Dictum
1378 1532 1441 1569 est
1463 1524 1578 1569 enim

197 1593 281 1637 hoc
304 1592 436 1636 modo
453 1627 464 1647 ‚
489 1606 560 1636 eos
583 1593 658 1651 qui
678 1592 723 1635 in
744 1591 927 1636 macello
948 1591 1112 1637 laniant
1128 1593 1328 1638 animalia
1342 1610 1579 1655 carnesque

195 1663 427 1723 venditant
443 1698 454 1718 ‚
481 1664 513 1707 si
531 1663 659 1707 vestri
677 1662 894 1707 auditores
909 1666 1019 1719 sint,
1045 1679 1209 1725 suaque
1225 1664 1344 1710 lucra
1361 1681 1580 1726 compara-

196 1734 249 1778 tis
284 1732 481 1792 frugibus
513 1734 634 1777 vobis
662 1732 888 1778 conferant
909 1769 919 1788 ‚
952 1734 1116 1778 caedem
1138 1733 1257 1779 illam
1278 1735 1578 1796 quotidianam

195 1805 276 1849 sibi
294 1805 424 1849 licere
441 1813 719 1849 contemnere
735 1839 745 1858 ,
770 1816 813 1848 et
834 1805 1050 1865 quidquid
1064 1806 1111 1849 in
1124 1820 1173 1850 ea
1188 1807 1353 1865 peccati
1367 1816 1430 1853 est
1447 1843 1458 1863 ‚
1479 1823 1577 1854 ves-

195 1876 271 1921 tris
293 1874 434 1934 epulis
456 1873 633 1918 aboleri.

252 1946 391 1990 LXII.
414 1944 544 1998 Quod
568 1943 600 1989 si
624 1943 774 1988 dicatis
790 1979 801 1999 ‚
825 1944 1196 2003 quemadmodum
1216 1944 1271 1990 de
1291 1947 1431 2005 pomis
1456 1956 1500 1992 et
1522 1948 1577 1994 de

193 2016 384 2062 oleribus
401 2050 412 2070 ,
457 2013 770 2059 conferendum
798 2013 925 2058 fuisse
956 2023 1006 2059 ut
1037 2014 1109 2059 illa
1131 2014 1377 2061 interfectio
1405 2018 1576 2063 veniam

193 2095 462 2144 mereretur3
494 2085 612 2146 quod
644 2084 744 2145 quia
774 2085 868 2130 fieri
890 2101 978 2130 non
1000 2094 1142 2146 potest
1169 2080 1321 2145 (electi
1341 2087 1456 2132 enim
1485 2104 1577 2135 non

196 2160 334 2205 edunt
349 2163 545 2213 carnem)
568 2156 898 2218 temperandum
920 2173 1008 2202 esse
1026 2159 1296 2205 auditoribus
1312 2175 1335 2204 a
1352 2175 1459 2206 nece
1479 2163 1576 2207 ani-

195 2230 375 2275 malium
396 2252 406 2289 3
431 2229 537 2291 quid
568 2228 880 2289 respondebitis
913 2229 968 2273 de
999 2230 1130 2289 spinis
1150 2229 1386 2292 herbisque
1407 2231 1576 2278 inutili-

197 2302 279 2346 bus
297 2337 308 2357 ,
335 2316 443 2362 quas
465 2299 689 2346 evellendo
710 2300 755 2343 in
778 2299 887 2359 agris
908 2300 1143 2360 purgandis
1166 2300 1366 2360 agricolae
1386 2310 1544 2349 necant
1560 2338 1572 2360 ,

198 2387 279 2417 nee
294 2387 346 2416 ex
362 2372 428 2416 his
445 2371 568 2416 vobis
583 2379 764 2430 possunt
781 2370 899 2415 eibos
916 2370 1082 2431 aliquos
1101 2371 1330 2417 exhibere?
1345 2373 1577 2427 Quomodo

198 2442 252 2487 ad
273 2444 443 2487 veniam
466 2442 699 2503 pertinebit
730 2450 850 2486 tanta
879 2441 1060 2486 vastatio
1077 2477 1088 2497 ‚
1112 2441 1229 2487 unde
1250 2442 1371 2488 nulla
1393 2453 1456 2490 est
1482 2459 1576 2491 esca

198 2514 475 2558 sanctorum?
500 2516 567 2557 An
591 2512 700 2556 sorte
722 2511 938 2572 quidquid
963 2519 1189 2572 peceatum
1213 2511 1341 2558 fuerit
1361 2522 1411 2559 ut
1431 2512 1574 2574 fruges

199 2593 241 2629 et
270 2599 397 2643 poma
431 2584 658 2644 proficiant
674 2618 685 2639 ‚
712 2596 754 2628 et
781 2582 835 2628 de
856 2583 955 2643 ipsis
973 2582 1171 2644 frugibus
1192 2594 1235 2631 et
1251 2585 1389 2646 pomis
1408 2586 1571 2647 aliquid
