1729 3143
586 192 641 220 m:
672 192 840 232 onnam,
876 193 958 221 mn.
993 194 1023 220 1.
1413 174 1499 225 439

117 257 374 304 animalibus
396 257 574 314 similes,
601 257 799 302 subditos
819 257 1079 302 haberemus
1095 292 1106 313 ‚
1132 267 1176 303 et
1192 273 1343 303 eorum
1357 259 1500 305 domi-

117 344 321 373 naremur
342 344 419 388 per
441 328 771 388 temperantiam
795 336 838 371 et
858 327 1127 372 modestiam.
1153 330 1265 374 Cum
1284 330 1398 374 enim
1412 346 1503 376 non

115 408 326 459 reguntur
349 400 417 443 isti
437 408 580 444 motus
598 434 609 454 ,
635 407 873 458 erumpunt
894 407 936 442 et
954 408 1144 458 pergunt
1170 400 1216 444 in
1245 399 1503 447 foedissimas

115 469 469 524 consuetudines,
486 479 529 513 et
540 485 617 529 per
629 468 817 513 diversas
830 468 1178 530 perniciosasque
1192 469 1502 518 delectationes

114 556 193 586 nos
226 541 424 600 rapiunt,
458 550 501 585 et
530 539 695 584 faciunt
728 538 886 583 similes
916 540 1036 583 omni
1070 541 1217 599 generi
1250 542 1501 588 bestiarum.

113 613 225 658 Cum
250 620 396 655 autem
414 621 627 670 reguntur
655 619 698 654 et
729 610 1044 670 subjiciuntur,
1077 613 1257 658 omnino
1280 629 1506 673 mansuesq

112 691 218 727 cunt
239 691 282 727 et
309 682 538 727 nobiscum
571 681 846 727 concorditer
872 682 1042 727 vivunt.
1075 685 1173 728 Non
1195 684 1311 729 enim
1333 702 1353 730 a
1376 687 1503 733 nobis

112 752 240 798 alieni
262 761 363 797 sunt
379 761 524 797 motus
540 752 672 796 animi
686 752 838 797 nostri.
861 755 1102 798 Pascuntur
1120 754 1249 799 etiam
1272 756 1503 803 nobiscum

111 824 359 883 cognitione
377 823 595 868 rationum
618 833 662 868 et
683 838 855 868 morum
879 824 1169 885 optimorum,
1195 835 1238 870 et
1258 827 1360 871 vitae
1377 838 1505 873 aeter-

110 911 201 950 nae,
237 904 447 955 tanquam
468 894 614 939 herbis
643 893 925 938 seminalibus
957 904 1000 940 et
1033 894 1162 951 lignis
1193 894 1430 942 fructiferis
1462 909 1507 944 et

109 966 258 1010 herbis
278 964 503 1007 viridibus.
524 963 581 1004 Et
598 961 692 1004 haec
708 969 771 1004 est
787 959 974 1004 hominis
989 960 1077 1005 vita
1094 962 1222 1006 beata
1237 976 1369 1025 atque
1384 977 1505 1013 tran-

109 1035 268 1096 quilla,
301 1049 403 1079 cum
431 1047 580 1077 omnes
608 1040 752 1076 motus
789 1032 880 1091 ejus
911 1031 1067 1076 rationi
1107 1033 1368 1096 veritatique
1405 1055 1505 1086 con·

108 1107 301 1151 sentiunt
317 1140 328 1160 ‚
354 1113 397 1149 et
419 1113 630 1149 vocantur
654 1102 833 1163 gaudia,
859 1112 902 1147 et
923 1119 1090 1149 amores
1113 1106 1249 1150 sancti
1265 1141 1276 1161 ,
1302 1117 1344 1152 et
1367 1112 1498 1168 casti,

110 1187 154 1223 et
176 1177 296 1222 boni.
326 1176 369 1221 Si
391 1185 535 1220 autem
561 1191 650 1220 non
673 1177 974 1230 consentiunt,
1005 1175 1288 1222 nihilominus
1303 1177 1408 1224 dum
1423 1197 1503 1227 ne-

108 1247 321 1308 gligenter
343 1255 552 1305 geruntur
571 1281 581 1301 ,
607 1244 900 1290 conscindunt
918 1255 961 1290 et
985 1246 1192 1307 dissipant
1212 1249 1406 1294 animum
1424 1287 1434 1307 ‚
1460 1262 1503 1298 et

107 1318 276 1363 faciunt
302 1317 437 1362 vitam
467 1316 782 1374 miserrimam3
818 1325 861 1361 et
891 1326 1106 1363 vocantur
1126 1321 1502 1380 perturbationes,

109 1399 151 1435 et
173 1388 391 1444 libidines,
409 1398 452 1433 et
474 1388 839 1448 concupiscentiae
855 1387 996 1432 malae.
1019 1391 1080 1433 De
1098 1390 1262 1449 quibus
1271 1392 1362 1452 jam
1378 1394 1504 1439 nohis

107 1460 359 1521 praecipitur
374 1494 385 1515 ,
420 1468 471 1504 ut
498 1474 568 1504 eas
591 1474 692 1504 cum
714 1468 880 1520 quanto
902 1475 1132 1518 possumus
1154 1460 1304 1506 labore
1326 1465 1502 1509 crucifi-

109 1546 260 1591 gamus
294 1531 339 1574 in
371 1530 522 1585 nobis,
548 1531 688 1575 donec
718 1531 1002 1575 absorbeatur
1027 1547 1143 1576 mors
1176 1533 1222 1576 in
1255 1534 1498 1581 victoriam.

106 1603 219 1647 Dicit
240 1602 360 1646 enim
383 1601 633 1661 Apostolus.
664 1602 783 1656 «Qui
805 1611 953 1648 autem
971 1604 1074 1647 Jesu
1093 1603 1252 1648 Christi
1269 1616 1386 1662 sunt,
1405 1623 1502 1652 car·

113 1695 130 1716 »
157 1689 259 1718 nem
281 1688 401 1717 suam
436 1674 745 1718 crucifixerunt
774 1689 874 1718 cum
898 1675 1302 1734 perturbationibus
1325 1687 1367 1722 et
1393 1694 1500 1724 con-

112 1765 129 1787 »
154 1745 474 1805 cupiscentiis1.
499 1766 517 1787 »
543 1745 625 1790 Vel
647 1746 749 1790 hinc
771 1746 888 1790 enim
910 1747 1053 1807 quivis
1077 1747 1301 1792 admoneri
1321 1748 1452 1795 debet
1465 1754 1497 1808 ²,

105 1831 194 1861 non
216 1815 445 1860 carnaliter
466 1816 560 1861 haec
585 1831 675 1860 esse
698 1816 981 1876 intelligenda
997 1851 1008 1872 ,
1041 1819 1141 1878 quia
1169 1818 1319 1863 herbae
1341 1820 1498 1867 virides

105 1896 147 1931 et
167 1886 283 1945 ligna
304 1885 528 1931 fructifera
546 1888 664 1931 omni
682 1888 828 1946 generi
851 1889 1103 1943 bestiarum,
1130 1898 1172 1934 et
1195 1891 1399 1936 omnibus
1417 1908 1496 1938 vo-

103 1958 297 2002 latilibus
318 1966 360 2002 et
382 1957 584 2002 omnibus
606 1958 878 2017 serpentibus
899 1958 946 2002 in
974 1960 1129 2004 Genesi
1153 1960 1314 2005 dantur
1342 1961 1396 2006 ad
1430 1965 1493 2007 ci-

104 2029 256 2084 bumss,
296 2043 396 2072 cum
428 2027 652 2073 videamus
683 2027 830 2073 leones
869 2037 912 2072 et
945 2030 1168 2089 accipitres
1199 2040 1242 2075 et
1274 2032 1427 2077 milvos
1452 2043 1495 2079 et

105 2100 270 2161 aquilas
293 2115 383 2144 non
405 2099 521 2158 pasci
541 2099 623 2143 nisi
646 2099 879 2155 carnibus,
907 2109 950 2144 et
977 2099 1281 2146 interfectione
1309 2102 1492 2148 aliorum

104 2170 372 2216 animalium.
400 2169 530 2224 Quod
562 2170 691 2214 etiam
712 2170 767 2214 de
789 2171 1012 2215 nonnullis
1034 2173 1309 2232 serpentibus
1330 2174 1462 2220 credo
1477 2209 1489 2230 ,

106 2242 183 2303 qui
204 2251 307 2287 sunt
327 2242 372 2285 in
395 2241 582 2286 arenosis
604 2250 646 2286 et
668 2241 846 2286 desertis
866 2241 971 2287 locis
986 2277 997 2299 ,
1022 2243 1098 2288 ubi
1119 2259 1199 2289 nec
1221 2243 1390 2304 lignum
1410 2261 1492 2291 nec

103 2313 240 2357 herba
262 2312 468 2357 nascitur.

163 2385 353 2427 XXXII.
392 2385 503 2428 Sane
525 2397 615 2427 non
632 2391 697 2426 est
712 2381 985 2442 negligenter
1001 2385 1356 2443 praetereundum
1375 2387 1494 2448 quod

105 2453 273 2500 dictum
296 2463 360 2498 est
380 2472 389 2498 2
417 2456 509 2498 «Et
530 2453 641 2498 vidit
662 2456 776 2498 Deus
799 2454 944 2499 omnia
961 2471 1252 2518 quaecumque
1268 2457 1385 2514 fecit,
1402 2473 1491 2503 esse

155 2545 165 2562 ¹
189 2538 257 2571 Gal.
279 2548 311 2579 v,
331 2537 383 2580 24.
406 2553 447 2561 -
464 2544 477 2561 ²
494 2537 573 2570 Vide
597 2548 610 2570 1
635 2540 778 2573 Retract.
797 2549 869 2582 cap.
891 2551 924 2581 x,
943 2551 974 2572 n.
992 2549 1022 2573 2.
1037 2557 1078 2564 —-
1092 2539 1105 2564 3
1128 2543 1206 2575 Gen.
1228 2553 1253 2584 1,
1273 2543 1321 2576 30.
