1729 3143
231 207 315 246 562
677 218 710 245 s.
746 215 979 246 aucusnm
1013 221 1194 248 EPISGOPI

284 283 446 329 XXIV.
482 282 712 328 Summum
734 283 902 328 bonum
924 284 1119 340 omnino,
1143 294 1185 329 et
1203 300 1292 345 quo
1309 300 1397 330 esse
1414 295 1489 331 aut
1500 289 1611 347 cogi-

223 354 303 399 tari
323 351 476 396 melius
513 351 623 396 nihil
639 353 795 412 possit,
818 363 895 400 aut
914 353 1246 414 intelligendus,
1277 365 1352 401 aut
1372 356 1613 402 credendus

222 427 335 468 Deus
357 431 443 480 est,
467 423 503 469 si
529 422 810 484 blasphemiis
848 440 993 470 carere
1021 426 1273 484 cogitamus.
1310 427 1438 472 Ratio
1469 427 1614 488 aliqua

182 488 192 550 s
221 507 507 540 numerorum
526 493 679 540 violari
701 503 746 540 et
768 496 1030 541 commutari
1051 495 1173 542 nullo
1195 505 1323 556 pacto
1346 506 1509 557 potest,
1534 513 1615 542 nec

216 565 306 611 ulla
326 575 483 612 natura
503 565 703 628 qualibet
723 565 927 613 violentia
949 567 1158 624 effecerit,
1184 577 1234 613 ut
1254 577 1352 628 post
1375 584 1514 614 unum
1537 569 1614 629 qui

212 637 410 698 sequitur
426 652 651 694 numerUS,
670 653 761 683 non
779 637 918 698 duplo
937 639 977 684 ei
994 640 1213 685 concinat.
1241 642 1336 684 Hoc
1353 639 1614 685 commutari

211 707 336 753 nullo
356 717 487 768 pacto
507 717 674 769 potest,
708 718 752 754 et
785 712 902 754 Deus
931 725 956 755 a
989 711 1115 756 vobis
1145 710 1470 755 commutabilis
1499 710 1611 755 dici-

209 787 297 823 tur.
326 781 463 825 Tenet
482 779 564 825 ista
601 780 713 825 ratio
741 778 1040 825 inviolabilem
1081 782 1378 841 integritatem
1420 797 1542 826 suam
1571 791 1615 827 et

210 848 250 893 ei
270 848 425 895 saltem
451 864 604 909 parem
634 852 775 894 Deum
803 864 895 894 esse
918 865 1010 894 non
1036 851 1184 896 vultis.
1222 852 1371 896 Faciat
1403 850 1614 912 quaelibet

209 934 313 978 gens
333 919 636 976 tenebrarum,
661 928 712 964 ut
734 920 949 964 ternarius
977 920 1264 979 intelligibilis
1302 936 1541 976 numerus,
1566 922 1613 965 in

207 1005 298 1050 quo
318 990 379 1036 ita
401 1005 543 1036 unum
577 999 668 1047 est,
695 989 817 1051 quod
834 994 981 1035 'unum
1005 1000 1097 1046 est,
1134 1000 1184 1035 ut
1213 992 1410 1051 partibus
1439 1000 1612 1050 careat3

207 1058 339 1106 faciat
362 1077 467 1121 ergo
495 1077 599 1121 gens
621 1062 704 1107 ista
726 1062 1032 1118 tenebrarum,
1059 1071 1109 1107 ut
1133 1077 1342 1107 numerus
1368 1064 1446 1107 iste
1467 1072 1615 1108 terna-

206 1131 295 1176 rius
317 1131 364 1176 in
385 1131 494 1177 duas
523 1141 667 1192 partes
699 1131 891 1193 aequales
915 1132 1155 1179 dividatur.
1190 1132 1323 1178 Videt
1353 1142 1470 1178 certe
1490 1148 1613 1178 mens

206 1210 349 1247 vestra
369 1200 535 1247 nullius
551 1202 598 1247 id
617 1202 923 1249 malevolentia
938 1218 1064 1263 posse
1084 1203 1357 1263 contingere.
1380 1206 1490 1257 Quae
1509 1217 1610 1262 ergo

208 1272 424 1318 rationem
454 1272 628 1317 numeri
653 1273 813 1319 violare
841 1289 933 1319 non
953 1283 1147 1333 poterat,
1178 1282 1352 1332 poterat
1370 1275 1544 1318 Deum?
1566 1273 1612 1319 Si

206 1353 353 1389 autem
374 1359 466 1389 non
487 1353 659 1404 poterat
674 1380 685 1399 ‚
712 1361 813 1406 quae
833 1346 1013 1390 obsecro
1036 1344 1268 1390 necessitas
1293 1342 1379 1388 fuit
1396 1379 1407 1399 ,
1443 1353 1493 1388 ut
1514 1359 1610 1403 pars

179 1465 181 1467 ¹
207 1415 298 1474 ejus
321 1415 576 1461 misceretur
592 1415 709 1461 malo
726 1450 738 1471 ,
758 1424 802 1460 et
820 1416 866 1460 in
887 1425 1029 1461 tantas
1052 1416 1241 1460 miserias
1264 1414 1551 1460 truderetur?

265 1486 406 1529 XXV.
444 1485 557 1530 Hinc
580 1485 697 1529 enim
726 1484 838 1530 illud
860 1495 1059 1530 exortum
1082 1494 1146 1530 est
1162 1520 1173 1540 ,
1199 1486 1321 1545 quod
1352 1485 1485 1529 etiam
1506 1500 1606 1529 cum

207 1553 400 1600 studiose
420 1568 497 1600 vos
520 1554 773 1600 audiremus
791 1590 802 1611 ,
827 1571 906 1601 nos
928 1557 1095 1616 magnis
1116 1556 1346 1616 premebat
1369 1555 1604 1615 angustiis:

207 1640 289 1670 nec
306 1625 451 1671 ullum
472 1626 639 1671 exitum
659 1626 982 1687 reperiebamus
997 1663 1008 1683 ‚
1035 1637 1280 1688 quaerentes
1302 1628 1409 1688 quid
1438 1626 1609 1673 factura

207 1706 300 1743 erat
331 1699 423 1742 Deo
453 1712 558 1757 gens
587 1697 898 1754 tenebrarum,
930 1698 965 1743 si
996 1714 1098 1744 cum
1121 1714 1171 1743 ea
1203 1698 1341 1743 nollet
1363 1714 1464 1743 cum
1486 1707 1610 1744 tanta

208 1768 344 1827 partis
365 1782 455 1811 suae
472 1767 721 1811 calamitate
745 1783 955 1827 pugnare.
982 1769 1024 1813 Si
1040 1769 1157 1812 enim
1179 1784 1269 1813 non
1294 1778 1386 1813 erat
1410 1769 1609 1814 nocitura

211 1837 474 1897 quiescenti,
498 1836 735 1882 crudeliter
752 1837 981 1882 nobiscum
998 1848 1143 1882 actum
1168 1839 1461 1897 querebamur
1475 1840 1507 1894 ¹,
1532 1839 1608 1898 qui

213 1907 269 1953 ad
281 1908 382 1953 istas
399 1923 617 1953 aerumnas
630 1908 745 1953 missi
762 1923 926 1953 sumus.
949 1909 994 1953 Si
1013 1918 1157 1952 autem
1177 1909 1377 1952 nocitura
1391 1918 1498 1971 erat,
1519 1924 1610 1954 non

213 1993 304 2024 esse
320 1977 441 2023 illam
455 1987 659 2024 naturam
676 1978 1074 2038 incorruptibilem‚
1094 1978 1233 2039 qualis
1255 1987 1411 2023 natura
1427 1979 1504 2024 Dei
1520 1995 1610 2024 esse

214 2047 421 2095 debebat.
448 2051 501 2094 In
524 2050 607 2094 hac
634 2050 875 2111 quaestione
903 2065 994 2094 non
1026 2048 1168 2094 defuit
1196 2050 1273 2110 qui
1303 2049 1466 2095 diceret
1483 2086 1494 2106 ,
1519 2065 1609 2096 non

215 2123 355 2167 Deum
376 2119 492 2166 malo
513 2136 658 2166 carere
678 2121 866 2167 voluisse
881 2156 893 2177 ‚
919 2130 995 2166 aut
1009 2136 1064 2165 ne
1079 2120 1161 2165 sibi
1180 2126 1412 2166 noceretur
1427 2122 1604 2177 cavisse,

216 2191 294 2238 sed
314 2201 494 2253 propter
515 2192 760 2238 naturalem
783 2193 1025 2238 bonitatem
1053 2208 1174 2237 suam
1201 2193 1409 2252 inquietae
1432 2195 1607 2252 perver-

216 2277 364 2324 saeque
383 2272 578 2320 naturae‚
605 2273 655 2309 ut
672 2263 871 2309 ordinata
897 2272 1028 2319 esset,
1055 2263 1258 2323 prodesse
1279 2263 1478 2308 voluisse.
1510 2265 1608 2310 Non

217 2334 303 2380 hoc
323 2344 481 2381 sonant
502 2335 602 2380 libri
629 2335 886 2393 Manichaei3
910 2335 1068 2379 cavisse
1090 2337 1230 2378 Deum
1251 2349 1306 2378 ne
1329 2333 1606 2379 invaderetur

222 2406 277 2449 ab
299 2407 497 2452 hostibus
512 2443 523 2462 ‚
548 2407 777 2467 saepissime
798 2407 859 2451 ibi
875 2406 1154 2465 significatur,
1180 2404 1412 2466 saepissime
1429 2405 1600 2451 dicitur.

228 2477 311 2521 Sed
333 2479 621 2523 concedamus
638 2478 716 2523 ista
738 2478 1030 2523 Manichaeum
1048 2478 1240 2534 sensisse,
1265 2486 1316 2522 ut
1331 2475 1402 2523 ille
1415 2476 1601 2529 dicebat,

278 2565 285 2580 ¹
308 2560 387 2593 Vide
403 2561 545 2594 confess.
564 2561 609 2593 lib
624 2573 678 2602 vu,
697 2572 769 2604 cap.
790 2570 820 2593 2.
