1729 3143
222 196 305 234 472
642 204 674 231 s.
711 203 941 232 Atreus-nm
973 205 1176 233 EnscoPL

220 274 266 317 in
302 273 430 316 rebus
465 269 727 328 incorporeis
767 268 942 325 dicitur,
978 285 1109 330 quem
1131 270 1250 314 miris
1272 268 1409 315 modis
1429 271 1598 315 animus
1666 314 1667 318 ,
1710 276 1729 307 55³

221 343 380 402 patitur
407 338 645 398 cupiditate
666 348 710 383 et
731 338 1017 384 delectatione
1043 339 1298 384 mentiendi.
1324 339 1450 384 Unde
1470 340 1599 385 etiam
1715 333 1726 375 *ἒ

216 412 349 456 latine
363 408 459 453 salsi
480 408 700 463 dicuntur,
723 410 798 469 qui
815 411 950 469 jocari
972 419 1133 456 amant.
1161 414 1212 455 In
1223 410 1332 470 jocis
1353 419 1497 454 autem
1518 411 1601 455 uti-

216 495 302 541 que
319 479 536 523 simulatio
550 479 843 538 principatum
861 489 994 525 tenet.

273 551 436 594 XXIV.
472 552 624 610 Itaque
653 565 754 594 cum
784 550 1084 595 deambularet
1113 553 1227 595 Deus
1256 551 1302 594 in
1328 549 1528 610 paradiso
1549 550 1604 595 ad
1670 532 1673 582 ἶ
1717 568 1729 589 ε4

219 636 454 680 vesperam,
478 619 525 664 id
546 630 623 675 est,
649 636 750 666 cum
767 621 822 665 ad
839 637 911 666 eos
926 624 1018 683 jam
1035 621 1294 683 judicandos
1315 622 1500 677 veniret,
1524 621 1604 666 ad-
1672 643 1675 660 ι
1723 646 1725 650 -

217 693 303 737 huc
317 700 416 736 ante
430 706 603 748 poenam
621 706 787 747 eorum,
808 690 1120 737 deambulabat
1134 693 1180 736 in
1194 692 1435 752 paradiso1‚
1456 691 1502 736 id
1522 701 1602 747 est,

216 764 340 824 quasi
371 762 628 807 movebatur
658 763 704 806 in
732 763 789 806 eis
817 763 1047 821 praesentia
1078 763 1172 817 Dei,
1207 763 1385 824 quando
1413 764 1504 823 jam
1525 763 1606 822 ipsi

217 832 388 879 stabiles
405 833 450 877 in
469 833 561 893 ejus
573 842 792 892 praecepto
809 848 900 877 non
917 842 1062 889 erant,
1087 843 1130 878 et
1152 834 1263 878 bene
1286 834 1341 878 ad
1363 848 1608 893 vesperam,
1676 811 1679 844 ⁵

217 904 263 949 id
285 913 363 959 est,
388 919 489 948 cum
506 905 597 963 jam
615 904 668 946 ab
692 903 752 946 eis
770 903 835 946 sol
857 905 1091 958 occideret,
1118 904 1166 947 id
1182 915 1261 959 est,
1288 905 1532 949 auferretur
1553 905 1607 948 ab

220 976 277 1020 eis
311 974 387 1018 lux
417 973 489 1018 illa
523 972 703 1017 interior
725 972 942 1017 veritatis:
970 972 1204 1018 audierunt
1236 989 1389 1019 vocem
1424 976 1531 1034 ejus,
1569 983 1612 1019 et

221 1043 543 1090 absconderunt
575 1057 618 1086 se
647 1058 668 1086 a
699 1051 935 1102 conspectu
970 1043 1077 1102 ejus.
1116 1044 1222 1096 Quis
1253 1059 1297 1087 se
1329 1043 1556 1088 abscondit
1587 1060 1611 1088 a

221 1122 458 1174 conspectu
471 1113 563 1167 Dei,
581 1112 660 1157 nisi
675 1113 751 1172 qui
764 1111 934 1157 deserto
948 1113 1042 1172 ipso
1056 1113 1209 1172 incipit
1221 1114 1311 1173 jam
1328 1130 1471 1158 amare
1491 1112 1611 1174 quod

221 1200 349 1230 suum
384 1185 476 1228 est?
512 1185 610 1227 Jam
632 1182 748 1227 enim
770 1183 994 1228 habebant
1024 1184 1345 1243 cooperimenta
1367 1183 1608 1228 mendacii:

222 1256 297 1316 qui
326 1263 471 1299 autem
493 1253 689 1313 loquitur
712 1254 1005 1309 mendacium,
1029 1254 1083 1298 de
1105 1269 1183 1298 suo
1203 1253 1412 1314 loquitur.
1437 1257 1494 1298 Et
1515 1254 1613 1298 ideo

223 1327 278 1372 ad
309 1325 508 1370 arborem
543 1339 585 1368 se
620 1324 829 1368 dicuntur
858 1325 1145 1379 abscondere,
1169 1340 1268 1384 quae
1291 1334 1380 1369 erat
1398 1326 1444 1368 in
1470 1325 1614 1369 medio

223 1396 425 1458 paradisi,
443 1395 489 1439 id
506 1404 585 1449 est,
604 1395 658 1439 ad
673 1410 716 1438 se
734 1395 864 1453 ipsos,
881 1395 956 1454 qui
972 1394 1018 1438 in
1034 1394 1177 1439 medio
1189 1410 1333 1439 rerum
1349 1395 1463 1439 infra
1475 1398 1616 1439 Deum

224 1478 268 1513 et
289 1483 418 1527 supra
437 1481 617 1525 corpora
637 1466 826 1510 ordinati
849 1474 986 1510 erant.
1009 1468 1125 1523 Ergo
1143 1465 1198 1510 ad
1219 1481 1262 1510 se
1286 1466 1400 1525 ipsos
1430 1466 1616 1510 abscon-

225 1539 384 1584 derunt
416 1554 476 1593 se,
512 1547 562 1582 ut
596 1537 963 1582 conturbarentur
995 1537 1158 1581 miseris
1191 1537 1426 1593 erroribus,
1464 1537 1618 1582 relicto

226 1612 392 1656 lumine
421 1610 625 1664 veritatis,
652 1609 771 1670 quod
793 1609 874 1669 ipsi
897 1624 986 1654 non
1005 1617 1142 1653 erant.
1167 1609 1383 1668 Particeps
1405 1609 1519 1652 enim
1540 1624 1618 1653 ve-

228 1682 363 1727 ritatis
380 1690 626 1741 potestesse
645 1680 786 1724 anima
801 1680 1015 1724 humana:
1033 1679 1124 1739 ipsa
1150 1688 1295 1723 autem
1321 1679 1476 1724 veritas
1501 1681 1615 1723 Deus

229 1761 292 1796 est
319 1749 688 1796 incommutabilis
709 1765 840 1808 supra
863 1749 997 1792 illam.
1025 1750 1094 1793 Ab
1114 1764 1163 1792 ea
1183 1764 1284 1808 ergo
1304 1750 1485 1793 veritate
1500 1749 1619 1808 quis-

231 1822 328 1883 quis
350 1835 522 1866 aversus
545 1829 624 1875 est,
649 1828 692 1863 et
713 1818 769 1863 ad
790 1834 834 1863 se
852 1819 995 1878 ipsum
1012 1834 1259 1874 conversus,
1287 1828 1329 1863 et
1351 1835 1440 1864 non
1457 1818 1511 1863 de
1528 1835 1623 1864 rec-

233 1902 325 1937 tore
359 1901 491 1950 atque
523 1889 787 1934 illustratore
820 1892 932 1943 Deo,
968 1889 1042 1933 sed
1075 1888 1130 1933 de
1161 1890 1246 1933 suis
1278 1890 1468 1934 motibus
1500 1890 1624 1950 quasi

233 1962 378 2008 liberis
400 1961 579 2014 exultat,
605 1960 857 2005 tenebratur
879 1960 1134 2017 mendacio,
1157 1961 1365 2020 quoniam
1388 1961 1464 2020 qui
1480 1961 1626 2021 loqui-

234 2043 306 2078 tur
326 2032 626 2086 mendacium,
662 2031 716 2074 de
739 2045 816 2075 suo
838 2028 1035 2090 loquitur
1054 2049 1062 2075 2
1089 2039 1221 2090 atque
1243 2031 1302 2075 ita
1321 2031 1543 2086 turbatur,
1583 2040 1627 2076 et

236 2118 386 2149 vocem
411 2101 533 2146 illam
567 2101 797 2160 Prophetae
818 2100 1081 2155 manifestat,
1106 2116 1191 2160 qua
1209 2100 1376 2145 dictum
1400 2110 1491 2146 est:
1517 2120 1536 2143 «
1558 2101 1628 2146 Ad

239 2194 259 2217 »
295 2190 365 2218 me
382 2175 525 2234 ipsum
545 2173 688 2217 anima
705 2186 801 2215 mea
823 2172 996 2216 turbata
1018 2174 1127 2216 est2.
1151 2190 1172 2214 n
1191 2174 1345 2232 Itaque
1371 2173 1461 2233 jam
1489 2173 1627 2217 inter-

239 2254 415 2304 rogatur
434 2245 590 2298 Adam,
622 2259 712 2287 non
734 2245 824 2287 Deo
846 2243 1062 2287 nesciente
1084 2242 1159 2286 ubi
1184 2251 1308 2298 esset,
1342 2241 1417 2286 sed
1446 2251 1629 2302 cogente

243 2315 297 2359 ad
327 2313 639 2360 confessionem
671 2313 835 2372 peccati
865 2331 874 2356 :
908 2328 998 2357 non
1032 2312 1147 2356 enim
1182 2321 1226 2357 et
1260 2313 1470 2358 Dominus
1506 2316 1629 2357 Jesus

244 2385 440 2430 Christus
454 2394 542 2429 tam
559 2383 711 2437 multa,
733 2398 833 2444 quae
850 2382 1162 2441 interrogabat,
1182 2383 1414 2428 nesciebat.
1433 2387 1629 2442 Respon-

246 2453 309 2498 dit
327 2464 471 2499 autem
482 2469 588 2499 voce
602 2455 694 2513 ejus
710 2453 873 2508 audita,
894 2452 1167 2498 abscondisse
1185 2468 1244 2509 se,
1264 2453 1471 2513 quoniam
1486 2452 1630 2497 nudus

299 2544 307 2559 ¹
328 2540 406 2570 Gen.
428 2550 478 2577 πη,
497 2539 530 2571 8.
547 2554 588 2561 —·
604 2545 616 2560 2
637 2538 717 2570 Psal.
738 2549 802 2578 xm,
825 2546 855 2576 7.
