1729 3143
318 242 401 271 ΜΒ.
437 242 467 269 1.
503 242 557 269 ΒΕ
588 243 773 270 moninus
806 241 1004 269 aceres-m
1034 239 1292 268 cunonem.
1408 226 1491 266 503

118 321 207 352 non
238 306 548 366 possessionem
577 321 698 352 suam
728 314 854 350 terrae
884 303 1072 365 quadam
1104 302 1313 364 particula
1345 304 1496 347 termi-

116 387 309 422 nantem.
335 379 387 421 In
409 378 485 421 has
506 377 623 421 enim
645 386 776 437 atque
794 374 1044 435 hujusmodi
1065 389 1200 432 nugas
1219 373 1405 433 graviter
1426 387 1500 418 co-

115 448 337 508 piosaeque
361 447 507 490 invehi
539 446 698 492 soletis.
740 448 884 499 Quare
920 461 999 490 nos
1029 445 1217 490 invectio
1249 452 1388 490 vestra
1409 457 1502 488 non

116 518 254 575 tangit
273 537 284 575 3
307 515 382 560 sed
403 517 537 561 aniles
553 516 762 578 quasdam
779 550 790 570 ‚
814 516 884 560 vel
906 517 1036 560 etiam
1055 514 1239 574 pueriles
1256 514 1498 573 opiniones,

116 603 169 633 eo
189 587 401 646 ineptiore
421 621 432 642 ,
466 603 555 647 quo
575 585 898 632 vehementiore
919 584 1112 630 oratione
1133 583 1385 644 pervellitis.
1407 585 1504 637 Qua

115 658 311 719 quisquis
332 666 533 702 movetur
555 667 599 702 et
624 657 681 702 ad
701 671 777 701 vos
799 655 981 710 transit,
1005 670 1096 699 non
1116 653 1320 700 Ecclesiae
1341 664 1502 700 nostrae

116 728 295 774 damnat
315 727 588 787 disciplinam
602 763 614 784 ‚
637 726 713 772 sed
729 742 825 772 eam
841 741 885 771 se
905 727 1104 785 ignorare
1124 725 1408 770 demonstrat.

173 801 317 844 XVII.
355 799 648 851 Quamobrem
675 798 709 842 si
739 796 847 858 quid
879 796 1061 841 humani
1097 794 1229 840 corde
1267 796 1438 854 geritis,
1469 795 1505 840 si

114 885 228 914 curae
255 868 380 914 vobis
411 870 661 924 vosmetipsi
687 870 787 910 estis
802 901 813 922 ‚
838 865 1020 925 quaerite
1041 866 1186 925 potius
1207 865 1440 925 diligenter
1460 876 1504 913 et

114 940 185 999 pie
212 936 436 998 quomodo
465 936 540 980 illa
571 936 788 980 dicantur.
824 937 1016 989 Quaerite
1048 936 1221 981 miserit
1246 951 1348 980 nam
1369 937 1503 981 talem

114 1008 246 1053 fidem
266 1042 277 1062 ,
302 1021 389 1066 qua
406 1009 497 1051 Deo
513 1006 824 1051 inconveniens
846 1005 1011 1066 aliquid
1030 1006 1222 1051 creditur
1238 1040 1249 1061 ‚
1274 1020 1354 1050 nos
1375 1007 1506 1051 vehe-

114 1077 302 1122 mentius
324 1085 367 1120 et
393 1076 572 1120 uberius
600 1091 852 1121 accusamus
873 1095 883 1122 :
908 1090 1010 1120 nam
1033 1084 1075 1120 et
1099 1075 1145 1120 in
1165 1074 1248 1120 illis
1269 1091 1368 1136 quae
1389 1075 1505 1122 dicta

114 1157 243 1203 sunt,
268 1161 369 1191 cum
396 1147 456 1191 sic
477 1145 784 1206 intelliguntur
811 1155 862 1191 ut
883 1145 1026 1191 littera
1050 1154 1202 1201 sonat,
1226 1154 1270 1190 et
1291 1146 1504 1206 simplici-

115 1228 248 1264 tatem
279 1217 535 1276 corrigimus
553 1252 564 1272 ,
604 1227 648 1262 et
683 1218 966 1277 pertinaciam
1007 1217 1269 1262 deridemus·
1318 1219 1375 1262 Et
1418 1217 1502 1264 alia

113 1289 252 1334 multa
267 1324 279 1345 ,
304 1304 405 1349 quae
423 1303 500 1334 vos
516 1287 758 1347 intelligere
774 1303 865 1333 non
882 1287 1059 1347 potestis
1070 1322 1082 1343 ‚
1107 1296 1225 1333 vetat
1241 1302 1313 1334 eos
1327 1287 1505 1335 credere

114 1359 328 1405 catholica
350 1358 578 1418 disciplina
594 1393 606 1414 ,
630 1358 706 1419 qui
737 1373 827 1404 non
848 1358 972 1404 annis
988 1393 1000 1414 ,
1024 1357 1099 1403 sed
1121 1358 1267 1403 studio
1288 1367 1419 1418 atque
1435 1359 1503 1404 in-

114 1429 294 1475 tellectu
315 1429 573 1474 excedentes
593 1428 828 1488 quamdam
849 1428 1007 1473 mentis
1026 1428 1257 1488 pueritiam
1274 1463 1286 1484 ‚
1310 1429 1357 1472 in
1372 1444 1503 1475 canos

113 1500 335 1560 sapientiae
355 1498 683 1560 promoventur.
709 1501 816 1545 Nam
834 1507 878 1543 et
892 1498 1069 1543 credere
1087 1501 1224 1543 Deum
1241 1498 1339 1544 loco
1355 1498 1504 1560 aliquo

113 1572 312 1633 quamvis
333 1571 528 1626 infinito,
554 1586 628 1628 per
651 1569 908 1630 quantitatis
928 1584 1221 1630 quaecumque
1238 1570 1373 1628 spatia
1393 1585 1504 1616 con-

112 1644 241 1688 tineri
260 1677 271 1697 ,
295 1658 427 1703 quam
451 1643 505 1687 sit
526 1642 709 1687 stultum
738 1642 922 1686 docetur
947 1660 956 1686 :
987 1650 1030 1686 et
1059 1641 1114 1685 de
1134 1640 1233 1686 loco
1254 1641 1300 1685 in
1320 1641 1467 1687 locum
1485 1676 1499 1699 ‚

110 1714 181 1759 vel
201 1714 375 1773 ipsum,
399 1712 468 1757 vel
491 1712 680 1773 aliquam
705 1714 800 1773 ejus
821 1721 990 1772 partem
1014 1713 1180 1757 moveri
1201 1721 1332 1773 atque
1357 1721 1500 1757 trans-

110 1785 190 1840 ire,
207 1784 406 1829 arbitrari
423 1782 543 1828 nefas
560 1783 762 1829 habetur.
788 1785 813 1827 J
817 1797 991 1828 amvero
1008 1782 1175 1843 aliquid
1193 1783 1283 1842 ejus
1300 1783 1498 1829 substan-

111 1856 183 1900 tiae
205 1863 336 1915 atque
355 1863 525 1899 naturae
545 1854 935 1899 commutationem
956 1854 1026 1898 vel
1042 1854 1369 1899 conversionem
1384 1870 1499 1915 quo-

110 1926 220 1971 libet
248 1926 381 1970 modo
409 1926 499 1984 pati
532 1940 655 1982 posse
686 1925 719 1968 si
741 1925 838 1984 quis
858 1925 1061 1984 opinetur
1077 1959 1089 1980 ,
1118 1925 1239 1969 mirae
1266 1924 1499 1971 dementiae

111 1997 431 2057 impietatisque
448 1996 730 2041 damnabitur
751 2014 760 2041 :
780 1995 840 2040 ita
856 1997 906 2040 fit
925 2004 975 2040 ut
992 1995 1110 2055 apud
1127 2011 1206 2041 nos
1221 1996 1499 2042 inveniantur

109 2069 234 2129 pueri
257 2068 435 2128 quidam
450 2102 461 2121 ‚
487 2068 563 2127 qui
581 2067 776 2111 humana
798 2065 936 2111 forma
960 2069 1100 2111 Deum
1122 2067 1314 2125 cogitent
1329 2102 1341 2123 ‚
1366 2076 1498 2129 atque

109 2140 168 2184 ita
203 2154 248 2184 se
276 2138 440 2183 habere
476 2138 777 2197 suspicentur3
801 2153 889 2197 qua
911 2137 1116 2197 opinione
1139 2138 1249 2183 nihil
1269 2147 1333 2182 est
1353 2138 1499 2199 abjec-

110 2212 222 2255 tius:
247 2209 324 2254 sed
342 2209 622 2254 inveniantur
641 2209 747 2254 item
771 2208 897 2253 multi
919 2223 1066 2263 senes,
1092 2209 1169 2269 qui
1191 2209 1282 2269 ejus
1298 2209 1496 2269 majesta-

110 2292 198 2328 tem
215 2317 227 2338 ‚
252 2297 342 2327 non
357 2281 498 2326 solum
512 2296 641 2340 super
656 2281 899 2325 humanum
916 2294 1073 2340 corpus
1093 2315 1104 2335 ‚
1127 2280 1200 2324 sed
1220 2280 1351 2325 etiam
1366 2294 1496 2340 super

107 2355 244 2414 ipsam
266 2363 458 2398 mentem
486 2368 660 2398 manere
682 2351 980 2397 inviolabilem
1001 2361 1133 2412 atque
1155 2351 1494 2398 incommutabi-

108 2423 218 2479 lem,
248 2424 400 2468 eadem
434 2425 526 2483 ipsa
563 2431 710 2467 mente
743 2422 1023 2483 conspiciant.
1060 2424 1176 2476 Quas
1202 2431 1349 2467 aetates
1362 2457 1375 2478 ‚
1404 2437 1494 2467 non

110 2503 333 2554 tempore,
357 2492 432 2538 sed
462 2495 621 2539 virtute
649 2502 779 2554 atque
808 2492 1037 2553 prudentia
1066 2491 1370 2537 discernendas
1402 2507 1493 2537 esse

105 2566 195 2625 jam
214 2566 381 2611 dictum
402 2574 480 2612 est.
506 2565 636 2625 Apud
658 2580 734 2611 vos
756 2573 902 2610 autem
928 2578 1057 2610 nemo
1076 2563 1256 2624 quidem
1277 2564 1490 2625 reperitur
