1729 3143
594 222 648 250 nn
677 221 846 260 anunm,
875 221 958 250 un.
993 221 1042 249 11.
1429 207 1509 250 471

134 288 258 348 quasi
283 287 517 334 invidentis
548 287 630 332 sibi
655 302 711 332 ne
734 301 778 332 se
804 286 887 345 ipsi
908 292 1121 343 regerent,
1151 297 1242 328 non
1272 282 1518 343 indigentes

132 358 250 403 illius
283 359 455 404 interno
481 358 668 413 lumine,
705 356 782 402 sed
816 364 990 400 utentes
1021 353 1194 414 propria
1226 352 1515 413 providentia,

134 430 256 491 quasi
273 430 407 474 oculis
422 431 509 474 suis
524 430 578 474 ad
595 425 938 486 dignoscendum
950 426 1118 471 bonum
1133 433 1177 470 et
1189 423 1372 481 malum,
1397 425 1518 486 quod

134 499 207 544 ille
233 499 552 559 prohibuisset?
574 502 668 544 Hoc
695 506 759 542 est
792 511 895 555 ergo
923 497 1045 557 quod
1070 510 1324 556 persuasum
1356 505 1436 552 est,
1468 505 1520 541 ut

132 584 256 613 suam
282 578 541 628 potestatem
572 568 699 613 nimis
730 575 941 622 amarent,
968 575 1012 610 et
1037 581 1140 610 cum
1173 569 1265 610 Deo
1285 580 1375 610 esse
1395 581 1519 625 pares

132 638 310 695 vellent,
345 639 418 684 illa
448 639 697 693 medietate,
721 652 798 697 per
819 651 952 697 quam
979 638 1071 680 Deo
1096 635 1279 695 subjecti
1299 643 1439 692 erant,
1478 645 1522 682 et

133 726 315 770 corpora
331 711 525 770 subjecta
540 710 780 763 habebant,
798 717 1010 768 tanquam
1025 705 1171 750 fructu
1185 707 1350 751 arboris
1363 708 1522 752 consti—

132 789 241 825 tutae
260 781 307 824 in
329 779 473 824 medio
497 778 698 838 paradisi,
724 777 836 822 male
857 786 1100 832 uterentur,
1120 776 1167 820 id
1183 785 1261 832 est,
1287 786 1438 822 contra
1454 777 1522 822 le-

133 865 228 908 gem
260 850 365 894 Dei:
392 858 523 910 atque
543 850 602 894 ita
623 847 745 908 quod
771 856 1027 907 acceperant
1057 847 1322 903 amitterent,
1347 848 1455 892 dum
1476 849 1524 893 id

131 920 253 983 quod
274 937 363 966 non
388 929 659 979 acceperant,
685 934 895 978 usurpare
916 919 1168 962 voluerunt.
1194 920 1292 963 Non
1308 919 1426 962 enim
1447 934 1522 964 ac-

131 993 246 1051 cepit
280 991 466 1035 hominis
501 998 673 1044 natura,
707 998 758 1033 ut
789 1004 866 1048 per
896 1003 1017 1033 suam
1038 996 1298 1047 potestatem
1319 991 1410 1034 Deo
1431 1005 1522 1034 non

131 1071 308 1121 regente
320 1063 445 1106 beata
458 1061 538 1106 sit:
559 1061 661 1121 quia
674 1059 795 1104 nulla
815 1068 1008 1119 regente,
1028 1074 1106 1119 per
1122 1073 1246 1104 suam
1262 1068 1521 1119 potestatem

132 1132 286 1177 beatus
303 1147 392 1176 esse
410 1131 526 1176 solus
542 1134 657 1175 Deus
674 1139 831 1190 potest.

192 1205 363 1247 XXIII.
403 1221 425 1244 «
458 1205 515 1246 Et
548 1202 673 1257 vidit,
714 1202 872 1261 inquit,
908 1200 1084 1256 mulier,
1121 1199 1224 1260 quia
1255 1199 1424 1245 bonum
1460 1211 1525 1246 est

135 1292 156 1315 n
190 1272 358 1331 lignum
380 1271 436 1317 ad
459 1287 627 1319 escam:
653 1281 697 1316 et
724 1272 826 1331 quia
843 1272 1010 1316 bonum
1029 1280 1093 1315 est
1115 1269 1252 1316 oculis
1284 1269 1340 1314 ad
1369 1270 1523 1317 viden-

136 1362 158 1386 »
193 1344 301 1389 dum
323 1353 366 1388 et
387 1343 755 1402 cognoscendum.
785 1362 804 1385 »
829 1342 1062 1396 Quomodo
1097 1342 1290 1397 videbat,
1322 1343 1358 1387 si
1389 1342 1523 1389 clausi

134 1423 258 1460 erant
287 1413 430 1459 oculi?
466 1413 549 1459 Sed
580 1415 664 1459 hoc
701 1415 866 1459 dictum
895 1423 974 1469 est,
1009 1423 1060 1458 ut
1087 1412 1426 1471 intelligeremus
1448 1430 1520 1460 eos

132 1485 282 1532 oculos
296 1500 385 1530 esse
400 1494 585 1545 apertos,
603 1494 884 1545 posteaquam
903 1484 957 1529 de
974 1484 1124 1529 fructu
1136 1483 1213 1529 illo
1225 1494 1489 1544 acceperunt
1507 1521 1518 1541 ,

131 1557 292 1618 quibus
325 1571 369 1600 se
399 1555 540 1600 nudos
572 1556 805 1611 videbant,
831 1565 875 1600 et
899 1555 1187 1615 displicebant
1218 1556 1322 1611 sibi,
1360 1555 1407 1600 id
1433 1566 1519 1613 est,

131 1627 283 1672 oculos
314 1627 502 1682 astutiae,
536 1626 694 1686 quibus
726 1626 976 1686 simplicitas
1013 1626 1227 1685 displicet.
1262 1628 1375 1671 Cum
1403 1628 1522 1671 enim

131 1698 318 1757 quisque
331 1695 536 1741 ceciderit
553 1696 608 1740 ab
630 1696 703 1740 illa
719 1696 872 1740 intima
888 1705 931 1740 et
948 1696 1227 1740 secretissima
1247 1695 1346 1741 luce
1362 1696 1521 1742 verita-

131 1768 201 1822 tis,
223 1766 333 1811 nihil
355 1777 420 1812 est
440 1767 559 1811 unde
579 1766 685 1811 velit
701 1766 872 1826 placere
891 1766 1109 1826 superbia,
1130 1766 1212 1811 nisi
1233 1765 1522 1812 fraudulentis

132 1836 495 1882 simulationibus.
528 1838 640 1882 Hinc
665 1837 782 1881 enim
813 1845 856 1881 et
882 1836 1119 1894 hypocrisis
1139 1838 1344 1892 nascitur,
1367 1837 1414 1881 in
1434 1852 1521 1898 qua

131 1908 324 1953 multum
346 1908 429 1953 sibi
448 1907 655 1952 videntur
675 1906 856 1962 cordati,
875 1907 954 1967 qui
973 1907 1198 1967 potuerint
1215 1906 1368 1952 fallere
1387 1917 1430 1952 et
1443 1907 1520 1952 de-

132 1979 276 2037 cipere
311 1992 444 2037 quem
477 1976 710 2022 voluerint.
737 1977 867 2021 Dedit
901 1977 1018 2021 enim
1044 1977 1201 2021 mulier
1227 1978 1322 2022 viro
1346 1992 1442 2033 suo,
1478 1987 1522 2023 et

119 2049 525 2102 manducaverunt,
540 2057 584 2092 et
599 2048 736 2107 aperti
750 2056 852 2092 sunt
867 2047 984 2092 oculi
999 2063 1169 2103 eorum,
1188 2049 1243 2092 de
1257 2048 1418 2109 quibus
1428 2049 1520 2109 jam

132 2118 301 2164 dictum
322 2127 407 2176 est,
432 2127 475 2162 et
496 2127 602 2162 tunc
617 2117 826 2162 viderunt
846 2117 967 2178 quod
984 2119 1093 2163 nudi
1115 2127 1272 2174 essent,
1291 2117 1367 2163 sed
1385 2118 1521 2164 oculis

132 2189 360 2250 perversis,
396 2188 555 2249 quibus
588 2188 662 2233 illa
695 2188 943 2248 simplicitas
974 2205 1076 2249 quae
1097 2188 1306 2234 nuditatis
1343 2191 1522 2234 nomine

133 2260 372 2318 significata
394 2269 473 2314 est,
498 2258 793 2303 erubescenda
813 2259 1059 2304 videbatur.
1088 2262 1242 2320 Itaque
1263 2269 1313 2304 ut
1328 2260 1418 2320 jam
1432 2275 1523 2305 non

54 2391 58 2394 ι
133 2339 276 2375 essent
309 2329 539 2390 simplices,
576 2328 776 2373 fecerunt
797 2328 852 2373 de
874 2328 987 2374 foliis
1008 2330 1079 2374 fici
1109 2330 1188 2374 sibi
1218 2330 1517 2387 succinctoria,

133 2397 344 2461 tanquam
376 2409 569 2460 tegentes
600 2399 806 2459 pudenda
828 2415 921 2455 sua,
944 2400 991 2444 id
1013 2409 1091 2456 est,
1116 2400 1385 2446 occultantes
1412 2402 1517 2446 sim-

135 2471 374 2531 plicitatem
390 2506 401 2527 ,
455 2472 511 2515 de
544 2486 631 2530 qua
667 2472 757 2530 jam
795 2470 1076 2515 erubescebat
1122 2480 1263 2516 astuta
1300 2472 1515 2531 superbia.

135 2540 257 2586 Folia
278 2556 380 2587 vero
400 2540 471 2585 fici
492 2540 709 2600 pruritum
725 2539 958 2599 quemdam
979 2541 1236 2598 significant,
1258 2542 1291 2586 si
1307 2542 1391 2586 hoc
1407 2541 1519 2586 bene
