1729 3143
549 184 603 210 ΒΕ
633 181 809 210 οΑΝΤΙοο
840 184 968 211 novo.
1357 177 1374 212 1
1385 175 1438 215 25

65 246 301 305 susciperet
321 255 581 292 vetustatem
603 257 723 292 tuam
739 282 749 300 ,
774 248 1038 306 resurgendo
1060 246 1306 293 ostenderet
1321 252 1446 295 novi-

65 325 199 361 tatem
220 325 341 361 tuam
360 351 371 371 ,
397 317 671 362 ascendendo
693 317 885 361 firmaret
905 317 1145 362 claritatem
1166 328 1287 363 tuam
1305 321 1323 362 Ρ
1357 322 1445 363 Ve-

64 395 154 430 tera
193 388 454 431 transierunt
481 406 489 431 :
514 402 613 445 quae
643 395 787 430 vetera
826 387 1123 432 transierunt?
1153 389 1283 441 Quod
1319 389 1446 433 eratis

61 455 137 499 filii
170 455 310 500 Adam
326 491 337 512 ‚
361 456 439 500 filii
468 455 676 501 carnales.
702 458 821 500 Nova
851 467 1120 502 accesserunt
1144 476 1152 502 :
1177 474 1276 518 quae
1297 462 1446 503 nova?

59 526 190 578 Quod
217 526 438 570 efficimini
471 525 547 569 filii
576 525 680 579 Dei,
710 524 787 568 filii
815 525 1040 584 spiritales.
1076 529 1233 571 Vetera
1262 529 1444 572 transie-

59 605 161 640 runt
177 630 188 650 ‚
215 605 328 639 terra
352 596 478 639 eratis
505 614 513 639 2
539 597 652 639 Ecce
676 594 790 639 facta
814 604 916 638 sunt
938 609 1050 639 nova
1070 630 1080 650 ‚
1113 596 1213 639 coeli
1225 599 1316 656 jam
1337 614 1445 657 pene

56 665 200 709 effecti
212 665 326 708 estis.
358 683 378 706 «
399 664 510 709 Coeli
526 664 641 708 enim
657 673 861 708 enarrant
878 663 1058 722 gloriam
1076 665 1155 708 Dei
1170 667 1200 709 ¹.
1221 683 1240 707 »
1262 669 1358 712 Non
1373 684 1447 712 vo.

52 734 120 778 bis
133 734 398 793 impossibile
410 734 608 778 videatur
624 769 635 789 ‚
653 733 772 794 quod
789 750 888 778 cum
904 734 993 778 sitis
1009 743 1230 779 terrestres
1246 770 1257 790 ‚
1284 736 1446 780 efficia-

48 804 163 850 mini
185 803 395 848 coelestes.
428 807 490 848 De
523 813 636 848 terra
668 820 757 848 non
785 804 890 849 facit
910 803 1073 849 coelum
1093 839 1104 861 ,
1129 806 1205 865 qui
1228 806 1284 849 de
1306 807 1444 852 nihilo

52 873 157 918 fecit
178 882 335 918 terram
359 882 402 917 et
428 874 623 918 coelum?
644 876 802 918 Vetera
823 875 1089 919 transierunt
1104 910 1116 930 ‚
1137 875 1304 935 lapides
1325 877 1445 921 cole-

52 945 166 988 batis
189 963 198 988 :
225 946 346 990 Nova
367 954 638 989 accesserunt
661 981 671 1001 ‚
708 949 848 990 Deum
878 961 1030 990 verum
1049 946 1253 991 adoratis.
1287 950 1445 992 Vetera

53 1015 343 1070 transierunt,
369 1016 538 1060 transiit
557 1017 797 1061 mortalitas
824 1036 833 1061 ;
863 1020 984 1062 Nova
1013 1027 1288 1062 accesserunt
1304 1053 1316 1072 ‚
1341 1034 1445 1077 pro-

50 1085 177 1126 missa
195 1091 259 1124 est
275 1082 590 1125 immortalitas.
616 1084 774 1125 Vetera
791 1086 1073 1136 transierunt,
1098 1091 1286 1141 perierat
1303 1091 1445 1133 omnis

51 1166 151 1195 caro
172 1167 249 1210 per
272 1149 498 1194 mulierem
522 1149 652 1193 simul
669 1165 770 1193 cum
791 1150 884 1193 viro
903 1159 1112 1208 peccante
1134 1171 1142 1196 z
1164 1154 1285 1198 Nova
1302 1170 1444 1200 acces-

50 1229 226 1274 serunt,
252 1228 447 1278 reparata
469 1228 532 1262 est
563 1234 662 1262 caro
684 1220 776 1262 sine
803 1220 896 1262 viro
927 1219 1092 1277 virgine
1114 1222 1324 1280 pariente.
1351 1228 1442 1270 Ve-

51 1302 141 1337 tera
162 1291 425 1335 transierunt
443 1324 453 1343 ,
487 1290 655 1332 transiit
685 1290 804 1348 regio
824 1292 1049 1334 vetustatis
1076 1310 1084 1335 :
1109 1293 1230 1337 Nova
1253 1309 1442 1341 accesse-

49 1371 181 1415 runt,
216 1359 410 1404 succedit
444 1358 682 1402 Jerusalem
710 1359 860 1403 civitas
893 1359 1082 1404 coelestis
1117 1363 1334 1409 novitatis.
1373 1367 1441 1411 Ad

50 1434 163 1476 hanc
181 1431 396 1475 civitatem
420 1444 578 1472 novam
601 1429 825 1486 pervenire
848 1430 1004 1487 cupitis
1019 1464 1030 1485 ‚
1054 1432 1132 1489 qui
1154 1434 1331 1480 nomina
1348 1451 1442 1481 ves·

52 1512 114 1546 tra
136 1498 448 1545 conscribenda
471 1497 663 1542 dedistis,

110 1575 168 1616 II.
205 1572 308 1625 Eia,
334 1569 485 1613 fratres
515 1569 621 1624 mei,
655 1569 857 1614 ardenter
892 1571 1185 1619 desideremus
1217 1579 1438 1636 propriam

49 1642 231 1702 patriam
257 1660 264 1685 :
292 1640 682 1699 peregrinationem
715 1640 841 1683 istam
858 1675 868 1695 ,
899 1658 998 1701 quae
1028 1658 1105 1687 nos
1138 1645 1194 1687 ab
1221 1660 1269 1690 ea
1292 1648 1438 1695 adhuc

47 1713 228 1766 detinet,
254 1709 504 1763 toleremus,
531 1725 620 1753 non
644 1724 864 1755 amemus:
884 1709 1139 1756 festinemus
1156 1722 1318 1761 tamen.
1339 1720 1438 1764 Non

45 1792 110 1827 est
124 1796 259 1842 quare
276 1780 346 1824 hic
363 1790 474 1824 stare
491 1799 500 1823 ε
519 1794 599 1823 nec
617 1780 785 1823 invenis
799 1781 843 1823 in
863 1780 1040 1837 saeculo,
1057 1785 1177 1843 quod
1189 1787 1281 1845 jam
1300 1789 1436 1846 possis

45 1867 203 1897 amare.
218 1855 313 1910 Ipse
331 1852 446 1895 enim
463 1865 583 1894 amor
598 1859 844 1909 parentum,
866 1852 1119 1911 conjugum,
1140 1855 1347 1912 filiorum,
1364 1859 1434 1903 fa·
1485 1894 1494 1905 ,,

47 1922 258 1968 cultatum
280 1957 290 1977 ‚
315 1931 391 1967 aut
407 1937 615 1980 magnum
634 1921 898 1980 quibusdam
920 1922 1196 1970 incusserunt
1211 1927 1406 1974 laborem
1419 1965 1430 1986 ,
1467 1919 1469 1921 .

46 2003 122 2038 aut
149 2008 358 2051 magnum
388 1993 564 2051 pariunt
591 1993 789 2036 timorem
809 2011 817 2036 :
835 2008 924 2036 non
957 2003 1022 2037 est
1051 2011 1186 2054 quare
1208 1998 1279 2042 hic
1301 2008 1429 2044 stare.

45 2062 203 2108 Melius
220 2062 336 2105 enim
357 2061 604 2106 festinando
627 2063 869 2121 appetimus
892 2064 1168 2122 sempiterna,
1202 2083 1335 2127 quam
1360 2070 1432 2114 hic

45 2132 315 2182 remanendo
334 2132 478 2176 saeculi
495 2147 573 2175 nos
586 2133 884 2190 apprehendat
902 2134 1040 2179 ruina.
1060 2140 1354 2196 Praeparemus
1371 2141 1431 2184 si·-

45 2205 241 2258 tarciam‚
258 2203 633 2262 apprehendamus
643 2210 685 2244 et
699 2204 979 2248 ascendamus
992 2221 1144 2251 navem
1156 2208 1288 2253 fidem
1301 2210 1431 2256 simul

44 2286 89 2321 et
105 2291 296 2329 crucem,
317 2288 397 2317 nec
416 2273 525 2316 desit
541 2273 728 2316 anchora
751 2288 846 2331 spes
862 2283 1020 2318 nostrae
1030 2276 1194 2333 salutis,
1215 2281 1427 2326 extenda-

44 2363 142 2391 mus
160 2346 285 2389 sunes
300 2345 486 2389 diversas
500 2344 696 2397 virtutes,
715 2344 809 2388 vela
827 2345 1044 2390 charitatis
1061 2348 1329 2406 colligamus,
1357 2352 1426 2397 in-

46 2432 248 2462 vocemus
291 2425 467 2461 ventum
501 2430 753 2477 prosperum
781 2415 962 2461 verbum
994 2418 1096 2477 Dei3
1121 2421 1426 2469 exhauriamus

93 2509 103 2524 ¹
125 2502 204 2534 Psal.
229 2513 317 2544 xvim,
340 2515 370 2537 2-
