1729 3143
250 181 339 222 450
661 191 696 221 s.
730 189 962 221 aueus‘rnu
991 192 1173 222 nuscum

248 349 1622 372 wmmmmmmmmm

782 497 1004 557 LIBER
1044 499 1124 559 ΙΙ.

247 678 458 712 Pizuszourruss
474 684 700 710 Exposrrxomzu
713 678 870 710 Gaui-,snos
887 687 925 710 AB
935 687 994 711 noc
1010 687 1175 710 VERSICULO
1187 702 1196 718 ,
1215 677 1281 711 Hic
1295 684 1346 710 est
1363 676 1449 710 liber
1461 685 1633 711 creaucrae

293 731 375 765 coeIc‘
382 739 415 764 ez
427 739 544 772 terrae,
557 737 636 774 ete.²
651 742 745 770 nsocn
755 742 795 766 An
805 743 897 766 uum
910 743 968 770 Quo
983 736 1075 767 Anam
1088 745 1126 766 ET
1137 735 1202 766 Eva
1218 744 1256 766 nn
1273 735 1427 767 Pauaniso
1439 744 1628 767 anctum-un.

291 789 337 821 An
354 797 524 822 nmmum
539 790 696 823 Eccnnsiffi
715 798 861 823 nocua-ra
882 799 944 822 cru
961 789 1209 825 Mmcnffionuu
1227 800 1397 825 izmzoizmus
1414 800 1566 824 courum.

857 940 1058 962 ψ

301 1097 337 1139 Ι.
364 1096 482 1138 Posr
498 1091 873 1137 enumerationem
902 1101 946 1138 et
978 1093 1294 1153 expositionem
1326 1093 1498 1141 dierum
1533 1110 1635 1157 sep-

243 1175 357 1220 tem,
382 1163 638 1223 interposita
667 1172 732 1208 est
762 1164 887 1224 quasi
908 1165 1113 1224 quaedam
1143 1165 1366 1211 conclusio
1383 1203 1394 1222 ‚
1423 1176 1467 1211 et
1488 1166 1637 1227 appel-

240 1237 352 1282 latus
375 1245 440 1280 est
460 1235 571 1280 liber
593 1245 805 1280 creaturae
826 1236 930 1280 coeli
953 1245 996 1281 et
1018 1245 1145 1281 terrae
1159 1271 1171 1292 ‚
1196 1236 1416 1297 quidquid
1437 1238 1635 1297 superius
1696 1255 1697 1258 ¹

247 1309 415 1353 dictum
435 1316 498 1352 est
511 1342 523 1363 ,
548 1322 650 1352 cum
670 1307 724 1352 sit
745 1322 876 1366 parva
900 1322 998 1366 pars
1019 1306 1121 1351 libri
1147 1325 1157 1352 2
1183 1307 1259 1351 sed
1279 1306 1378 1352 ideo
1399 1309 1458 1352 sic
1478 1309 1638 1353 meruit
1687 1342 1690 1348 .

243 1378 415 1433 vocari,
441 1378 545 1438 quia
562 1377 754 1422 universi
770 1377 918 1421 saeculi
935 1393 960 1422 a
977 1378 1118 1436 capite
1134 1392 1274 1438 usque
1291 1377 1347 1422 ad
1363 1378 1496 1422 finem
1512 1378 1637 1438 quasi

242 1450 383 1495 brevis
416 1448 622 1509 quaedam
649 1448 794 1508 imago
828 1448 876 1492 in
896 1449 963 1493 his
985 1447 1139 1493 diebus
1159 1457 1324 1508 septem
1346 1450 1534 1508 figurata
1553 1458 1633 1494 est.

242 1520 410 1565 Deinde
430 1519 584 1579 incipit
605 1519 659 1563 de
680 1519 858 1564 homine
881 1517 1132 1578 diligentius
1158 1520 1336 1564 narrari.
1363 1521 1472 1573 Quae
1494 1520 1634 1564 omnis

245 1591 436 1637 narratio
457 1606 548 1636 non
573 1600 722 1650 aperte
740 1625 751 1647 ,
775 1589 851 1635 sed
877 1591 1063 1650 figurate
1085 1589 1344 1651 explicatur,
1369 1600 1421 1635 ut
1441 1599 1637 1636 exerceat

248 1671 414 1707 mentes
439 1663 731 1722 quaerentium
753 1662 980 1707 veritatem
995 1697 1007 1718 ,
1041 1671 1085 1707 et
1105 1661 1285 1721 spiritali
1306 1662 1484 1722 negotio
1508 1657 1534 1706 a
1555 1676 1636 1706 ne·-

249 1732 374 1792 gotiis
395 1732 642 1777 carnalibus
665 1741 832 1777 avocet.
856 1732 926 1778 Sic
952 1732 1071 1777 enim
1098 1747 1142 1777 se
1162 1732 1357 1777 continet
1383 1751 1392 1776 :
1421 1751 1442 1774 «
1468 1731 1550 1776 Hic
1572 1740 1636 1775 est

251 1820 273 1844 »
305 1802 418 1846 liber
438 1810 647 1846 creaturae
665 1801 766 1846 coeli
783 1811 827 1846 et
844 1810 971 1845 terrae
987 1836 998 1856 ‚
1024 1816 1126 1846 curn
1147 1801 1287 1845 factus
1307 1810 1416 1846 esset
1434 1800 1526 1845 dies
1547 1816 1636 1861 quo

249 1892 271 1915 »
305 1871 410 1917 fecit
431 1876 544 1917 Deus
564 1872 730 1917 coelum
751 1880 795 1916 et
815 1880 976 1917 terram
994 1907 1006 1928 ‚
1031 1881 1075 1917 et
1096 1872 1242 1916 omnia
1263 1871 1419 1917 viridia
1446 1872 1535 1930 agri
1556 1887 1637 1916 an-

255 1965 272 1986 »
306 1953 486 2004 tequam
517 1952 657 1988 essent
690 1957 820 2002 super
850 1951 1012 1987 terram
1027 1976 1039 1997 ,
1064 1951 1109 1986 et
1131 1957 1262 1987 omne
1283 1941 1497 2001 pabulum
1515 1942 1607 2002 agri
1623 1976 1634 1997 ‚

250 2033 271 2057 »
305 2023 541 2075 antequam
564 2013 840 2073 germinaret.
864 2012 1073 2060 Nondum
1094 2012 1212 2057 enim
1233 2011 1404 2072 pluerat
1426 2015 1540 2057 Deus
1560 2028 1635 2059 su·
1701 2030 1704 2035 <

251 2103 273 2128 »
308 2101 385 2146 per
406 2095 566 2131 terram
580 2120 592 2141 ,
617 2100 698 2130 nec
722 2093 814 2129 erat
833 2084 967 2129 homo
989 2084 1067 2145 qui
1089 2092 1340 2143 operaretur
1361 2084 1408 2128 in
1429 2099 1494 2129 ea.
1519 2086 1636 2128 Fons

251 2175 272 2200 »
307 2167 453 2203 autem
477 2155 737 2203 ascendebat
752 2155 808 2201 de
830 2164 944 2200 terra
959 2190 971 2211 ,
995 2164 1040 2199 et
1058 2154 1266 2214 irrigabat
1284 2169 1460 2199 omnem
1483 2152 1637 2199 faciem

251 2246 273 2271 »
307 2238 450 2273 terrae.
476 2230 533 2272 Et
554 2237 661 2272 tunc
682 2227 809 2271 finxit
829 2229 942 2271 Deus
961 2225 1186 2271 hominem
1208 2224 1263 2269 de
1284 2224 1389 2270 limo
1413 2233 1542 2269 terrae
1556 2259 1569 2280 ,
1594 2233 1638 2268 et

255 2318 276 2340 »
311 2299 549 2345 insufflavit
577 2299 624 2343 in
653 2298 809 2343 faciem
843 2298 934 2357 ejus
971 2296 1123 2340 flatum
1162 2295 1291 2351 vitae,
1332 2305 1375 2340 et
1408 2294 1548 2340 factus
1576 2303 1641 2338 est

255 2388 274 2410 »
309 2371 441 2415 homo
477 2370 523 2413 in
557 2369 747 2413 animam
776 2367 1010 2412 viventem.
1049 2369 1106 2410 Et
1140 2374 1246 2410 tunc
1280 2365 1492 2425 plantavit
1523 2367 1639 2409 Deus

260 2456 278 2477 »
314 2439 561 2497 paradisum
588 2439 633 2482 in
664 2438 790 2482 Eden
821 2436 876 2481 ad
897 2437 1147 2491 Orientem,
1173 2446 1217 2480 et
1244 2436 1390 2495 posuit
1409 2435 1470 2479 ibi
1492 2435 1638 2479 homi-

260 2524 280 2546 »
316 2523 415 2552 nem
437 2524 566 2568 quem
597 2509 792 2553 finxerat.
830 2509 886 2551 Et
912 2505 1117 2566 produxit
1147 2505 1290 2550 adhuc
1313 2508 1426 2550 Deus
1450 2503 1504 2548 de
1526 2513 1637 2549 terra
