1729 3143
648 217 681 246 S.
719 217 947 247 AUGUSTINI
982 221 1159 248 EPISCOPI

214 303 285 328 nas
310 286 441 328 samii
467 319 475 336 ‚
510 298 584 325 ves
601 318 609 333 ,
646 284 823 342 inquam
843 319 853 338 ⁷
894 285 1161 342 potissimum
1195 285 1388 328 excidere
1422 285 1592 330 arbores

212 356 450 403 2³=·!›»1·12tis,
479 363 519 396 ot
543 369 688 397 earum
717 355 876 399 animas
895 356 948 397 ab
980 355 1052 398 illo
1084 354 1260 399 vinculo
1283 365 1454 408 exutas,
1494 372 1592 400 ora-

213 427 398 469 tionibus
421 434 464 468 et
486 425 659 483 psalmis
683 426 735 468 ad
762 426 936 470 meliora
957 422 1207 484 perducere.
1239 429 1305 468 An
1330 425 1383 469 de
1406 426 1472 469 his
1503 427 1595 470 ani-

207 496 286 539 mis
311 496 396 539 hoc
417 495 511 538 fieri
537 504 692 554 potest,
716 511 806 540 non
823 512 930 556 quas
946 505 1092 540 niente
1111 495 1375 556 adjuveriti8‚
1396 496 1469 540 sed
1489 512 1595 556 quas

207 574 358 610 ventre
380 566 624 625 receperitis
639 568 656 608 ‘3

266 639 379 681 LVI.
416 637 622 691 Quamvis
643 637 833 697 idipsum
855 639 1020 683 animas
1043 638 1247 683 arborum
1276 637 1472 698 quandiu
1495 647 1597 683 sunt

205 708 251 751 in
274 707 503 752 arboribus
521 708 575 752 ad
595 708 847 768 sapientiam
866 723 956 754 non
977 709 1210 768 proficere,
1230 723 1411 754 summae
1436 723 1596 768 angus-

210 778 294 832 tiae,
331 787 547 838 quantum
581 777 768 822 arbitror
787 812 798 832 ,
837 793 914 823 vos
948 778 1221 838 compellunt
1254 779 1380 824 fateri
1398 814 1408 834 ‚
1434 793 1536 824 cum
1571 794 1596 823 a

207 848 329 893 vobis
351 849 584 909 quaeritur,
609 863 687 892 cur
709 857 753 892 et
772 848 997 892 arboribus
1019 863 1109 892 non
1136 850 1333 893 mittatur
1355 858 1598 909 praeceptor

206 918 442 978 Apostolus
459 955 470 975 ‚
497 929 571 964 aut
593 935 671 964 cur
692 917 765 962 ille
789 919 864 978 qui
884 918 1134 963 hominibus
1155 919 1343 963 mittitur
1365 935 1455 964 non
1471 929 1514 965 et
1528 936 1598 964 ar—

211 990 384 1034 boribus
397 990 606 1049 praedicet
619 990 860 1034 veritatem.
880 990 960 1034 Hic
981 990 1185 1048 cogimini
1208 989 1485 1049 respondere,
1504 989 1597 1035 illas

208 1060 371 1104 animas
402 1061 623 1120 percipere
657 1061 703 1103 in
734 1059 892 1104 talibus
921 1060 1176 1119 corporibus
1198 1069 1415 1120 praecepta
1449 1060 1596 1106 divina

208 1146 296 1175 non
340 1146 478 1191 posse.
523 1131 606 1177 Sed
643 1132 941 1176 vehementius
973 1132 1027 1176 ab
1067 1132 1149 1178 alio
1182 1131 1316 1178 latere
1345 1133 1561 1192 urgemini
1582 1169 1593 1189 ⁷

206 1202 565 1263 quandoquidem
597 1200 691 1246 illas
720 1202 956 1261 perhibetis
988 1211 1032 1247 et
1055 1201 1205 1247 audire
1235 1218 1360 1248 voces
1394 1212 1560 1248 nostras
1581 1239 1593 1259 ‚

206 1283 249 1317 et
282 1274 416 1317 verba
452 1273 709 1331 intelligere,
735 1282 777 1317 et
798 1288 981 1333 corpora
1004 1283 1238 1337 motusque
1269 1289 1503 1333 corporum
1530 1276 1598 1319 in-

206 1345 346 1400 tueri,
375 1345 658 1404 cogitationes
679 1344 869 1405 denique
890 1345 1002 1405 ipsas
1025 1346 1281 1405 perspicere.
1309 1348 1418 1400 Quae
1436 1348 1470 1390 si
1495 1361 1595 1391 vera

205 1425 307 1460 sunt
324 1451 334 1471 ‚
362 1432 439 1461 cur
462 1415 572 1460 nihil
595 1425 776 1476 possunt
799 1432 822 1461 a
844 1416 952 1461 lucis
974 1417 1184 1476 Apostolo
1206 1416 1395 1473 discere,
1426 1416 1496 1462 vel
1517 1433 1596 1462 cur

205 1487 336 1530 etiam
357 1489 499 1531 multo
519 1486 687 1531 facilius
705 1502 794 1531 non
812 1495 992 1546 possunt
1009 1502 1141 1546 quam
1159 1501 1253 1540 nos,
1275 1502 1374 1532 cum
1392 1488 1595 1534 interiora

205 1556 333 1601 etiam
353 1557 510 1601 mentis
528 1556 751 1616 aspiciant.
784 1559 851 1600 Ita
873 1557 988 1600 enim
1009 1557 1210 1615 magister
1226 1556 1316 1612 ille,
1337 1558 1413 1618 qui
1429 1573 1506 1604 vos
1526 1557 1595 1604 lo-

205 1627 384 1686 quendo
406 1626 478 1669 vix
492 1626 637 1680 docet,
658 1635 707 1670 ut
725 1625 881 1681 dicitis,
903 1626 1136 1684 cogitando
1157 1642 1226 1678 eas
1243 1637 1387 1687 posset
1405 1628 1592 1685 erudire,

205 1712 304 1756 quae
327 1696 562 1740 sententias
585 1697 675 1756 ejus
697 1706 797 1740 ante
819 1711 1063 1741 sermonem
1077 1697 1270 1742 inanimo
1288 1707 1528 1743 cernerent.
1552 1700 1596 1745 Si

203 1780 307 1810 vero
325 1767 419 1810 haec
441 1766 547 1810 falsa
565 1775 683 1821 sunt,
707 1766 853 1811 videte
870 1767 1046 1811 tandem
1065 1768 1110 1811 in
1129 1783 1219 1826 quo
1238 1784 1382 1813 errore
1399 1770 1590 1828 jaceatis.

264 1838 401 1879 LVII.
434 1838 458 1878 J
463 1850 533 1879 am
551 1836 671 1895 quod
689 1851 819 1895 poma
840 1836 918 1895 ipsi
941 1851 1029 1880 non
1048 1836 1274 1896 decerpitis
1291 1873 1301 1891 ‚
1323 1839 1594 1900 herbamque

204 1921 293 1949 non
316 1905 472 1949 vellitis
489 1940 500 1960 ‚
532 1905 608 1948 sed
629 1914 774 1949 tamen
803 1905 859 1950 ab
887 1906 1159 1951 auditoribus
1181 1908 1330 1951 vestris
1357 1908 1530 1969 decerpi
1551 1920 1595 1955 et

203 1975 328 2019 evelli
351 1984 483 2035 atque
505 1975 651 2020 afferri
674 1975 798 2020 vobis
813 1976 976 2035 jubetis
992 2011 1003 2031 ,
1039 1992 1128 2022 non
1152 1987 1203 2022 ut
1230 1978 1278 2022 iis
1306 1979 1381 2038 qui
1404 1979 1594 2026 afferunt

200 2055 391 2100 tantum,
410 2045 485 2090 sed
501 2054 550 2090 ut
571 2046 621 2090 iis
639 2046 768 2090 etiam
788 2061 888 2106 quae
903 2046 1164 2102 afferuntur,
1185 2049 1389 2107 prodesse
1405 2051 1590 2109 possitis,

200 2117 296 2180 quis
320 2116 433 2161 bene
454 2115 731 2162 considerans
747 2116 840 2162 ullo
856 2118 988 2163 modo
1005 2117 1254 2164 toleraverit
1271 2121 1288 2162 ‘?
1310 2122 1472 2177 Primo,
1489 2123 1592 2182 quia

199 2187 310 2231 nihil
331 2188 534 2242 interest,
565 2196 714 2231 utrum
737 2188 826 2248 ipse
848 2188 987 2233 scelus
1009 2188 1210 2234 admittas
1228 2225 1238 2245 ‚
1271 2206 1326 2235 an
1346 2202 1527 2252 propter
1547 2201 1591 2238 te

200 2258 255 2302 ab
279 2258 362 2302 alio
385 2258 557 2303 admitti
580 2258 699 2303 velis.
726 2257 851 2304 Nolle
872 2268 915 2304 te
937 2260 1076 2305 dicis?
1099 2263 1332 2315 Quomodo
1358 2278 1460 2322 ergo
1482 2265 1590 2309 sub-

199 2329 373 2373 venitur
386 2328 449 2373 illi
472 2328 631 2374 divinae
650 2330 782 2389 parti,
807 2346 907 2391 quae
927 2332 973 2375 in
990 2331 1169 2377 lactucis
1183 2342 1225 2377 et
1244 2333 1288 2377 in
1306 2334 1443 2393 porris
1455 2336 1585 2396 jacet,

200 2400 234 2442 si
262 2415 390 2444 nemo
424 2401 517 2444 haec
551 2400 730 2455 evellat,
767 2409 810 2444 et
848 2401 903 2445 ad
935 2411 1105 2446 sanctos
1142 2403 1366 2462 purganda
1391 2404 1588 2450 deferat?

202 2470 368 2513 Deinde
390 2480 439 2515 tu
461 2471 550 2530 ipse
573 2472 783 2520 transiens
803 2487 879 2530 per
898 2487 998 2516 eum
1022 2487 1188 2531 agrum,
1214 2474 1259 2517 in
1287 2490 1374 2534 quo
1394 2476 1470 2518 tibi
1488 2476 1586 2535 jure

202 2540 400 2585 amicitiae
423 2541 682 2601 decerpendi
705 2542 824 2601 quod
846 2543 952 2587 libet
977 2553 1162 2602 potestas
1184 2545 1328 2600 datur,
1358 2547 1391 2591 si
1414 2547 1496 2591 fico
1517 2546 1583 2590 vi-
