1729 3143
214 211 300 251 342
639 221 673 248 s.
708 220 940 247 mensum
972 219 1156 249 smenon

208 298 281 335 tus
318 289 384 333 tui
417 296 521 332 sunt
555 300 686 331 omne
717 274 1015 331 creaturarum
1042 287 1191 332 decus.
1222 289 1280 332 Et
1310 288 1464 334 artifex
1484 291 1601 335 enim

210 359 408 421 quodam
431 358 564 403 modo
581 358 727 403 innuit
747 358 1000 418 spectatoris
1022 360 1163 418 operis
1185 359 1251 403 sui
1272 359 1327 404 de
1347 361 1440 420 ipsa
1461 362 1602 421 operis

209 429 537 492 pulchritudine
553 464 565 485 ‚
590 445 647 473 ne
670 430 732 474 ibi
755 439 873 475 totus
893 430 1057 475 haereat
1072 465 1084 485 ,
1109 429 1186 474 sed
1205 432 1393 491 speciem
1415 434 1603 492 corporis

210 500 410 546 fabricati
429 501 487 545 sic
515 510 742 560 percurrat
763 501 932 558 oculis,
960 510 1010 546 ut
1032 502 1078 545 in
1100 516 1199 546 eum
1230 502 1308 562 qui
1329 501 1605 548 fabricaverit

212 580 408 616 recurrat
441 570 617 616 affectu.
657 571 824 616 Similes
858 580 1005 617 autem
1027 581 1158 628 sunt,
1192 573 1268 632 qui
1297 588 1347 617 ea
1380 589 1479 633 quae
1500 571 1605 618 facis

214 658 294 703 pro
316 650 359 685 te
381 650 553 696 amant,
583 642 834 686 hominibus
865 643 942 702 qui
975 658 1076 686 cum
1108 643 1295 688 audiunt
1324 643 1515 704 aliquem
1535 644 1605 689 fa-

214 712 412 759 cundum
433 713 671 772 sapientem
687 747 698 768 ,
734 712 841 757 dum
873 713 1000 758 nimis
1029 715 1286 758 suavitatem
1313 715 1428 760 vocis
1451 717 1543 776 ejus
1563 724 1607 761 et

211 795 450 832 structuras
488 785 758 843 syllabarum
798 794 897 845 apte
936 784 1179 830 locatarum
1214 787 1340 831 avide
1383 786 1569 832 audiunt
1592 822 1607 843 ‚7

215 859 424 903 amittunt
445 858 760 901 sententiarum
779 857 1074 917 principatum
1092 892 1103 913 ‚
1128 859 1250 918 cujus
1266 857 1341 905 illa
1362 859 1496 904 verba
1517 868 1608 904 tan-

213 944 347 990 quam
365 930 486 986 signa
505 938 762 971 sonuerunt.
790 931 867 972 Vae
885 930 962 986 qui
984 945 1029 973 se
1051 938 1254 974 avertunt
1278 946 1299 973 a
1316 930 1483 972 lumine
1499 941 1577 976 tuo
1595 966 1607 987 ,

212 1009 255 1044 et
278 998 535 1044 obscuritati
557 1013 646 1040 suae
669 995 856 1040 dulciter
877 996 1108 1042 inhaerent.
1133 1001 1359 1058 Tanquam
1378 999 1492 1043 enim
1510 999 1612 1044 dor-

213 1086 310 1116 sum
340 1071 395 1114 ad
421 1079 460 1113 te
482 1077 694 1129 ponentes
708 1103 720 1124 ‚
745 1068 792 1112 in
813 1068 975 1112 carnali
994 1085 1124 1128 opere
1145 1070 1268 1114 velut
1288 1071 1335 1114 in
1356 1071 1512 1116 umbra
1534 1087 1612 1118 sua

213 1142 470 1200 defiguntur
489 1176 499 1196 ‚
528 1149 572 1184 et
589 1149 735 1185 tamen
754 1141 885 1184 etiam
906 1141 967 1184 ibi
989 1140 1110 1201 quod
1133 1156 1204 1186 eos
1222 1141 1411 1186 delectat
1427 1177 1439 1197 ,
1467 1142 1611 1188 adhuc

212 1213 380 1259 habent
419 1213 475 1256 de
516 1211 898 1271 circumfulgentia
928 1212 1038 1256 lucis
1071 1221 1173 1255 tuae.
1218 1213 1304 1256 Sed
1326 1213 1483 1257 umbra
1504 1212 1612 1258 dum

217 1293 389 1329 amatur
405 1318 416 1338 ‚
441 1282 760 1341 languidiorem
778 1281 885 1326 facit
902 1280 1080 1326 oculum
1098 1281 1232 1325 animi
1249 1291 1292 1326 et
1309 1282 1613 1328 invalidiorem

216 1356 274 1400 ad
296 1353 608 1414 perferendum
631 1360 914 1411 conspectum
936 1361 1080 1396 tuum.
1106 1355 1340 1410 Propterea
1364 1354 1498 1412 magis
1520 1369 1614 1399 ma-

220 1428 370 1485 gisque
402 1426 535 1469 homo
557 1425 809 1468 tenebratur
827 1458 838 1477 ,
870 1422 977 1466 dum
1006 1432 1195 1467 sectatur
1218 1422 1427 1468 libentius
1445 1460 1456 1479 ,
1481 1426 1613 1485 quid-

219 1496 327 1557 quid
348 1495 634 1539 infirmiorem
662 1493 931 1538 tolerabilius
960 1495 1131 1554 excipit.
1157 1497 1221 1538 Ex
1238 1510 1328 1555 quo
1348 1495 1503 1556 incipit
1524 1512 1614 1541 non

216 1583 341 1628 posse
363 1567 512 1612 videre
534 1565 655 1626 quod
676 1581 844 1610 summe
862 1576 948 1622 est,
978 1576 1022 1611 et
1040 1566 1205 1610 malum
1224 1576 1379 1627 putare
1396 1567 1616 1628 quidquid

218 1636 331 1682 fallit
367 1636 667 1696 improvidum
682 1672 693 1692 ‚
731 1646 808 1681 aut
829 1636 956 1682 illicit
977 1636 1176 1696 indigum
1195 1673 1206 1693 ,
1231 1647 1308 1682 aut
1328 1647 1508 1698 captum
1536 1653 1612 1682 ex-

219 1708 384 1753 cruciat
406 1743 417 1763 ‚
455 1723 556 1752 cum
586 1723 634 1752 ea
665 1723 745 1767 pro
771 1708 928 1752 merito
959 1708 1151 1767 patiatur
1173 1710 1406 1754 aversionis
1427 1725 1516 1754 suae
1535 1744 1546 1766 ,
1571 1718 1615 1754 et

221 1779 441 1840 quidquid
462 1780 632 1838 justum
656 1787 720 1822 est
735 1813 747 1832 ,
772 1778 937 1822 malum
960 1793 1050 1823 esse
1069 1795 1158 1823 non
1181 1781 1330 1838 possit.

282 1853 440 1895 XLtV.
469 1851 511 1895 Si
533 1866 637 1909 ergo
658 1849 876 1910 quidquid
899 1849 1111 1894 mutabile
1132 1851 1345 1909 aspexeris
1360 1885 1371 1906 ,
1396 1849 1467 1895 vel
1488 1865 1617 1896 sensu

224 1922 416 1981 corporis
432 1957 443 1977 ,
469 1921 538 1966 vel
559 1921 691 1965 animi
713 1919 1059 1964 consideratione
1080 1936 1234 1979 capere
1255 1936 1345 1964 non
1365 1930 1490 1980 potes
1505 1956 1515 1976 ‚
1535 1922 1616 1965 nisi

226 1992 371 2053 aliqua
394 2008 677 2036 numerorum
700 1991 839 2036 forma
862 2001 1062 2036 teneatur
1081 2026 1092 2046 ‚
1120 2008 1208 2051 qua
1226 1990 1418 2036 detracta
1438 1992 1484 2036 in
1507 1991 1618 2037 nihil

224 2064 427 2119 recidat3
466 2063 555 2109 noli
591 2063 823 2118 dubitare,
867 2071 917 2107 ut
950 2064 1029 2107 ista
1053 2062 1282 2107 mutabilia
1315 2079 1405 2107 non
1436 2063 1617 2108 interci-

222 2138 396 2196 piantur
412 2171 423 2191 ‚
458 2136 534 2180 sed
567 2134 774 2179 dimensis
825 2134 1017 2178 motibus
1035 2169 1046 2189 ‚
1085 2143 1128 2178 et
1163 2134 1366 2178 distincta
1410 2135 1617 2179 varietate

228 2207 468 2252 formarum
488 2241 499 2262 ‚
537 2205 660 2266 quasi
692 2205 906 2265 quosdam
939 2220 1087 2249 versus
1109 2213 1358 2263 temporum
1379 2213 1616 2263 peragant,

230 2293 318 2321 esse
342 2277 532 2337 aliquam
555 2276 740 2320 formam
764 2285 971 2319 aeternam
996 2284 1038 2318 et
1060 2275 1461 2319 incommutabilem
1483 2295 1494 2332 3
1519 2290 1619 2335 quae

231 2364 372 2408 neque
394 2350 669 2393 contineatur
691 2357 733 2391 et
761 2348 883 2406 quasi
906 2346 1180 2391 diffundatur
1201 2346 1305 2391 locis
1321 2381 1332 2403 ‚
1357 2361 1502 2407 neque
1518 2361 1619 2405 pro—

231 2421 436 2463 tendatur
468 2430 599 2479 atque
630 2419 818 2463 varietur
855 2419 1125 2478 temporibus
1145 2453 1157 2475 ,
1194 2434 1271 2478 per
1303 2433 1434 2478 quam
1461 2425 1617 2462 cuncta

232 2487 313 2531 ista
329 2488 506 2533 formari
522 2490 713 2544 valeant,
736 2498 778 2533 et
794 2505 872 2549 pro
890 2505 968 2534 suo
981 2504 1138 2549 genere
1152 2489 1331 2547 implere
1345 2497 1476 2548 atque
1490 2503 1616 2547 agere

237 2553 431 2603 locorum
455 2576 503 2605 ac
532 2570 778 2619 temporum
800 2575 1017 2605 numeros
