1729 3143
254 178 277 212 2
284 178 304 212 ὁ
312 178 334 212 g
686 185 703 209 5
711 202 718 209 .
757 184 780 208 Α
788 185 839 209 UG
846 185 986 209 USTINI
1019 186 1198 212 Emscoi’l

250 249 384 293 titulis
405 250 613 306 scriptum
635 248 688 289 sit
709 264 719 289 :
743 264 763 286 «
785 249 868 289 Pro
885 246 933 290 iis
955 262 1055 305 quae
1077 248 1430 294 immutabuntur
1449 272 1460 308 3
1486 268 1506 292 »
1533 260 1630 295 tex-

247 328 316 364 tus
343 333 446 362 vero
474 315 726 359 eorumdem
748 313 1020 359 Psalmorum
1041 317 1251 374 praedicat
1274 319 1492 364 Christum
1513 339 1522 364 :
1549 320 1631 364 nisi

247 388 349 448 quia
380 399 530 430 eorum
563 383 749 427 mutatio
775 399 851 443 per
881 384 1007 429 illum
1028 384 1178 430 futura
1207 386 1413 446 praedicta
1441 398 1530 444 est,
1554 404 1632 448 per

246 471 378 517 quem
401 462 579 513 apparet
600 453 780 513 impleta
801 473 810 499 :
836 464 883 499 ut
899 455 1086 514 populus
1110 456 1212 510 Dei,
1237 457 1314 516 qui
1333 472 1452 501 nunc
1472 466 1537 501 est
1552 473 1633 516 po-

244 527 374 586 pulus
396 525 680 580 christianus,
707 526 801 584 jam
828 541 918 570 non
941 535 1123 585 cogatur
1145 527 1375 572 observare
1401 543 1502 587 quae
1530 543 1633 586 pro—

245 595 425 655 pheticis
453 596 722 656 temporibus
743 597 1088 642 observabantur
1107 632 1118 653 ‚
1148 613 1239 643 non
1265 599 1370 658 quia
1395 597 1600 643 damnata
1619 632 1630 653 ,

245 666 320 711 sed
341 667 444 727 quia
465 676 633 712 mutata
652 677 756 712 sunt
783 688 793 714 ;
817 684 906 713 non
926 677 977 712 ut
997 684 1063 713 res
1085 669 1188 728 ipsae
1211 685 1311 729 quae
1332 669 1636 726 significaban-

240 745 313 781 tur
332 737 525 796 perirent
538 773 549 793 ,
574 737 650 783 sed
671 748 722 783 ut
739 753 882 783 rerum
902 739 1024 798 signa
1041 739 1127 784 suis
1151 754 1340 799 quaeque
1360 738 1633 797 temporibus

247 817 544 853 convenirent.

299 880 354 922 V.
381 879 577 938 Denique
597 880 642 923 in
659 879 832 923 Psalmo
849 878 1381 939 quadragesimo-quarto,
1401 880 1524 935 (nam
1541 878 1635 936 ipse
1696 896 1698 944 ζ

239 948 405 1008 primus
422 958 486 992 est
503 964 655 992 eorum
670 949 746 1008 qui
760 947 1013 1008 hujusmodi
1030 947 1206 992 titulum
1223 947 1491 1006 praeferunt:
1513 950 1634 991 «Pro

243 1035 263 1059 »
289 1018 338 1062 iis
360 1034 460 1077 quae
482 1018 838 1061 immutabuntur
859 1035 870 1061 .-
899 1036 918 1058 >)
945 1017 1023 1060 ubi
1055 1017 1187 1061 etiam
1214 1016 1372 1074 legitur
1405 1036 1413 1061 :
1439 1035 1459 1058 «
1480 1016 1635 1061 Canti-

243 1105 264 1128 »
289 1103 391 1131 cum
419 1102 498 1145 pro
525 1086 688 1131 dilecto
704 1089 715 1111 ¹
736 1106 746 1131 ;
768 1106 788 1128 n
806 1090 823 1143 )
847 1086 1112 1145 apertissime
1135 1086 1333 1130 Christus
1355 1086 1601 1130 ostenditur
1622 1104 1632 1131 ε

244 1176 265 1198 «
293 1157 520 1214 Speciosus
537 1153 676 1198 forma
694 1169 784 1211 prae
804 1154 902 1198 filiis
919 1157 1193 1200 hominum2.
1212 1156 1298 1208 Qui
1317 1170 1419 1200 cum
1434 1156 1636 1199 informa

241 1243 262 1267 »
287 1227 364 1270 Dei
395 1234 506 1269 esset
530 1259 541 1278 ‚
587 1239 678 1268 non
715 1225 911 1282 rapinam
961 1226 1194 1270 arbitratus
1230 1235 1293 1270 est
1331 1241 1421 1270 esse
1458 1225 1635 1284 aequalis

242 1314 263 1337 »
289 1299 379 1339 Deo
395 1296 427 1337 ³.
456 1312 476 1335 »
503 1293 571 1337 Ibi
588 1294 624 1336 ei
643 1293 803 1337 dicitur
822 1312 831 1337 ε
858 1312 878 1334 «
899 1294 1136 1351 Accingere
1154 1294 1349 1350 gladium
1367 1302 1496 1337 tuum
1510 1295 1635 1352 juxta

244 1383 266 1406 »
291 1363 494 1409 femur4:
524 1381 544 1404 »
571 1362 693 1422 quod
723 1363 769 1405 in
802 1378 930 1407 carne
964 1371 1074 1406 esset
1104 1362 1354 1406 hominibus
1387 1362 1631 1407 locuturus.

243 1438 324 1478 Per
345 1433 540 1490 gladium
561 1432 724 1491 quippe
746 1447 886 1476 sermo
905 1466 916 1486 ,
946 1447 1023 1490 per
1045 1431 1189 1475 femur
1209 1447 1309 1476 caro
1331 1431 1600 1489 significatur
1620 1451 1630 1478 ε

239 1506 342 1566 quia
363 1523 384 1546 «
406 1503 694 1562 Semetipsum
711 1503 975 1557 exinanivit,
998 1502 1185 1546 formam
1200 1502 1311 1546 servi
1327 1503 1592 1561 accipiens⁵3
1609 1520 1630 1544 »

240 1586 290 1620 ut
302 1575 375 1619 ille
392 1590 468 1633 per
491 1574 775 1618 Divinitatem
798 1592 820 1616 α
847 1574 1073 1633 Speciosus
1098 1574 1240 1618 forma
1262 1589 1352 1632 prae
1370 1573 1468 1618 filiis
1490 1574 1634 1618 homi—

244 1664 265 1687 »
291 1661 398 1689 num
415 1679 426 1699 ,
453 1662 474 1685 »
500 1645 629 1688 etiam
658 1643 771 1687 illud
803 1644 926 1687 fieret
958 1658 1033 1702 per
1067 1644 1394 1696 infirmitatem,
1428 1644 1551 1703 quod
1578 1644 1634 1688 de

240 1714 316 1759 illo
338 1713 446 1758 alius
468 1714 685 1772 Propheta
712 1731 722 1757 ς
752 1731 773 1754 «
798 1713 998 1756 Vidimus
1013 1728 1114 1756 eum
1130 1747 1140 1767 ‚
1167 1723 1210 1757 et
1228 1729 1318 1758 non
1335 1713 1526 1757 habebat
1540 1727 1633 1771 spe-

244 1802 264 1825 »
290 1784 401 1828 ciem
416 1818 428 1838 ,
452 1798 595 1842 neque
615 1782 819 1827 decorem
837 1801 845 1826 :
871 1781 947 1826 sed
966 1781 1116 1826 vultus
1135 1783 1228 1841 ejus
1249 1783 1443 1841 abjectus
1457 1816 1469 1836 ,
1491 1791 1535 1825 et
1555 1783 1634 1826 de-

243 1871 264 1894 »
289 1852 440 1897 formis
458 1853 614 1912 positio
636 1853 728 1911 ejus
744 1854 776 1895 6.
801 1870 820 1893 »
843 1854 952 1897 Nam
975 1851 1021 1894 in
1039 1850 1194 1896 eodem
1212 1851 1382 1895 Psalmo
1398 1885 1409 1905 ‚
1434 1867 1524 1910 quo
1543 1867 1634 1896 non

240 1933 411 1969 tantum
434 1924 565 1968 homo
582 1958 592 1978 ‚
619 1923 694 1967 sed
717 1922 846 1967 etiam
871 1925 985 1965 Deus
1021 1922 1074 1965 sit
1102 1922 1299 1966 Christus
1321 1955 1332 1976 ,
1369 1922 1632 1979 apertissime

243 1994 508 2048 ostenditur,
534 2007 635 2037 cum
657 1991 859 2036 subditur
886 2011 894 2036 ;
926 2010 945 2033 ι(
971 1992 1170 2035 Thronus
1194 2000 1313 2046 tuus,
1331 1994 1462 2045 Deus,
1480 1992 1527 2035 in
1550 2007 1632 2035 sae-

244 2083 263 2105 »
288 2064 438 2109 culum
456 2062 603 2107 saeculi
620 2097 630 2117 ‚
657 2062 777 2120 virga
792 2061 1008 2121 aequitatis
1028 2061 1145 2118 virga
1163 2061 1284 2118 regni
1298 2061 1364 2104 tui
1382 2063 1414 2104 ⁷.
1437 2060 1632 2104 Dilexisti

245 2154 264 2177 »
287 2135 525 2195 justitiam,
563 2142 607 2177 et
638 2132 767 2176 odisti
801 2132 1076 2191 iniquitatem
1099 2165 1111 2185 ‚
1149 2140 1380 2189 propterea
1411 2131 1537 2174 unxit
1557 2140 1630 2186 te,

245 2224 265 2246 »
292 2208 406 2248 Deus
427 2238 438 2260 ,
475 2206 589 2247 Deus
638 2212 739 2246 tuus
782 2200 878 2246 oleo
914 2200 1187 2245 exultationis
1224 2216 1313 2259 prae
1351 2200 1632 2259 participibus

243 2293 263 2316 »
291 2275 375 2319 tuis
394 2276 426 2317 8.
456 2292 475 2316 »
503 2273 570 2318 Ab
593 2273 798 2317 unctione
829 2271 1018 2332 quippe,
1048 2269 1169 2330 quod
1197 2285 1336 2329 graece
1364 2277 1491 2323 χρίσμα
1518 2269 1630 2315 dici-

243 2354 314 2389 tur
329 2380 341 2401 ‚
365 2345 564 2391 Christus
582 2353 645 2389 est
666 2343 908 2403 appellatus
931 2361 939 2387 :
960 2343 1052 2401 ipse
1069 2351 1132 2387 est
1149 2344 1262 2386 Deus
1282 2350 1440 2386 unctus
1462 2356 1485 2386 a
1510 2344 1598 2386 Deo
1611 2375 1624 2396 ‚

298 2450 305 2465 ¹
336 2445 418 2475 Psal.
448 2456 538 2486 xuv,
564 2456 592 2476 1.
622 2461 660 2467 —
675 2451 687 2466 ²
705 2444 787 2476 Ibid.
810 2444 840 2475 3.
865 2460 906 2465 —-
926 2441 940 2465 3
967 2442 1081 2484 Philip.
1105 2451 1141 2482 11,
1166 2441 1198 2473 6.
1221 2458 1263 2465 --
1280 2439 1296 2471 4
1316 2441 1397 2474 Psal.
1420 2452 1506 2483 μιν,
1525 2440 1558 2483 4.
1586 2458 1627 2464 -

248 2495 262 2519 5
281 2497 393 2539 Philip.
415 2509 452 2539 11,
472 2499 505 2530 6.
526 2515 566 2521 —
581 2497 596 2521 6
615 2498 685 2531 lsai.
707 2509 775 2540 mn,
798 2509 826 2530 1.
844 2514 883 2521 -—
898 2504 911 2532 7
928 2498 976 2530 Id.
994 2505 1077 2538 miv,
1097 2506 1114 2538 7
1135 2500 1168 2529 et
1183 2498 1214 2529 8.
1230 2512 1266 2521 —-
1286 2494 1300 2520 8
1319 2495 1399 2529 Psal.
1420 2506 1508 2538 μιν,
1527 2496 1559 2528 8.
