1729 3143
309 249 392 277 ιη.
429 249 459 276 1.
496 248 551 276 m:
583 247 767 276 Momnus
799 245 999 275 zccmsm
1028 242 1285 273 cunonem.
1412 231 1495 271 505

116 314 235 361 aliud
263 330 352 360 esse
384 315 596 375 optimum
615 349 626 369 ,
660 312 716 358 ad
748 312 867 372 quod
899 310 1225 371 adipiscendum
1248 310 1495 370 postpositis

113 387 278 432 caeteris
301 385 503 431 festinare
524 393 720 445 oporteat
737 418 749 439 ‚
773 397 905 443 quam
922 384 1095 427 Deum?
1116 384 1225 426 Item
1243 381 1277 425 si
1294 380 1414 424 nulla
1430 395 1496 424 res

81 480 89 487 Ι
113 458 168 503 ab
200 458 292 517 ejus
325 457 534 502 charitate
566 472 644 501 nos
671 464 839 515 separat
857 488 867 508 ‚
893 453 998 514 quid
1021 468 1110 498 esse
1131 469 1222 498 non
1242 451 1384 498 solum
1404 466 1497 496 me·

112 528 194 572 lius
213 562 224 583 ‚
249 526 325 571 sed
342 528 472 572 etiam
493 527 651 571 certius
671 526 756 578 hoc
783 524 902 569 bono
922 525 1101 583 potest?

170 600 292 643 XIX.
321 598 405 644 Sed
422 598 592 658 singula
613 597 800 642 breviter
822 594 1112 640 attendamus.
1138 596 1275 640 Nemo
1296 609 1374 638 nos
1398 594 1499 638 inde

111 678 280 728 separat
296 703 308 724 ,
344 668 554 713 minando
582 677 782 713 mortem.
815 665 1012 725 Idipsum
1034 665 1150 709 enim
1173 680 1261 725 quo
1283 663 1500 723 diligimus

112 742 280 795 Deum,
306 739 418 784 mori
449 754 538 784 non
572 747 743 798 potest,
783 737 862 781 nisi
890 737 998 781 dum
1027 750 1116 780 non
1147 734 1290 793 diligit
1325 739 1463 779 Deum
1487 754 1496 781 ε

111 825 212 855 cum
231 825 347 855 mors
362 811 452 868 ipsa
470 811 524 854 sit
541 825 631 854 non
647 809 827 868 diligere
843 812 982 853 Deum
994 842 1006 861 ‚
1026 806 1146 865 quod
1167 805 1277 850 nihil
1299 815 1363 851 est
1380 806 1500 851 aliud

110 895 242 941 quam
273 880 312 923 ei
343 880 585 938 quidquam
614 880 659 921 in
689 875 911 935 diligendo
934 885 1065 936 atque
1087 876 1311 938 sequendo
1334 893 1501 937 praepo-

110 966 229 995 nere.
262 951 399 995 Nemo
431 949 535 993 inde
561 957 731 1008 separat
761 946 1010 1006 pollicendo
1039 948 1172 993 vitam
1198 967 1207 993 ε
1233 962 1363 992 nemo
1385 949 1501 992 enim

111 1020 167 1066 ab
198 1022 291 1080 ipso
319 1019 442 1064 fonte
476 1027 672 1079 separat,
707 1016 958 1078 pollicendo
986 1033 1160 1079 aquam.
1202 1020 1300 1064 Non
1333 1028 1501 1078 separat

111 1089 302 1150 Angelus
324 1110 333 1135 z
362 1105 449 1134 non
471 1090 585 1133 enim
611 1098 676 1134 est
703 1088 896 1148 Angelus
915 1123 926 1143 ,
966 1104 1068 1134 cum
1096 1089 1357 1133 inhaeremus
1376 1092 1467 1134 Deo
1487 1125 1498 1145 ‚

112 1169 256 1206 nostra
278 1169 424 1204 mente
446 1160 678 1219 potentior.
706 1161 804 1205 Non
826 1169 995 1219 separat
1015 1160 1164 1204 Virtus
1192 1178 1200 1204 :
1223 1175 1323 1203 narn
1354 1160 1388 1204 si
1409 1160 1502 1203 Vir-

111 1241 180 1276 tus
201 1231 271 1275 hic
294 1229 369 1274 illa
387 1230 609 1274 nominata
629 1238 692 1274 est
710 1264 720 1284 ‚
747 1245 845 1289 quae
864 1229 1053 1289 aliquam
1075 1239 1333 1289 potestatem
1356 1230 1400 1274 in
1417 1230 1502 1275 hoc

110 1301 278 1346 mundo
308 1301 467 1355 habet,
506 1309 599 1345 toto
627 1300 795 1344 mundo
822 1308 886 1344 est
913 1300 1093 1344 omnino
1123 1299 1350 1344 sublimior
1378 1315 1501 1345 mens

111 1372 325 1416 inhaerens
349 1373 455 1416 Deo.
491 1371 564 1415 Sin
585 1371 722 1414 virtus
743 1369 817 1414 illa
841 1369 957 1414 dicta
979 1378 1068 1425 est,
1093 1385 1193 1430 quae
1216 1370 1347 1429 ipsius
1371 1371 1502 1415 animi

111 1443 247 1488 nostri
268 1441 503 1486 rectissima
526 1440 699 1485 affectio
722 1450 783 1485 est
803 1461 814 1499 3
839 1441 872 1485 si
897 1441 943 1484 in
963 1439 1048 1485 alio
1070 1449 1132 1485 est
1151 1476 1162 1496 ,
1187 1439 1304 1485 favet
1324 1450 1374 1485 ut
1393 1457 1501 1487 con-

105 1515 342 1574 jungamur
354 1515 444 1557 Deo
457 1533 467 1569 3
483 1513 516 1557 si
534 1513 579 1556 in
594 1511 718 1556 nobis
730 1521 809 1567 est,
828 1511 918 1571 ipsa
931 1512 1173 1572 conjungit.
1190 1513 1287 1558 Non
1301 1523 1502 1572 separant

111 1586 319 1629 instantes
336 1583 546 1628 molestiae
569 1583 677 1628 :hoc
695 1583 809 1627 enim
821 1583 1002 1628 leviores
1019 1598 1089 1627 eas
1105 1584 1312 1628 sentimus
1323 1619 1333 1638 ‚
1357 1600 1446 1645 quo
1463 1586 1501 1628 ei

113 1655 231 1699 unde
249 1671 326 1700 nos
342 1669 537 1714 separare
551 1654 814 1709 moliuntur,
841 1655 999 1699 arctius
1022 1654 1301 1700 inhaeremus.
1316 1658 1414 1702 Non
1435 1672 1501 1701 se-

113 1735 238 1785 parat
258 1726 483 1785 promissio
505 1725 755 1770 futurorum
783 1744 791 1770 :
823 1740 923 1769 nam
945 1734 988 1769 et
1009 1724 1229 1785 quidquid
1256 1726 1359 1770 boni
1378 1727 1503 1771 futu-

113 1812 212 1841 rum
225 1805 304 1851 est,
317 1796 474 1841 certius
487 1795 702 1855 promittit
716 1799 829 1840 Deus
841 1817 852 1853 3
868 1805 911 1840 et
922 1794 1031 1840 nihil
1046 1805 1109 1841 est
1123 1797 1214 1856 ipso
1227 1799 1317 1842 Deo
1329 1797 1498 1854 melius,

114 1868 190 1928 qui
203 1869 292 1928 jam
309 1867 506 1928 profecto
527 1868 640 1912 bene
663 1868 743 1912 sibi
766 1867 1079 1912 inhaerentibus
1094 1883 1280 1927 praesens
1298 1878 1376 1913 est.
1403 1872 1502 1915 Non

114 1947 284 1997 separat
305 1937 492 1983 altitudo
514 1953 657 1998 neque
679 1938 948 1997 profundum
973 1957 981 1983 :
1008 1939 1168 1982 etenim
1190 1940 1224 1983 si
1253 1940 1347 1983 haec
1369 1940 1501 1984 verba

114 2008 303 2052 scientiae
352 2006 464 2052 forte
500 2008 775 2052 altitudinem
808 2007 877 2052 vel
910 2007 1181 2068 profundum
1222 2009 1494 2067 significant,

114 2094 205 2123 non
246 2093 319 2123 ero
355 2079 551 2123 curiosus
591 2094 647 2122 ne
689 2079 889 2138 sejungar
922 2095 944 2122 a
983 2081 1073 2124 Deo
1092 2114 1103 2134 ‚
1139 2095 1219 2124 nec
1243 2080 1498 2140 cujusquam

115 2149 312 2195 doctrina
333 2165 403 2194 me
432 2150 486 2194 ab
515 2165 566 2194 eo
595 2158 789 2209 separat,
829 2158 880 2193 ut
908 2150 1030 2210 quasi
1060 2149 1250 2209 depellat
1281 2166 1497 2208 errorem,

114 2235 138 2264 a
174 2236 265 2280 quo
295 2235 601 2280 nemoprorsus
628 2219 710 2264 nisi
739 2228 958 2279 separatus
992 2229 1167 2265 erraret.
1206 2221 1249 2266 Si
1273 2236 1376 2266 vero
1398 2221 1500 2266 alti-

114 2290 268 2337 tudine
310 2301 353 2336 et
395 2290 615 2352 profundo
650 2306 834 2351 superna
871 2301 914 2336 et
950 2290 1120 2336 inferna
1166 2292 1292 2352 hujus
1344 2292 1498 2338 mundi

114 2362 436 2420 significantur,
472 2363 568 2423 quis
606 2362 712 2406 mihi
742 2361 905 2407 coelum
932 2362 1216 2422 polliceatur,
1243 2372 1293 2408 ut
1332 2379 1356 2407 a
1394 2364 1498 2410 coeli

114 2432 369 2478 fabricatore
393 2434 619 2493 sejungar?
636 2436 725 2478 Aut
746 2433 842 2493 quis
860 2442 1017 2478 terreat
1037 2432 1260 2490 infernus,
1288 2443 1337 2479 ut
1358 2437 1496 2480 Deum

115 2504 336 2559 deseram,
372 2520 503 2565 quem
541 2505 574 2549 si
608 2520 836 2565 nunquam
869 2504 1149 2549 deseruissem
1168 2540 1180 2561 ,
1210 2504 1381 2551 inferna
1416 2523 1496 2552 ne-

116 2573 297 2619 scirem?
320 2577 543 2621 Postremo
576 2575 674 2635 quis
705 2590 775 2619 me
795 2573 916 2621 locus
937 2574 992 2621 ab
1013 2575 1104 2635 ejus
1124 2575 1334 2623 charitate
1354 2577 1494 2623 divel-
