1729 3143
247 168 331 210 186
683 175 718 205 s.
753 174 986 206 Auensrnrr
1016 177 1199 207 zrrscorr

242 245 368 291 nali?
388 245 500 291 Caro
517 245 563 287 in
583 252 743 286 terram
766 242 882 301 cogit
896 276 909 298 ,
932 257 1055 287 mens
1076 258 1248 288 sursum
1267 247 1410 292 tendit
1430 265 1442 294 ι
1461 249 1629 308 rapitur

241 331 388 361 amore
401 350 412 369 ‚
437 314 513 359 sed
534 311 731 357 tardatur
753 312 962 373 pondere.
989 316 1050 358 De
1071 314 1153 359 hac
1175 330 1222 359 re
1243 315 1468 376 Scriptura
1482 319 1543 363 ita
1560 319 1629 365 lo-

240 387 390 446 quitur
410 403 419 428 :
450 403 469 425 «
490 385 659 441 Corpus
682 383 800 428 enim
822 384 943 443 quod
965 385 1258 444 corrumpitur
1273 420 1286 442 ,
1310 397 1516 445 aggravat
1537 390 1632 434 ani-

240 474 261 498 »
287 469 431 508 mam,
469 461 511 497 et
543 452 752 512 deprimit
781 463 952 499 terrena
987 455 1250 501 inhabitatio
1285 471 1460 501 sensum
1493 458 1633 505 multa

240 545 258 566 »
284 523 550 581 cogitantem
563 524 595 567 1.
620 540 641 565 »
668 524 711 569 Si
735 538 838 584 ergo
861 540 961 570 caro
982 525 1029 570 in
1050 534 1211 570 terram
1233 541 1416 585 vergens
1437 542 1549 571 onus
1568 538 1632 574 est

236 595 419 649 animae,
450 603 494 639 et
517 594 685 639 sarcina
717 610 994 654 praegravans
1026 596 1341 656 praevolantem
1376 616 1386 642 ε
1417 606 1634 657 quantum

233 664 419 725 quisque
442 664 689 711 delectatur
708 667 930 726 superiore
951 665 1041 711 vita
1057 683 1134 711 sua
1150 702 1162 723 ,
1186 677 1359 712 tantum
1377 667 1561 727 deponit
1577 667 1633 713 de

231 743 404 780 terrena
425 736 592 781 sarcina
609 753 700 781 sua.
729 739 843 782 Ecce
865 735 989 797 quod
1010 737 1177 794 agimus
1195 738 1461 796 jejunantes.

289 808 370 849 III.
398 808 496 852 Non
515 808 640 852 vobis
659 823 760 866 ergo
778 807 979 852 videatur
996 807 1102 851 levis
1120 821 1186 850 res
1209 815 1287 850 aut
1307 807 1552 866 superflua,
1577 823 1634 852 ne

228 875 459 936 quisquam
482 877 596 922 torte
618 879 703 922 hoc
725 877 889 922 faciens
911 876 1119 922 Ecclesiae
1142 876 1464 921 consuetudine
1481 911 1493 931 ,
1518 878 1634 935 cogi-

226 953 289 988 tet
312 946 431 1000 apud
460 961 534 993 se,
561 956 600 984 12}
634 947 750 984 dicat
785 949 892 990 eibi,
922 956 996 979 aut
1029 955 1337 995 eug-gerentem
1370 946 1633 989 intrinsecus

228 1011 376 1057 audiat
409 1017 670 1052 tentatorem
699 1025 709 1051 :
735 1004 853 1059 Quid
883 1003 988 1050 sacis
1005 1039 1017 1060 ,
1042 1007 1145 1066 quia
1161 1009 1362 1067 jejunas?
1391 1011 1634 1058 Defraudas

227 1081 418 1126 animam
443 1087 566 1122 tuam
586 1092 727 1141 ,onon
757 1076 797 1120 ei
820 1075 895 1120 das
917 1076 1039 1137 quod
1068 1091 1165 1121 eam
1196 1078 1410 1135 delectat,
1436 1081 1518 1125 tibi
1549 1083 1633 1142 ipsi

225 1151 387 1210 ingeris
406 1164 612 1210 poenam,
638 1157 740 1193 tuus
771 1148 863 1207 ipse
891 1156 1032 1192 tortor
1055 1157 1098 1193 et
1117 1150 1333 1195 cruciator
1358 1152 1516 1197 exiStis.
1539 1156 1632 1199 Deo

228 1238 332 1281 ergo
361 1222 532 1280 placet,
557 1220 660 1280 quia
691 1229 735 1263 te
758 1219 954 1263 crucias?
976 1222 1094 1280 Ergo
1121 1221 1309 1266 crudelis
1332 1231 1397 1267 est
1415 1257 1428 1278 ,
1452 1223 1530 1285 qui
1553 1224 1632 1269 de-

226 1293 415 1337 lectatur
437 1291 580 1351 poenis
603 1290 703 1335 tuis.
738 1289 973 1350 Responde
994 1291 1246 1352 hujusmodi
1278 1295 1486 1339 tentatori
1506 1314 1516 1342 :
1539 1299 1630 1341 Ex-

226 1362 374 1408 crucio
396 1376 467 1405 me
489 1361 619 1420 plane
635 1394 647 1414 ‚
671 1369 723 1404 ut
743 1360 817 1404 ille
834 1370 983 1420 parcat
1003 1380 1012 1406 ε
1036 1362 1095 1407 do
1112 1363 1168 1406 de
1189 1378 1259 1407 me
1281 1379 1434 1423 poenas
1451 1400 1462 1421 ,
1487 1375 1538 1411 ut
1553 1366 1628 1411 ille

228 1433 460 1478 subveniat
476 1466 488 1487 ‚
514 1440 564 1475 ut
586 1430 780 1491 placeam
803 1431 940 1476 oculis
963 1433 1054 1492 ejus
1069 1467 1080 1489 ,
1111 1442 1163 1478 ut
1195 1434 1410 1479 delectem
1432 1437 1626 1483 suavita-

226 1515 315 1550 tem
337 1506 445 1564 ejus.
472 1505 583 1549 Nam
606 1513 649 1547 et
670 1503 846 1548 victima
868 1504 1169 1560 excruciatur,
1196 1514 1246 1550 ut
1276 1506 1322 1550 in
1344 1521 1460 1550 aram
1484 1508 1627 1568 impo-

225 1585 370 1621 natur.
407 1575 554 1619 Minus
587 1585 757 1634 premet
790 1585 982 1618 mentem
1014 1591 1157 1619 meam
1193 1592 1294 1620 caro
1329 1592 1442 1621 mea.
1467 1581 1524 1623 Et
1550 1580 1624 1624 tali

226 1645 457 1691 dissuasori
478 1645 594 1689 malo
612 1680 623 1700 ,
648 1660 772 1690 servo
794 1645 958 1689 ventris
973 1679 985 1699 ‚
1012 1646 1229 1705 responde
1250 1662 1328 1707 per
1344 1648 1459 1693 hanc
1479 1649 1627 1694 simili-

226 1716 425 1762 tudinem
443 1750 455 1770 ‚
481 1725 525 1759 et
546 1714 616 1760 dic
637 1734 646 1759 ε
670 1716 712 1760 Si
724 1716 926 1775 jumento
949 1716 1063 1759 forte
1085 1716 1318 1773 insideres,
1345 1719 1379 1761 si
1402 1733 1517 1779 equo
1534 1729 1626 1765 ute-

226 1788 330 1832 reris
347 1821 358 1840 ,
384 1787 460 1847 qui
484 1795 527 1830 te
560 1786 785 1845 gestiendo
808 1794 953 1845 posset
973 1787 1244 1846 praecipitare
1259 1822 1270 1842 ,
1297 1804 1445 1832 nonne
1473 1799 1524 1833 ut
1553 1806 1623 1835 se-

228 1873 358 1904 curus
378 1858 460 1901 iter
482 1871 652 1915 ageres,
679 1856 841 1900 cibaria
863 1855 1090 1901 ferocienti
1117 1857 1415 1912 subtraheres,
1443 1868 1487 1903 et
1507 1860 1624 1904 fame

228 1930 426 1975 domares
452 1944 587 1990 quem
620 1928 746 1973 freno
777 1944 867 1974 uon
896 1931 1073 1988 posses?
1103 1931 1213 1974 Caro
1246 1945 1342 1974 mea
1371 1931 1625 1990 jumentum

226 2016 376 2045 meum
393 2009 457 2045 est
478 2019 486 2045 :
512 2001 593 2044 iter
624 2015 705 2059 ago
728 2001 773 2044 in
805 2000 1073 2054 Jerusalem,
1103 1999 1365 2060 plerumque
1387 2016 1458 2045 me
1478 2002 1592 2062 rapit
1607 2038 1619 2058 ‚

229 2081 272 2116 et
293 2070 347 2115 de
368 2071 438 2116 via
459 2080 643 2116 conatur
660 2070 889 2115 excludere
902 2074 919 2097 ²
938 2091 948 2116 :
969 2071 1037 2114 via
1051 2079 1199 2115 autem
1213 2086 1309 2115 mea
1325 2072 1524 2117 Christus
1540 2083 1619 2119 est:

230 2143 288 2187 ita
314 2142 582 2187 exultantem
604 2157 694 2186 non
716 2142 934 2187 cohibebo
949 2142 1151 2202 jejunio?
1175 2143 1218 2187 Si
1240 2143 1337 2202 quis
1364 2143 1448 2187 hoc
1478 2145 1589 2202 sapit
1606 2178 1617 2199 ‚

233 2214 361 2259 etiam
380 2215 475 2274 ipso
498 2213 796 2273 experimento
821 2213 981 2273 probat
999 2247 1011 2268 ‚
1044 2228 1177 2272 quam
1199 2211 1364 2256 utiliter
1379 2213 1616 2272 jejunetur.

232 2283 459 2344 Numquid
495 2284 611 2328 enim
647 2299 745 2327 caro
777 2284 885 2338 ista,
913 2299 1012 2342 quae
1045 2297 1165 2327 nunc
1196 2281 1426 2337 domatur,
1452 2297 1620 2343 semper

235 2351 510 2399 domabitur?
543 2358 658 2399 Dum
687 2354 984 2414 temporaliter
1009 2354 1154 2399 fluitat
1170 2387 1182 2409 ,
1217 2352 1324 2397 dum
1346 2353 1620 2398 mortalitatis

236 2423 486 2470 conditione
506 2436 828 2485 praegravatur,
862 2425 997 2471 habet
1026 2424 1310 2471 exultationes
1344 2440 1442 2470 suas
1478 2425 1620 2470 mani-

285 2514 295 2530 1
317 2509 388 2550 Sap.
410 2518 456 2549 xx,
480 2510 585 2541 15.-
599 2517 611 2532 ²
635 2511 738 2542 Forte
757 2514 917 2543 excutere.
