1729 3143
540 225 595 253 DE
625 224 799 263 omnm,
832 223 917 252 Lm.
951 224 1000 250 11.
1374 210 1456 251 451

89 309 110 332 »
142 304 272 334 omne
303 290 472 349 lignum
502 289 744 336 formosum
778 288 834 334 ad
861 296 1082 348 aspectum
1100 319 1113 342 ‚
1149 294 1193 330 et
1218 286 1387 331 bonum
1408 288 1465 332 ad

86 377 109 401 »
142 374 312 405 escam:
338 369 382 404 et
413 360 583 419 lignum
613 360 714 406 vitae
749 358 962 418 plantavit
992 358 1039 402 in
1072 355 1217 402 medio
1248 356 1462 416 paradisi,

86 447 108 472 »
142 439 187 475 et
205 429 375 490 lignum
396 430 586 476 scientiae
607 430 770 475 boniet
791 428 909 474 mali.
929 427 1116 472 Flumen
1133 436 1276 471 autem
1294 427 1465 487 prodie-

88 519 108 543 »
141 500 218 545 bat
242 516 293 545 ex
313 499 464 556 Eden,
490 509 534 545 et
552 499 759 560 irrigabat
780 498 1027 558 paradisum
1052 517 1061 544 :
1085 497 1208 558 quod
1228 497 1332 542 inde
1353 497 1466 544 divi-

88 589 109 614 »
142 572 261 616 ditur
290 572 336 615 in
356 580 545 631 quatuor
570 580 728 631 partes,
764 573 934 616 Nomen
959 571 1038 614 uni
1066 571 1228 615 Phison
1245 605 1256 626 ‚
1280 571 1367 616 hoc
1399 579 1464 615 est

88 659 108 683 »
142 640 264 701 quod
284 641 436 685 circuit
454 650 590 686 totam
611 650 770 685 terram
788 639 962 685 Evilath
981 660 994 698 3
1018 640 1080 683 ibi
1097 649 1161 684 est
1182 655 1336 685 aurum
1353 675 1365 696 ,
1391 656 1469 685 au-

88 731 108 755 »
143 728 241 757 rum
262 722 406 758 autem
429 723 556 759 terrae
577 711 692 756 illius
719 711 966 771 optimum3
994 710 1055 755 ibi
1083 719 1147 755 est
1173 711 1467 756 carbunculus

89 801 109 826 ι)
141 792 185 827 et
214 783 323 842 lapis
353 784 565 842 prasinus.
602 770 659 827 'Et
689 797 851 826 nomen
879 780 1059 825 secundi
1092 780 1285 825 fluminis
1318 783 1469 834 Geon;

88 871 108 894 »
143 853 226 898 hoc
247 853 402 898 circuit
422 862 560 897 totam
577 861 737 896 terram
758 851 1006 911 AEthiopiae.
1028 853 1086 895 Et
1106 851 1273 895 flumen
1291 851 1471 896 tertium

87 941 109 965 »
141 923 277 983 Tigris
297 944 308 982 3
331 925 416 969 hoc
437 933 501 968 est
527 923 646 979 quod
669 922 789 963 vadit
808 931 961 962 contra
986 922 1199 975 Assyrios.
1224 924 1281 965 Et
1302 922 1470 965 flumen

87 1011 106 1035 »
141 1003 348 1053 quartum
371 992 530 1035 dicitur
552 990 813 1047 Euphrates.
837 990 895 1032 Et
915 988 1099 1047 sumpsit
1121 990 1333 1034 Dominus
1356 995 1469 1035 Deus

86 1084 104 1106 »
137 1064 361 1108 hominem
383 1076 517 1122 quem
539 1059 700 1105 fecerat
717 1095 728 1115 ‚
757 1069 800 1104 et
823 1060 968 1119 posuit
985 1075 1087 1105 eum
1102 1060 1148 1103 in
1165 1060 1364 1119 paradiso
1383 1097 1395 1118 ‚
1421 1071 1472 1107 ut

84 1152 105 1176 »
139 1142 392 1193 operaretur
412 1132 474 1175 ibi
490 1166 503 1187 ‚
528 1141 572 1174 et
592 1129 832 1175 custodiret
859 1145 974 1174 eum.
1007 1132 1065 1174 Et
1093 1131 1300 1190 praecepit
1322 1133 1473 1177 Domi-

0 1214 2 1220 ’
53 1263 59 1265 -
88 1222 108 1246 »
142 1220 223 1249 nus
244 1207 357 1248 Deus
375 1201 484 1247 Adae
501 1235 513 1257 ,
537 1201 687 1245 dicens
714 1220 724 1245 2
750 1203 816 1244 Ex
837 1201 958 1244 omni
974 1199 1093 1258 ligno
1114 1200 1237 1260 quod
1259 1211 1322 1245 est
1341 1201 1387 1246 in
1405 1217 1474 1261 pa-

87 1293 107 1317 »
140 1273 283 1318 radiso
305 1272 406 1316 edes
432 1271 489 1316 ad
510 1286 652 1315 escam
671 1306 681 1326 ‚
707 1269 762 1314 de
783 1269 904 1329 ligno
926 1279 1074 1314 autem
1095 1271 1286 1315 scientiae
1308 1272 1475 1317 boniet

90 1363 111 1387 »
145 1344 247 1389 mali
268 1359 359 1389 non
383 1343 519 1387 edetis
541 1343 597 1386 ab
618 1357 670 1386 eo
697 1361 705 1386 :
734 1357 822 1402 qua
842 1341 912 1385 die
943 1342 1060 1386 enim
1083 1342 1257 1387 ederitis
1283 1344 1338 1387 ab
1367 1343 1443 1388 illo
1460 1377 1473 1399 ‚

90 1435 110 1458 υ
144 1426 283 1462 morte
303 1414 563 1460 moriemini.
596 1416 652 1458 Et
673 1414 781 1457 dixit
802 1413 1012 1458 Dominus
1034 1416 1149 1458 Deus
1167 1433 1177 1459 ι
1196 1416 1295 1460 Non
1316 1424 1380 1459 est
1401 1416 1476 1460 bo-

89 1506 110 1531 »
144 1503 251 1533 num
271 1502 361 1532 esse
383 1486 606 1531 hominem
630 1484 772 1528 solum
790 1519 800 1539 ‚
833 1482 1041 1528 faciamus
1064 1485 1102 1527 ei
1125 1484 1392 1543 adjutorium
1413 1487 1474 1529 si-

89 1577 110 1601 »
143 1558 247 1602 mile
262 1558 359 1603 sibi.
380 1560 437 1602 Et
457 1569 748 1616 quaecumque
771 1555 956 1599 finxerat
975 1557 1090 1598 Deus
1108 1569 1162 1598 ex
1179 1556 1298 1599 omni
1317 1571 1474 1614 genere

87 1649 108 1673 »
142 1645 351 1690 pecorum
362 1664 373 1684 ,
399 1638 508 1673 etex
521 1627 640 1672 omni
659 1640 815 1685 genere
831 1626 1069 1670 bestiarum
1086 1627 1204 1686 agri,
1228 1637 1272 1671 et
1290 1642 1340 1671 ex
1356 1627 1476 1672 omni

90 1719 111 1743 »
146 1716 302 1760 genere
321 1699 565 1745 volatilium
586 1696 831 1742 volantium
853 1696 935 1740 sub
958 1696 1073 1742 coelo
1089 1731 1100 1752 ,
1125 1697 1330 1757 perduxit
1350 1713 1401 1742 ea
1420 1696 1475 1742 ad

89 1790 110 1815 »
145 1771 286 1817 Adam
312 1780 363 1815 ut
383 1769 550 1815 videret
578 1766 687 1828 quid
709 1782 759 1812 ea
785 1776 960 1812 vocaret
985 1786 995 1812 :
1022 1777 1066 1812 et
1087 1768 1206 1828 quod
1234 1769 1404 1813 vocavit
1425 1784 1476 1813 ea

90 1862 108 1885 »
141 1841 289 1886 omnia
317 1839 458 1884 Adam
486 1838 675 1882 animam
697 1837 867 1892 vivam,
897 1837 982 1882 hoc
1010 1846 1074 1882 est
1100 1852 1262 1882 nomen
1283 1841 1392 1899 ejus.
1417 1841 1475 1883 Et

87 1931 108 1956 »
141 1912 343 1972 posthaec
357 1910 527 1954 vocavit
535 1908 673 1953 Adam
689 1908 868 1952 nomina
882 1908 1079 1953 omnium
1093 1923 1318 1967 pecorum,
1329 1918 1373 1954 et
1383 1924 1475 1953 om·

88 2000 110 2024 »
144 1982 268 2026 nium
287 1981 433 2025 avium
446 1977 563 2032 coeli,
587 1986 631 2021 et
648 1976 848 2022 omnium
862 1977 1099 2022 bestiarum
1113 1980 1205 2037 agri
1225 1997 1235 2024 ς
1255 1988 1300 2023 et
1323 1994 1476 2024 secun-

88 2070 108 2095 »
143 2051 252 2096 dum
266 2048 388 2110 quod
395 2048 566 2093 vocavit
577 2062 626 2091 ea
641 2046 797 2101 Adam,
815 2047 900 2091 hoc
912 2056 976 2092 est
991 2063 1152 2092 nomen
1164 2063 1317 2094 eorum
1334 2063 1474 2109 usque

90 2141 111 2165 »
144 2123 191 2168 iu
211 2121 475 2167 hodiernum
491 2117 622 2163 diem.
649 2118 735 2177 Ipsi
759 2127 906 2162 autem
933 2118 1042 2163 Adae
1070 2119 1270 2165 nondum
1289 2118 1374 2165 fuit
1394 2119 1473 2165 ad-

89 2212 110 2236 »
145 2193 356 2255 jutorium
375 2190 514 2235 simile
531 2188 611 2234 illi.
632 2191 689 2234 Et
706 2189 883 2233 immisit
899 2192 1014 2234 Deus
1027 2206 1230 2251 soporem
1249 2190 1297 2235 in
1315 2190 1475 2247 Adam,

91 2283 112 2307 »
147 2273 192 2309 et
208 2263 504 2310 obdormivit:
532 2270 576 2306 et
607 2260 790 2320 sumpsit
813 2263 926 2305 Deus
947 2276 1082 2306 unam
1112 2261 1168 2306 de
1200 2262 1329 2307 costis
1357 2264 1478 2323 ejus,

93 2352 115 2377 »
147 2344 193 2380 et
212 2333 410 2394 implevit
430 2332 577 2378 locum
599 2332 689 2392 ejus
706 2346 835 2377 carne
850 2366 861 2387 ‚
886 2340 930 2376 et
951 2330 1155 2378 formavit
1177 2336 1292 2378 Deus
1314 2343 1479 2379 costam

95 2425 114 2449 »
150 2420 284 2466 quam
306 2405 468 2464 accepit
491 2405 545 2449 ab
569 2403 709 2448 Adam
729 2403 775 2448 in
798 2402 1044 2448 mulierem.
1073 2407 1131 2453 Et
1159 2404 1339 2449 adduxit
1360 2404 1480 2449 illam

95 2494 117 2518 »
151 2477 206 2521 ad
223 2475 362 2521 Adam
380 2509 391 2530 ‚
416 2484 465 2520 ut
483 2474 647 2519 videret
664 2472 773 2534 quid
790 2489 886 2518 eam
903 2483 1092 2519 vocaret.
1116 2477 1173 2520 Et
1190 2474 1298 2520 dixit
1315 2474 1476 2520 Adam:

101 2563 123 2589 »
158 2549 251 2593 Hoc
273 2561 391 2592 nunc
424 2560 470 2591 os
503 2560 554 2590 ex
577 2545 742 2590 ossibus
772 2546 876 2589 meis
895 2579 907 2601 ‚
942 2554 986 2590 et
1005 2560 1105 2592 caro
1130 2546 1185 2591 de
1206 2560 1335 2591 carne
1356 2559 1453 2590 mea
1472 2577 1483 2599 ‚

1259 2617 1326 2655 29.
