1729 3143
229 197 327 233 226·
662 204 693 230 s.
732 204 962 229 Auous‘rim
995 204 1175 230 znscom

274 273 467 315 XXXII.
493 270 706 313 Elcesaeos
724 276 768 311 et
785 269 1024 326 Sampsaeos
1040 268 1112 311 hic
1133 277 1344 327 tanquam
1359 269 1513 313 ordine
1528 284 1607 313 suo

216 349 527 387 commemorat
548 338 819 396 Epiphanius
835 373 846 393 ‚
879 353 988 398 quos
1009 337 1115 382 dicit
1143 354 1167 382 a
1195 338 1389 397 quodam
1412 339 1603 398 pseudo-

214 412 429 471 propheta
451 423 541 453 esse
561 408 766 467 deceptos
781 443 793 464 ‚
818 409 895 468 qui
916 409 1156 453 vocabatur
1178 407 1296 463 Elei,
1321 423 1375 452 ex
1396 410 1519 468 cujus
1538 424 1608 468 ge-

211 497 315 526 nere
330 480 437 524 duas
453 477 654 523 mulieres
666 487 876 539 tanquam
890 478 991 523 deas
1010 479 1065 523 ab
1084 479 1143 523 eis
1161 478 1364 538 perhibet
1380 478 1605 524 adoratas:

209 560 365 596 caetera
386 549 608 594 Ebionaeis
629 558 779 594 tenere
802 549 973 594 similia.

269 621 480 664 XXXIII.
502 620 791 665 Theodotiani
807 635 831 664 a
844 618 1072 664 Theodoto
1087 619 1282 679 quodam
1296 619 1503 673 instituti,
1522 620 1606 664 ho·

215 689 380 734 minem
405 690 716 736 tantummodo
745 691 970 736 Christum
1003 698 1262 734 asseverant.
1289 689 1417 742 Quod
1449 688 1612 734 dicitur

214 760 331 805 idem
350 762 604 806 Theodotus
619 770 850 821 propterea
871 760 1067 805 docuisse
1082 795 1093 815 ‚
1115 760 1220 820 quia
1241 759 1287 802 in
1309 760 1611 818 persecutione

212 831 360 891 lapsus
375 833 458 878 isto
470 833 604 878 modo
616 847 661 877 se
677 847 801 877 casus
815 832 880 876 sui
895 832 1089 877 devitare
1102 830 1289 890 putabat
1302 830 1610 890 opprobrium,

211 902 244 947 si
273 918 364 947 non
385 907 530 947 Deum
551 918 728 961 negasse
743 938 754 958 ‚
780 903 857 946 sed
878 902 1104 947 hominem
1119 900 1361 945 videretur.

276 974 482 1016 XXXIV.
526 972 905 1017 Melchisedeciani
924 1006 935 1027 ,
975 971 1298 1016 Melchisedech
1341 968 1613 1013 sacerdotem

215 1041 295 1085 Dei
330 1041 514 1097 excelsi,
539 1058 631 1087 non
658 1043 883 1087 hominem
904 1040 1036 1086 fuisse
1051 1076 1062 1097 ‚
1087 1040 1164 1086 sed
1185 1042 1392 1084 virtutem
1415 1039 1495 1083 Dei
1522 1054 1613 1083 esse

213 1111 501 1157 arbitrantur.
843 1151 846 1154 .

269 1185 455 1226 XXXV.
490 1177 804 1223 Bardesanistae
839 1194 861 1222 a
898 1183 1091 1239 quodam
1129 1181 1373 1227 Bardesane
1394 1215 1406 1235 ‚
1448 1180 1526 1240 qui
1569 1180 1616 1224 in

214 1249 414 1293 doctrina
444 1246 605 1293 Christi
634 1247 754 1305 prius
788 1247 976 1293 extitisse
1008 1253 1266 1310 perhibetur
1294 1249 1476 1305 insignis
1505 1268 1514 1290 :
1539 1247 1617 1291 sed

209 1326 390 1378 postea,
424 1316 626 1376 quamvis
647 1331 738 1361 non
767 1331 845 1376 per
878 1319 1050 1372 omnia,
1074 1323 1124 1361 in
1160 1315 1380 1361 Valentini
1413 1317 1616 1361 haeresim

215 1388 362 1448 lapsus
384 1396 465 1431 est.

273 1459 482 1502 XXXVI.
518 1457 720 1503 Noetiani
738 1473 761 1500 a
783 1456 977 1516 quodam
995 1459 1134 1503 Noeto
1148 1492 1158 1512 ,
1184 1458 1262 1517 qui
1280 1457 1453 1501 dicebat
1471 1457 1616 1502 Chris-

216 1539 311 1574 tum
333 1529 539 1572 eumdem
562 1529 704 1587 ipsum
727 1543 816 1572 esse
840 1531 1013 1572 Patrem
1035 1537 1079 1572 et
1103 1528 1313 1587 Spiritum
1339 1537 1553 1572 sanctum.

273 1600 506 1642 XXXVII.
542 1598 700 1642 Valesii
718 1606 761 1641 et
782 1613 826 1642 se
848 1598 963 1657 ipsos
981 1606 1172 1642 castrant
1187 1633 1198 1652 ‚
1225 1607 1268 1642 et
1284 1598 1479 1657 hospites
1496 1614 1612 1653 suos,

216 1672 300 1714 hoc
321 1669 454 1714 modo
471 1670 764 1715 existimantes
783 1673 873 1713 Deo
890 1685 934 1713 se
951 1669 1114 1713 debere
1130 1670 1304 1713 servire.
1325 1669 1423 1714 Alia
1439 1684 1617 1730 quoque

217 1739 424 1784 haeretica
445 1741 603 1785 docere
625 1739 833 1784 dicuntur
848 1749 890 1783 et
905 1741 1049 1799 turpia
1071 1759 1080 1784 ε
1106 1739 1181 1784 sed
1199 1756 1298 1800 quae
1316 1740 1388 1784 illa
1403 1741 1489 1784 sint
1504 1775 1515 1794 ‚
1536 1755 1618 1784 nec

220 1811 312 1870 ipse
337 1811 622 1855 commoravit
646 1810 944 1869 Epiphanius,
970 1825 1051 1854 nec
1074 1810 1242 1868 uspiam
1264 1811 1389 1869 potui
1410 1811 1614 1868 reperire.

272 1884 526 1926 XXXVIII.
548 1882 740 1936 Cathari,
763 1882 840 1941 qui
854 1896 897 1924 se
910 1882 1023 1940 ipsos
1036 1881 1118 1924 isto
1131 1881 1327 1934 nomine,
1345 1881 1468 1939 quasi
1487 1896 1617 1939 prop-

216 1961 280 1996 ter
297 1952 577 2006 munditiam,
599 1952 906 2011 superbissime
922 1960 1054 2011 atque
1072 1950 1340 1994 odiosissime
1363 1951 1613 2005 nominant,

216 2022 429 2068 secundas
450 2024 625 2082 nuptias
647 2038 738 2067 non
759 2021 1023 2076 admittunt,
1049 2020 1355 2080 poenitentiam
1379 2020 1613 2079 denegant,

219 2096 439 2139 Novatum
457 2102 669 2138 sectantes
692 2092 946 2137 haereticum
971 2111 980 2137 :
1002 2091 1122 2135 unde
1141 2091 1272 2135 etiam
1290 2090 1521 2137 Novatiani
1537 2105 1617 2149 ap-

223 2164 463 2224 pellantur.

282 2236 489 2279 XXXIX.
525 2232 720 2292 Angelici
736 2267 747 2287 ‚
788 2234 834 2276 in
874 2230 1144 2291 Angelorum
1183 2230 1352 2275 cultum
1390 2229 1614 2286 inclinati,

226 2322 332 2366 quos
356 2306 628 2366 Epiphanius
641 2306 730 2364 jam
749 2304 928 2348 omnino
949 2302 1156 2346 defecisse
1179 2310 1374 2345 testatur.

283 2379 376 2420 XL.
414 2375 650 2436 Apostolici
665 2411 674 2429 ,
702 2375 778 2435 qui
805 2390 848 2417 se
868 2374 950 2417 isto
972 2374 1151 2417 nomine
1171 2372 1516 2428 arrogantissime
1537 2387 1615 2416 vo-

229 2457 461 2501 caverunt,
489 2464 540 2491 eo
558 2445 677 2505 quod
695 2447 739 2489 in
757 2460 879 2489 suam
896 2443 1250 2488 communionem
1269 2457 1358 2486 non
1376 2443 1617 2500 reciperent

232 2523 399 2559 utentes
421 2517 681 2575 conjugibus
702 2524 746 2558 et
764 2530 828 2558 res
846 2513 1041 2573 proprias
1063 2511 1353 2571 possidentes:
1379 2510 1527 2572 quales
1542 2512 1613 2556 ha-

1708 2964 1729 3143 55⁶-—
