1729 3143
229 179 312 217 200
658 187 691 215 s.
728 186 961 215 Aneus‘nm
993 188 1174 215 Emscom

228 263 271 298 et
294 254 412 314 apud
435 257 573 297 Deum
594 260 697 295 sunt
723 252 898 313 spiritus
920 267 1093 307 eorum,
1124 261 1168 297 et
1189 267 1369 312 corpora
1389 267 1542 297 eorum
1562 253 1609 296 in

224 335 336 370 terra
357 326 577 368 fluxerunt
595 342 604 368 ε
630 333 858 383 expectant
874 323 1233 369 resurrectionem
1247 333 1291 368 et
1307 324 1362 368 ad
1382 323 1612 367 dexteram

230 395 578 449 collocationem,
604 410 684 439 nec
706 395 897 455 aliquam
919 396 964 440 in
988 396 1071 439 hoc
1093 394 1262 440 mundo
1284 393 1613 439 tribulationem

226 466 404 517 timent,
432 463 548 507 unde
571 479 613 508 se
637 465 815 524 cupiant
845 465 1033 508 liberari.
1069 463 1301 517 Quomodo
1331 478 1432 521 ergo
1466 464 1520 507 de
1541 463 1615 506 illa

226 534 507 578 tribulatione
539 534 845 580 liberabuntur
877 538 994 590 No'e,
1021 534 1174 578 Daniel
1204 544 1248 578 et
1283 534 1400 577 Job?
1428 532 1616 586 Quando

224 603 395 647 dicebat
414 603 494 648 ista
516 606 734 660 Ezechiel,
751 605 867 650 solus
885 606 1068 650 forsitan
1086 604 1240 649 Daniel
1254 604 1300 647 in
1314 618 1496 663 corpore
1515 602 1612 646 fuit.

223 677 333 720 Nam
362 677 453 720 Noe
486 685 529 720 et
558 677 643 720 Job
667 678 756 736 jam
786 676 891 721 olim
915 677 1199 730 dormierant,
1226 683 1270 719 et
1292 689 1446 720 somno
1467 671 1618 716 mortis

224 746 420 804 patribus
443 748 627 806 appositi
650 747 839 792 fuerant.
864 747 1096 801 Quomodo
1118 762 1221 806 ergo
1238 753 1442 806 poterant
1463 744 1518 787 de
1534 744 1619 787 im-

225 817 420 861 minente
441 818 724 862 tribulatione
746 818 936 874 liberari,
958 820 1049 879 jam
1071 817 1176 862 olim
1192 816 1247 861 de
1268 830 1398 860 carne
1419 813 1619 858 liberati?
1682 811 1685 863 ζ
1727 807 1729 811 ⁴

227 887 311 931 Sed
329 887 373 931 in
391 890 483 933 Noe
502 889 802 946 significantur
820 890 925 933 boni
942 889 1180 948 praepositi,
1202 888 1278 946 qui
1300 893 1462 943 regunt
1478 893 1520 926 et
1539 897 1622 939 gu-

226 955 415 995 bernant
439 958 694 1001 Ecclesiam,
723 957 946 1006 quomodo
978 955 1068 992 Noe
1101 953 1146 992 in
1176 948 1343 992 diluvio
1365 949 1626 1006 gubernavit

227 1034 385 1064 arcam.
414 1020 465 1061 In
483 1016 662 1061 Daniele
677 1017 979 1075 significantur
996 1033 1148 1062 omnes
1166 1018 1303 1063 sancti
1319 1018 1592 1063 continentes
1609 1037 1618 1063 :

226 1092 272 1134 in
295 1089 380 1132 Job
403 1102 554 1132 omnes
576 1087 796 1146 conjugati
814 1089 930 1147 juste
953 1097 997 1133 et
1019 1089 1134 1132 bene
1154 1089 1365 1134 viventes.
1386 1091 1490 1133 Haec
1507 1089 1624 1132 enim

229 1159 310 1204 tria
328 1173 484 1216 genera
502 1157 733 1200 hominum
752 1157 806 1200 de
820 1157 892 1201 illa
910 1157 1196 1202 tribulatione
1214 1158 1370 1203 liberat
1388 1162 1517 1202 Deus.
1539 1161 1623 1202 Ta-

229 1244 330 1274 men
352 1236 568 1287 quantum
591 1227 644 1271 sit
665 1227 997 1272 commendatus
1022 1228 1201 1284 Daniel,
1233 1244 1284 1272 ex
1312 1230 1396 1275 hoc
1419 1237 1595 1287 apparet
1610 1262 1622 1283 ,

229 1297 350 1359 quod
371 1312 484 1340 unus
503 1311 552 1340 ex
570 1296 656 1340 illis
678 1298 816 1341 tribus
840 1299 1001 1343 meruit
1019 1300 1235 1343 nominari
1255 1320 1266 1357 3
1286 1309 1331 1343 et
1353 1308 1499 1343 tamen
1516 1313 1625 1343 con-

231 1370 378 1412 fitetur
397 1376 575 1426 peccata
607 1382 697 1410 sua.
724 1368 902 1412 Daniele
926 1384 1029 1427 ergo
1052 1370 1289 1413 confitente
1312 1378 1489 1427 peccata
1519 1384 1593 1412 sua
1611 1403 1623 1424 ‚

229 1439 351 1497 cujus
369 1436 572 1495 superbia
593 1452 682 1480 non
707 1439 1013 1482 contremiscat
1030 1473 1041 1493 ,
1068 1440 1193 1497 cujus
1215 1439 1385 1483 inflatio
1409 1454 1498 1483 non
1520 1438 1627 1482 resi-

230 1510 331 1562 dat,
358 1508 480 1567 cujus
513 1516 661 1552 tumor
683 1517 726 1552 et
755 1508 886 1554 elatio
915 1525 1004 1554 non
1035 1509 1295 1554 cohibeatur
1317 1511 1334 1553 Ρ
1365 1509 1508 1562 «Quis
1531 1509 1627 1568 glo-

233 1597 254 1620 »
280 1578 416 1621 rietur
432 1587 599 1621 castum
617 1593 662 1622 se
677 1579 839 1623 habere
860 1594 950 1634 cor,
970 1590 1045 1624 aut
1063 1581 1157 1640 quis
1176 1580 1387 1639 glorietur
1410 1579 1629 1624 mundum

235 1666 256 1689 »
282 1663 326 1692 se
349 1662 438 1691 esse
460 1663 483 1691 a
506 1650 744 1706 peccat01‘?
766 1668 783 1689 »
810 1652 866 1693 Et
888 1650 1100 1694 mirantur
1124 1651 1321 1695 homines
1339 1685 1350 1705 ,
1388 1659 1432 1694 et
1460 1650 1630 1694 utinam

230 1726 403 1762 tantum
419 1718 698 1772 mirarentur,
721 1727 765 1761 et
787 1733 877 1762 non
899 1720 1029 1763 etiam
1057 1720 1427 1778 blasphemarent,
1452 1720 1631 1778 quando

233 1788 411 1846 corripit
435 1790 547 1831 Deus
581 1802 716 1845 genus
746 1788 1015 1843 humanum,
1050 1798 1094 1832 et
1125 1789 1304 1846 flagellis
1332 1789 1416 1847 piae
1446 1788 1632 1847 castiga·

232 1859 362 1903 tionis
393 1859 605 1917 exagitat,
640 1874 841 1903 exercens
876 1869 978 1904 ante
1010 1859 1229 1919 judicium
1263 1859 1565 1918 disciplinam,
1591 1869 1634 1904 et

236 1929 496 1989 plerumque
524 1944 613 1972 non
647 1928 809 1987 eligens
845 1945 978 1990 quem
1015 1929 1229 1988 flagellet,
1265 1929 1418 1973 nolens
1439 1930 1634 1974 invenire

237 2015 368 2060 quem
400 1999 593 2044 damnet.
629 1999 843 2058 Flagellat
878 2001 994 2044 enim
1030 2001 1158 2043 simul
1185 2001 1325 2059 justos
1347 2008 1391 2044 et
1414 2000 1595 2059 injustos
1622 2019 1631 2045 :

239 2085 493 2129 quanquam
516 2070 612 2129 quis
630 2071 773 2128 justus
791 2104 801 2124 ,
841 2071 875 2113 si
908 2069 1061 2113 Daniel
1083 2078 1261 2128 peccata
1290 2069 1465 2128 propria
1494 2070 1634 2114 confi-

244 2149 363 2184 tetur
380 2142 398 2183 Ξ)

300 2214 359 2255 Il.
394 2214 525 2254 Lecta
547 2219 609 2254 est
628 2219 727 2254 ante
751 2209 841 2253 dies
865 2210 995 2254 lectio
1017 2209 1118 2253 libri
1140 2210 1353 2253 Geneseos
1372 2243 1382 2262 ‚
1407 2224 1507 2268 quae
1524 2224 1603 2253 nos
1620 2244 1631 2264 ,

247 2281 327 2323 nisi
348 2280 494 2337 fallor,
520 2280 712 2325 multum
736 2279 840 2324 fecit
857 2280 1064 2334 intentos,
1085 2278 1163 2322 ubi
1180 2278 1403 2322 Abraham
1423 2278 1528 2321 dicit
1549 2281 1637 2322 Do-

248 2349 380 2404 mino,
408 2361 555 2395 utrum
579 2351 612 2395 si
634 2351 827 2395 inveniat
853 2350 899 2393 in
929 2350 1101 2394 civitate
1122 2348 1439 2407 quinquaginta
1466 2349 1604 2406 justos
1621 2383 1632 2402 ,

250 2430 396 2477 parcat
416 2423 576 2466 civitati
592 2431 768 2480 propter
786 2437 856 2465 eos
860 2456 874 2476 ,
894 2437 949 2465 an
965 2435 1065 2466 cum
1083 2420 1184 2478 ipsis
1201 2417 1354 2477 perdat
1371 2418 1631 2463 civitatem2.

303 2509 312 2525 ¹
335 2504 423 2535 Prov.
446 2516 493 2535 xx.
511 2521 550 2526 —
572 2512 582 2527 ²
601 2507 680 2536 Gen.
704 2515 793 2544 xvm,
811 2503 864 2544 24.
