1729 3143
415 200 469 228 DE
501 198 654 228 namo
686 195 900 236 Amnum,
935 196 1017 224 Lm.
1054 196 1102 222 11.
1367 181 1451 221 345

1 266 5 320 L
72 268 197 314 nobis
219 282 337 323 eam,
362 267 542 327 darique
559 264 814 326 oportuisse.
836 267 887 309 Α.
906 264 1023 307 Bene
1039 260 1272 306 meministi
1292 274 1454 319 propo-

72 342 178 386 sita:
205 349 248 385 et
268 339 503 385 secundam
524 337 807 398 quaestionem
829 336 920 394 jam
942 333 1200 393 explicatam
1226 329 1455 390 vigilanter

73 410 412 456 animadvertisti
442 429 451 455 :
484 408 560 454 sed
589 406 736 452 videre
757 405 948 450 debuisti
976 405 1104 449 etiam
1134 404 1259 448 istam
1282 401 1456 446 tertiam

0 468 1 505 ἶ
65 483 155 542 jam
177 481 380 527 solutam.
408 484 640 538 Propterea
668 476 831 538 quippe
860 475 940 519 tibi
966 475 1103 518 videri
1134 474 1327 527 dixeraS,
1364 470 1458 516 dari

72 568 161 597 non
184 552 383 597 debuisse
403 551 589 595 liberum
605 547 842 594 voluntatis
860 545 1086 590 arbitrium
1099 580 1109 600 ,
1136 545 1256 605 quod
1274 559 1326 589 eo
1342 543 1457 604 quis-

72 637 158 682 que
180 631 344 682 peccat.
371 622 453 667 Cui
473 619 698 665 sententiae
721 627 809 663 tuae
824 632 924 662 cum
941 631 1022 675 ego
1038 614 1278 659 intulissem
1291 617 1324 671 ¹,
1341 622 1459 659 recte

72 694 166 738 fieri
189 709 277 738 non
294 708 417 752 posse
432 727 443 747 ‚
468 691 548 736 nisi
566 689 721 736 eodem
743 689 883 734 libero
905 686 1141 733 voluntatis
1162 685 1339 731 arbitrio
1356 720 1367 742 ‚
1391 693 1460 730 at-

71 779 158 824 que
178 763 234 807 ad
249 762 295 807 id
319 763 461 822 potius
483 762 567 806 hoc
585 764 724 806 Deum
746 759 914 804 dedisse
936 773 1220 804 asseverarem
1243 776 1251 802 :
1277 771 1460 816 respon-

70 834 170 879 disti
192 834 375 879 liberam
398 833 669 878 voluntatem
691 833 750 877 ita
773 832 898 876 nobis
920 829 1013 875 dari
1043 829 1243 874 debuisse
1261 863 1272 884 ‚
1297 837 1347 873 ut
1362 829 1459 887 jus-

69 905 162 949 titia
180 904 281 949 data
298 913 375 958 est,
393 920 479 962 qua
495 919 625 947 nemo
639 903 717 946 nisi
731 911 846 947 recte
862 910 1003 959 potest
1017 901 1097 945 uti.
1116 903 1225 952 Quae
1237 899 1460 958 responsio

69 985 143 1019 tua
160 976 205 1016 in
222 982 364 1017 tantos
382 973 586 1017 circuitus
604 970 908 1031 disputationis
925 985 1003 1014 nos
1022 969 1082 1013 ire
1104 970 1343 1029 compulit,
1365 968 1461 1029 qui-

68 1045 151 1087 bus
174 1044 253 1087 tibi
279 1044 587 1103 probaremus,
613 1052 656 1087 et
678 1044 840 1102 majora
862 1050 905 1085 et
926 1041 1091 1086 minora
1113 1041 1230 1085 bona
1258 1057 1347 1085 non
1370 1056 1460 1085 esse

67 1116 148 1159 nisi
180 1129 231 1157 ex
256 1117 359 1158 Deo.
392 1114 519 1167 Quod
542 1130 632 1158 non
659 1123 747 1158 tam
781 1112 971 1158 dilucide
993 1111 1162 1158 ostendi
1185 1121 1327 1172 posset
1343 1147 1353 1166 ,
1379 1112 1461 1156 nisi

67 1185 185 1244 prius
208 1183 413 1228 adversus
435 1184 659 1242 opiniones
683 1184 827 1243 impiae
849 1182 1045 1227 stultitiae
1062 1218 1073 1238 ,
1104 1198 1191 1242 qua
1218 1202 1237 1224 «
1256 1183 1366 1227 Dicit
1388 1183 1459 1226 in-

70 1273 91 1297 »
117 1255 274 1314 sipiens
295 1254 340 1297 in
358 1254 489 1299 corde
506 1269 584 1298 suo
606 1272 616 1298 :
641 1255 739 1299 Non
756 1263 820 1297 est
837 1256 993 1308 Deus2‚
1012 1272 1032 1294 »
1059 1253 1390 1313 qualiscumque
1405 1252 1460 1297 de

70 1341 116 1371 re
135 1335 255 1371 tanta
277 1341 356 1386 pro
379 1324 561 1370 modulo
583 1334 730 1370 nostro
762 1324 867 1368 inita
896 1324 1004 1369 ratio
1026 1359 1037 1380 ,
1069 1323 1224 1369 eodem
1252 1325 1346 1384 ipso
1368 1327 1461 1369 Deo

69 1399 114 1441 in
135 1407 224 1441 tam
245 1396 490 1456 periculoso
512 1396 666 1441 itinere
684 1395 808 1439 nobis
832 1394 1090 1454 opitulante,
1115 1395 1160 1439 in
1179 1395 1348 1456 aliquid
1364 1410 1460 1439 ma-

69 1467 277 1513 nifestum
307 1467 623 1512 intenderetur.
661 1470 765 1520 Quae
799 1466 889 1510 duo
923 1474 1092 1520 tamen,
1124 1465 1171 1509 id
1202 1474 1293 1520 est,
1319 1469 1461 1510 Deum.

70 1555 160 1584 esse
183 1549 226 1584 et
246 1540 390 1584 omnia
422 1539 539 1583 bona
574 1553 625 1582 ex
656 1537 749 1597 ipso
782 1551 898 1591 esse,
931 1551 1184 1596 quanquam
1206 1537 1459 1581 inconcussa

70 1610 156 1654 fide
174 1611 301 1654 etiam
324 1619 449 1653 antea
470 1617 723 1653 tenerentur
740 1643 751 1664 ‚
779 1608 837 1651 sic
867 1617 1012 1652 tamen
1039 1615 1221 1652 tractata
1253 1615 1354 1652 sunt
1370 1643 1381 1663 ,
1410 1617 1461 1652 ut

69 1682 154 1726 hoc
176 1696 354 1742 quoque
382 1681 561 1724 tertium
577 1715 588 1735 ⁷
618 1680 733 1724 inter
755 1680 871 1724 hona
893 1693 983 1723 esse
1004 1678 1321 1724 numerandam
1349 1678 1460 1723 libe-

70 1767 160 1797 ram
184 1751 484 1806 voluntatem‚
511 1749 858 1795 manifestissime
880 1758 1101 1810 appareat.

127 1825 331 1867 XLVIII.
360 1824 457 1866 Jam
487 1822 601 1865 enim
631 1822 853 1881 superiore
877 1821 1170 1881 disputatione
1191 1819 1459 1881 patefactum

70 1904 161 1949 est,
195 1893 478 1953 constititque
508 1894 621 1937 inter
653 1909 760 1948 nos,
793 1902 994 1938 naturam
1033 1893 1225 1952 corporis
1255 1893 1459 1938 inferiore

72 1964 210 2024 gradu
227 1978 316 2007 esse
333 1978 466 2023 quam
480 1963 614 2006 animi
627 1973 846 2018 naturam,
863 1979 911 2008 ac
926 1978 1002 2023 per
1015 1964 1100 2008 hoc
1113 1964 1308 2007 animum
1321 1964 1458 2023 majus

70 2036 237 2080 bonum
251 2049 340 2079 esse
362 2048 495 2095 quam
509 2049 681 2094 corpus.
702 2035 743 2080 Si
758 2050 858 2094 ergo
876 2035 921 2079 in
936 2034 1127 2095 corporis
1144 2033 1269 2078 bonis
1285 2034 1458 2078 inveni-

69 2121 168 2150 mus
196 2105 340 2166 aliqua
362 2105 524 2166 quibus
544 2121 634 2150 non
659 2115 775 2150 recte
794 2107 859 2150 uti
877 2106 1009 2150 homo
1027 2105 1185 2165 possit,
1209 2119 1290 2149 nec
1311 2114 1459 2149 tamen

5 2197 8 2200 ⁴
69 2186 299 2237 propterea
321 2175 506 2221 dicimus
522 2212 532 2232 ‚
560 2192 650 2221 non
672 2192 722 2221 ea
750 2177 843 2221 dari
874 2177 1075 2222 debuisse
1091 2213 1103 2233 ,
1137 2177 1343 2237 quoniam
1367 2192 1456 2221 esse

70 2248 331 2292 confitemur
354 2249 467 2292 bona
488 2268 498 2304 3
519 2247 626 2308 quid
642 2247 801 2291 mirum
814 2248 848 2292 si
861 2257 904 2292 et
921 2248 965 2291 in
978 2247 1123 2294 animo
1137 2256 1238 2292 sunt
1253 2247 1455 2308 quaedam

70 2320 186 2363 bona
207 2354 217 2374 ‚
259 2319 418 2379 quibus
452 2319 583 2363 etiam
614 2334 703 2363 non
737 2327 853 2363 recte
886 2319 951 2363 uti
978 2320 1218 2378 possimus,
1253 2318 1328 2364 sed
1355 2318 1456 2379 quia

70 2391 184 2435 bona
211 2398 339 2444 sunt,
375 2405 465 2434 non
494 2398 733 2450 potuerunt
753 2390 845 2435 dari
877 2390 956 2434 nisi
980 2391 1035 2434 ab
1066 2389 1167 2446 illo,
1200 2406 1223 2434 a
1245 2405 1334 2450 quo
1355 2399 1455 2434 sunt

71 2461 217 2506 omnia
238 2461 388 2505 bona?
409 2460 540 2506 Vides
562 2462 676 2506 enim
699 2471 913 2522 quantum
935 2462 1040 2507 boni
1061 2461 1173 2507 desit
1195 2461 1366 2521 corpori
1384 2462 1452 2505 cui

121 2553 131 2567 ¹
153 2557 164 2579 1
185 2548 326 2581 Retract.
346 2557 419 2589 cap.
442 2558 485 2589 lx,
502 2558 532 2580 n.
551 2547 581 2579 3.
600 2564 636 2572 -
655 2553 667 2570 2
690 2546 769 2581 Psal.
789 2558 843 2580 ιιι.
