1729 3143
633 228 687 255 DE
719 225 960 256 ΡΑΤῙΕΝΤΙΑ.
1462 219 1487 256 7

112 291 205 347 sed,
225 291 437 336 «Animas
452 300 663 337 vestras.»
682 291 727 336 Si
744 306 846 350 ergo
862 300 983 337 tanta
999 291 1153 336 suffert
1169 292 1311 336 anima
1325 301 1375 336 ut
1390 307 1490 351 pos-

111 361 249 405 sideat
282 361 400 404 unde
429 370 601 420 pereat,
638 369 800 420 quanta
841 360 973 405 debet
1004 362 1184 406 sufferre
1216 376 1272 405 ne
1307 365 1490 421 pereat?

110 429 278 474 Deinde
307 439 358 474 ut
387 429 497 473 illud
528 429 669 473 dicam
691 428 812 489 quod
833 429 1051 488 culpabile
1079 446 1169 476 non
1189 439 1270 486 est,
1307 431 1343 474 si
1371 440 1492 476 tanta

111 500 265 544 suffert
285 514 363 558 pro
383 498 521 542 salute
548 499 686 543 carnis
707 514 797 543 suae
818 499 931 542 inter
952 514 1106 543 manus
1134 499 1374 545 secantium
1405 502 1493 546 sive

110 569 333 612 urentium
365 568 651 623 medicorum,
685 577 848 628 quanta
882 567 1014 612 debet
1045 569 1225 613 sufferre
1254 586 1333 629 pro
1354 570 1494 615 salute

110 653 185 682 sua
207 637 322 680 inter
342 635 509 682 furores
532 638 832 698 quorumlibet
853 638 1160 682 inimicorum?
1182 641 1294 683 Cum
1315 641 1492 696 medici,

108 721 163 750 ne
176 722 334 766 corpus
348 707 573 762 moriatur,
595 723 672 766 per
693 723 846 767 poenas
862 708 1036 767 corpori
1053 708 1282 753 consulant
1297 729 1308 766 3
1332 710 1496 754 inimici

108 786 253 821 autem
276 793 425 837 poenas
448 787 492 821 et
518 788 704 822 mortem
725 779 897 838 corpori
918 778 1243 834 comminando,
1278 788 1329 823 ut
1350 780 1494 825 anima

107 856 150 890 et
166 862 323 905 corpus
341 848 387 890 in
405 847 602 904 gehenna
617 849 839 892 occidatur
852 849 1095 908 impellant.

165 919 264 960 VII.
300 919 562 976 Quanquam
585 928 627 962 et
648 919 728 977 ipsi
749 919 920 977 corpori
941 902 1046 988 tfl'nc
1068 918 1368 977 providentius
1385 934 1495 963 con-

106 985 286 1040 sulatur,
310 986 346 1029 si
363 986 610 1046 temporalis
637 988 750 1031 salus
768 989 861 1046 ejus
883 1003 962 1046 pro
980 988 1147 1047 justitia
1166 997 1491 1045 contemnatur,

105 1064 149 1099 et
164 1070 295 1113 poena
309 1056 377 1099 vel
395 1071 509 1100 mors
526 1058 616 1116 ejus
634 1057 943 1115 patientissime
961 1072 1040 1115 pro
1053 1057 1220 1116 justitia
1238 1057 1490 1103 sufferatur.

105 1127 167 1168 De
187 1126 379 1184 corporis
400 1127 563 1181 quippe
586 1127 886 1184 redemptione
913 1142 1014 1186 quae
1046 1128 1089 1170 in
1117 1127 1204 1171 fine
1231 1128 1381 1172 futura
1411 1138 1490 1184 est,

103 1192 298 1250 loquitur
321 1190 569 1249 Apostolus,
593 1192 671 1235 ubi
693 1195 752 1236 ait
769 1212 781 1236 .·
800 1214 820 1235 «
836 1199 892 1239 Et
908 1196 989 1250 ipsi
1010 1196 1056 1240 in
1078 1196 1399 1255 nobismetipsis
1421 1198 1493 1241 in-

107 1279 128 1303 »
163 1260 452 1318 gemiscimus,
478 1261 758 1320 adoptionem
780 1261 970 1304 filiorum
991 1270 1267 1319 expectantes
1289 1263 1494 1324 redemp-

107 1346 127 1369 »
163 1329 326 1372 tionem
349 1330 540 1387 corporis
562 1330 747 1374 nostri.»
768 1329 934 1373 Deinde
956 1330 1202 1389 subjunxit,
1224 1348 1245 1371 «
1267 1333 1351 1390 Spe
1374 1333 1491 1378 enim

106 1416 128 1441 »
162 1398 269 1443 salvi
285 1397 387 1442 facti
403 1414 567 1444 sumus.
592 1403 694 1459 Spes
711 1409 855 1444 autem
874 1416 973 1460 quae
986 1402 1173 1455 videtur,
1194 1416 1283 1445 non
1298 1411 1361 1446 est
1374 1418 1486 1462 spes.

107 1485 128 1509 »
162 1467 288 1520 Quod
309 1468 425 1512 enim
446 1469 564 1513 videt
585 1471 698 1529 quis,
722 1470 830 1528 quid
852 1479 896 1514 et
913 1472 1081 1528 sperat?
1112 1471 1155 1514 Si
1186 1479 1332 1514 autem
1368 1473 1491 1531 quod

106 1555 127 1578 2>
162 1552 253 1581 non
268 1536 466 1581 videmus
484 1553 718 1596 speramus,
744 1553 820 1598 per
841 1540 1094 1598 patientiam
1116 1548 1393 1598 expectamus
1411 1544 1441 1587 ¹.
1465 1560 1487 1585 »

103 1608 216 1651 Cum
231 1621 333 1664 ergo
348 1616 555 1666 torquent
570 1607 712 1667 aliqua
727 1608 855 1662 mala,
871 1609 946 1652 sed
968 1624 1058 1653 non
1080 1618 1340 1669 extorquent
1357 1626 1489 1670 opera

103 1675 232 1730 mala,
250 1691 341 1719 non
358 1675 498 1720 solum
516 1677 658 1720 anima
680 1691 756 1736 per
777 1678 1028 1736 patientiam
1044 1678 1299 1737 possidetur,
1318 1695 1488 1725 verum-

105 1746 231 1790 etiam
248 1762 348 1790 cum
367 1762 443 1805 per
460 1748 710 1805 patientiam
729 1763 886 1807 corpus
905 1748 1049 1807 ipsum
1072 1748 1127 1793 ad
1143 1758 1316 1808 tempus
1331 1751 1488 1810 affligi-

103 1825 175 1860 tur
202 1816 272 1860 vel
304 1817 531 1871 amittitur,
567 1818 612 1861 in
647 1827 855 1862 aeternam
894 1818 1175 1863 stabilitatem
1214 1819 1487 1881 salutemque

103 1886 350 1941 resumitur,
366 1895 409 1930 et
423 1887 462 1930 ei
475 1901 551 1946 per
564 1887 759 1932 dolorem
781 1896 824 1931 et
847 1897 1032 1932 mortem
1049 1887 1311 1934 inviolabilis
1328 1891 1486 1936 sanitas

103 1964 147 1999 et
168 1955 272 1999 felix
287 1956 584 2002 immortalitas
606 1967 897 2016 comparatur.
920 1958 1044 2002 Unde
1067 1959 1274 2003 Dominus
1293 1962 1416 2004 Jesus
1431 1960 1487 2005 ad

103 2025 356 2083 patientiam
378 2027 608 2070 exhortans
624 2030 835 2084 Martyres
856 2043 970 2082 suos»,
992 2028 1121 2072 etiam
1140 2028 1273 2087 ipsius
1293 2031 1485 2088 corporis

104 2095 394 2152 integritatem
412 2095 604 2141 futuram
622 2098 711 2141 sine
724 2099 997 2158 cujusquam,
1016 2114 1104 2143 non
1121 2098 1264 2143 dicam
1281 2101 1484 2157 membri,

102 2162 180 2207 sed
195 2163 340 2221 capilli
357 2166 598 2221 amissione,
617 2168 828 2225 promisit.
847 2171 1022 2212 «Amen
1039 2168 1138 2213 dico
1154 2168 1294 2224 vobis,
1315 2170 1480 2230 inquit,

107 2251 127 2273 »
162 2232 343 2291 capillus
364 2235 515 2293 capitis
535 2238 664 2279 vestri
686 2252 774 2280 non
795 2238 995 2295 peribit2.
1031 2241 1088 2283 Ut
1115 2240 1322 2299 quoniam
1353 2255 1483 2285 nemo

107 2320 128 2343 »
162 2317 376 2361 unquam,
401 2303 513 2348 sicut
533 2304 767 2362 Apostolus
792 2306 914 2361 dicit,
939 2323 1112 2352 carnem
1137 2324 1259 2353 suam
1280 2309 1381 2354 odio
1402 2310 1484 2354 ha-

105 2388 126 2412 »
162 2371 298 2425 buit3,
321 2373 488 2431 »magis
522 2374 652 2418 homo
684 2373 820 2418 fidelis
852 2391 930 2434 per
959 2378 1211 2435 patientiam
1243 2394 1375 2438 quam
1405 2394 1482 2438 per

104 2439 415 2498 impatientiam
448 2457 526 2500 pro
559 2452 674 2486 statu
704 2459 791 2486 suae
823 2445 958 2488 carnis
992 2445 1208 2503 invigilet,
1251 2455 1294 2491 et
1323 2446 1482 2493 futurae

153 2529 160 2545 ¹
183 2526 271 2554 Rom.
295 2527 478 2565 xxv111,23‚
498 2526 551 2557 25.
567 2543 606 2548 -—
622 2534 633 2547 Ἰ
653 2529 715 2558 Luc
748 2538 816 2567 xxi,
839 2529 888 2559 18.
906 2545 943 2550 -—
966 2527 978 2551 3
998 2530 1109 2570 Ephes.
1131 2541 1161 2567 v,
1181 2539 1234 2571 ⁶29.
