1729 3143
533 179 588 207 DE
612 174 896 208 CATACLYSMO.
1325 170 1407 212 155

26 246 238 292 tinebant.
266 243 457 288 Dimittit
482 244 696 304 populum
719 245 887 290 Pharao
904 280 915 302 ‚
941 260 1032 290 non
1051 245 1276 292 voluntate
1292 281 1304 302 ‚
1334 248 1410 292 sed

25 316 159 362 nimia
191 315 443 360 necessitate
474 314 747 359 constrictus.
787 316 931 374 Pergit
967 315 1156 376 populus
1185 326 1334 362 erutus
1356 317 1412 362 ad

24 402 143 432 mare
164 386 372 430 Rubrum
395 384 602 428 festinans
617 418 628 438 ,
654 392 704 426 ut
735 398 813 442 per
835 400 967 444 aquas
994 386 1264 432 salvarentur
1283 388 1360 447 qui
1390 404 1415 432 a

22 458 210 518 pessimo
234 457 357 500 hoste
379 454 693 498 liberabantur.
732 455 986 513 Sequuntur
1006 458 1202 517 AEgyptii
1220 492 1232 514 ,
1268 458 1412 502 immi—

21 536 128 572 nent
150 526 315 586 populo
338 523 539 583 fugienti.
574 522 736 567 Vident
764 539 895 583 supra
924 540 969 569 se
999 527 1206 572 Israelitae
1234 528 1410 586 hostes,

21 606 66 642 et
84 596 361 641 inimicorum
378 610 559 639 suorum
574 603 804 654 expectant
821 594 1032 654 gladium.
1056 599 1173 642 Mors
1189 599 1236 643 in
1252 598 1412 656 oculis,

20 667 151 711 timor
185 675 228 710 et
257 674 421 710 tremor
452 665 500 708 in
533 665 734 709 manibus
765 665 1068 724 singulorum3
1101 681 1158 710 ne
1190 667 1238 711 in
1269 668 1417 714 fauces

19 735 226 782 caderent
266 736 639 797 persequentium.
685 736 867 795 Exurgit
903 739 1075 795 Moyses
1111 737 1302 782 famulus
1339 740 1417 784 Dei

17 815 196 866 portans
222 806 390 865 virgam
423 821 557 867 quam
579 822 604 851 a
623 806 813 851 Domino
831 816 1057 867 acceperat
1075 842 1087 863 ,
1123 817 1166 852 et
1187 823 1264 867 per
1286 824 1417 868 quam

12 878 104 938 jam
125 876 264 922 multa
285 877 405 934 signa
427 875 590 922 fecerat
617 896 626 922 ε
652 878 864 937 percussit
885 893 1003 923 mare
1020 913 1032 934 ‚
1057 887 1101 923 et
1123 877 1311 924 divisum
1335 888 1415 924 est.

19 947 106 992 Ubi
127 956 190 992 est
212 946 287 991 illa
308 948 504 1006 potentia
519 982 530 1003 ,
557 964 648 993 non
670 949 906 993 numinum
922 984 934 1005 ‚
970 950 1047 994 sed
1068 949 1418 995 daemoniorum?

21 1017 106 1066 Ubi
127 1025 191 1060 est
219 1031 330 1064 vana
358 1018 608 1072 superstitio
631 1021 936 1071 paganorum?
963 1020 1192 1080 Numquid
1221 1029 1272 1064 ut
1300 1035 1419 1064 mare

19 1084 314 1137 divideretur,
338 1081 413 1124 ille
448 1084 679 1140 Neptunus
713 1090 777 1126 est
807 1081 1063 1138 invocatus,
1104 1100 1237 1144 quem
1272 1101 1420 1146 regem

20 1154 150 1199 maris
183 1167 273 1196 esse
303 1150 460 1197 volunt
492 1151 569 1211 qui
597 1166 745 1210 regem
768 1167 922 1197 verum
944 1156 1086 1199 Deum
1107 1171 1236 1200 suum
1259 1173 1419 1216 agnos-

22 1239 120 1270 cere
140 1222 330 1268 nolunt?
351 1222 485 1280 Virga
507 1231 682 1266 extensa
702 1237 837 1267 manu
859 1240 992 1283 aquas
1013 1227 1204 1285 percutit
1220 1230 1415 1286 Moyses,

19 1304 64 1345 et
84 1295 231 1340 statim
253 1293 425 1352 cogitur
444 1292 605 1337 fluctus
626 1293 673 1336 in
695 1292 925 1338 cumulum
946 1329 957 1350 ‚
995 1305 1039 1340 et
1059 1296 1180 1341 unda
1201 1297 1247 1341 in
1263 1309 1418 1344 semet·

19 1366 113 1426 ipsa
132 1380 324 1424 repressa
347 1373 556 1409 curvatur
582 1383 591 1408 :
617 1363 883 1408 soliditatem
906 1366 1058 1425 recipit
1079 1367 1226 1427 liquor
1243 1403 1254 1423 ‚
1281 1379 1324 1413 et
1345 1386 1417 1416 so-

19 1436 111 1481 lum
135 1435 264 1480 maris
286 1435 438 1479 arescit
462 1436 507 1478 in
529 1434 742 1493 pulveres.
766 1435 954 1492 Ingressi
976 1445 1079 1480 sunt
1101 1436 1173 1481 alii
1189 1437 1385 1484 salvandi
1402 1477 1413 1497 ,

21 1505 94 1552 alii
110 1504 364 1550 damnandi.
393 1507 539 1549 Unum
559 1503 827 1548 elementum
849 1519 1062 1564 aquarum
1084 1516 1261 1552 auctore
1283 1511 1416 1556 totius

20 1585 231 1622 creaturae
257 1575 442 1635 jubente
476 1574 692 1635 judicavit
728 1584 939 1635 utrosque
963 1595 972 1621 :
998 1580 1220 1638 separavit⁴
1239 1581 1334 1639 pios
1362 1583 1415 1627 ab

21 1646 165 1706 impiis
186 1666 197 1702 3
236 1645 332 1689 illos
370 1643 510 1689 abluit
535 1679 546 1700 ‚
584 1645 687 1689 istos
709 1644 880 1703 obruit3
904 1645 1002 1690 illos
1026 1647 1284 1705 mundavit,
1314 1652 1415 1697 istos

19 1716 194 1762 occidit.
219 1719 391 1774 Moyses
413 1716 597 1774 figuram
618 1716 775 1760 habuit
796 1717 972 1761 Domini
995 1718 1179 1775 Christi,
1205 1722 1415 1781 quoniam

21 1787 110 1832 dux
132 1787 217 1831 fuit
235 1786 401 1847 populi.
423 1789 475 1831 In
492 1788 611 1845 virga
628 1788 846 1846 agnoscite
860 1804 1049 1835 crucem.
1074 1794 1194 1837 Mare
1212 1793 1416 1839 Rubrum

20 1858 237 1917 agnoscite
254 1858 520 1918 baptismum
534 1859 695 1904 Christi
708 1860 918 1919 sanguine
930 1873 1223 1922 purpuratum
1242 1884 1251 1910 ι
1267 1881 1414 1925 regem

20 1929 331 1987 AEgyptiorum
367 1929 672 1990 populumque
706 1932 798 1991 ejus
821 1967 832 1987 ‚
875 1943 1098 1979 auctorem
1133 1946 1414 1994 peccatorum

21 1997 250 2043 diabolum
280 2014 380 2043 cum
404 2000 609 2045 omnibus
631 2001 836 2046 ministris
868 2004 976 2063 ejus.
1017 2005 1148 2050 Saevit
1183 2005 1410 2062 diabolus,

21 2067 201 2128 quando
223 2083 302 2113 nos
328 2069 448 2114 videt
470 2085 547 2128 per
569 2086 728 2131 aquam
749 2072 954 2132 baptismi
984 2090 1008 2118 a
1038 2090 1115 2119 sua
1137 2076 1413 2135 oppressione

19 2137 210 2183 liberari.
237 2137 488 2183 Exclamate
508 2140 563 2184 ad
583 2143 767 2198 Moysen
787 2153 978 2188 vestrum
1001 2146 1237 2190 Dominum
1267 2147 1411 2191 Chris-

19 2217 116 2253 tum
134 2244 146 2264 ,
171 2217 215 2253 et
231 2209 352 2268 virga
374 2210 514 2254 crucis
537 2213 753 2269 percutiat
774 2227 891 2257 mare
913 2214 1141 2274 baptismi,
1168 2227 1412 2262 revertatur

21 2294 135 2338 aqua
157 2288 200 2323 et
222 2280 387 2338 operiat
416 2281 645 2340 AEgyptios
668 2301 678 2327 ι
702 2291 752 2326 ut
772 2285 1147 2343 quemadmodum
1169 2287 1316 2331 nullus
1339 2303 1411 2332 re-

21 2349 181 2393 mansit
212 2350 522 2408 AEgyptiorum
547 2386 557 2406 ,
597 2351 709 2395 nihil
749 2364 969 2398 remaneat
1003 2357 1133 2400 etiam
1165 2368 1409 2403 vestrorum

21 2428 315 2477 peccatorum.
345 2423 501 2464 Totum
534 2421 746 2478 mundet,
789 2423 864 2482 qui
898 2433 1039 2469 toturn
1075 2426 1213 2472 fecit:
1239 2438 1409 2487 reparet

22 2488 190 2546 perdita
209 2523 219 2544 ‚
245 2489 320 2548 qui
339 2491 498 2535 creavit
513 2492 657 2536 omnia
674 2492 842 2551 integra
862 2513 871 2539 :
892 2495 1117 2555 extinguat
1136 2497 1406 2544 Pharaonem
