1729 3143
543 188 598 215 mi
628 187 796 226 cunum,
830 187 914 214 Lm.
949 187 980 212 1.
1369 169 1449 210 431

75 256 156 301 alia
176 263 299 315 parte
327 254 482 299 mundi
510 252 565 298 ad
591 254 812 298 Orientem
840 250 991 296 redit?
1027 249 1196 304 Quibus
1215 247 1457 308 responde-

14 328 16 331 ’
75 341 171 370 mus
190 360 201 380 ‚
237 326 426 385 potuisse
463 325 581 380 fieri,
619 334 669 368 ut
698 333 783 368 tres
813 322 1054 382 superiores
1083 321 1175 365 dies
1204 318 1360 378 singuli
1383 333 1459 377 per

75 404 241 442 tantam
275 411 443 441 moram
477 394 684 455 temporis
713 402 1073 451 computarentur
1093 426 1104 446 ,
1139 406 1216 450 per
1249 397 1459 449 quantam

75 481 243 510 moram
270 466 471 511 circumit
491 465 582 520 sol,
617 480 668 508 ex
687 479 776 523 quo
798 462 995 521 procedit
1017 463 1072 506 ab
1094 462 1272 506 Oriente
1293 473 1460 520 quous·

75 552 162 596 que
183 552 331 580 rursus
353 537 408 581 ad
429 536 650 579 Orientem
673 533 918 576 revertitur.
946 535 1070 576 Hanc
1091 533 1209 576 enim
1230 534 1394 574 moram
1418 537 1463 573 et

73 605 395 665 longitudinem
413 604 619 664 temporis
637 612 810 663 possent
833 602 991 646 sentire
1012 602 1210 646 homines
1229 600 1395 645 etiamsi
1415 599 1463 643 in

74 675 291 735 speluncis
316 675 592 729 habitarent,
617 674 694 717 ubi
717 674 928 717 orientem
955 680 1000 715 et
1027 671 1295 716 occidentem
1327 669 1462 714 solem

74 745 223 791 videre
244 761 333 790 non
354 753 543 805 possent.
569 748 713 805 Atque
737 744 795 788 ita
813 743 997 787 sentitur
1013 742 1204 801 potuisse
1224 742 1347 786 istam
1368 755 1466 784 mo-

75 832 166 862 ram
191 817 283 861 fieri
301 818 431 861 etiam
453 817 545 861 sine
567 816 656 861 sole
679 825 913 876 antequam
935 814 999 859 sol
1015 813 1156 859 factus
1172 823 1283 858 esset
1297 848 1309 868 ,
1334 822 1464 871 atque

74 887 209 947 ipsam
229 903 393 932 moram
411 888 454 932 in
474 887 549 932 illo
566 887 711 932 triduo
731 902 809 940 per
828 885 918 926 dies
935 884 1127 937 singulos
1143 892 1459 937 computatam.

8 967 15 1021 ξ
75 958 171 1000 Hoc
191 971 295 1014 ergo
317 956 676 1013 responderemus
692 988 703 1007 ‚
730 952 810 996 nisi
828 967 906 995 nos
928 958 1149 994 revocaret
1168 948 1289 1009 quod
1310 949 1372 992 ibi
1393 951 1462 994 di-

75 1027 188 1071 citur
209 1046 218 1071 :
243 1046 262 1069 (ι
284 1029 340 1070 Et
357 1024 470 1070 facta
488 1034 551 1070 est
566 1039 743 1084 vespera
760 1059 771 1079 ‚
796 1032 836 1066 et
853 1022 1020 1067 factum
1036 1030 1101 1065 est
1117 1036 1244 1065 mane
1260 1055 1272 1075 ‚
1295 1038 1315 1062 »
1343 1019 1465 1080 quod

9 1110 12 1150 ζ
75 1113 195 1143 nunc
217 1099 307 1142 sine
325 1097 423 1142 solis
445 1112 574 1141 cursu
597 1096 795 1139 videmus
812 1094 904 1138 fieri
924 1108 1011 1137 non
1029 1107 1167 1153 posse.
1194 1095 1345 1135 Restat
1362 1106 1465 1150 ergo

10 1196 12 1211 1
75 1178 126 1213 ut
148 1169 440 1227 intelligamus
455 1203 465 1222 ‚
490 1168 535 1211 in
560 1168 650 1227 ipsa
674 1166 852 1226 quidem
874 1181 991 1209 mora
1012 1163 1219 1223 temporis
1240 1163 1352 1221 ipsas
1374 1161 1475 1215 dis--

7 1259 12 1287 3
77 1239 307 1284 tinctiones
323 1254 507 1298 operum
524 1238 583 1283 sic
603 1237 838 1297 appellatas
851 1272 865 1291 ,
889 1250 1111 1295 vesperam
1130 1243 1307 1293 propter
1324 1243 1466 1278 trans-

8 1331 11 1358 ;
38 1331 41 1333 ·
78 1309 293 1354 actionem
329 1309 619 1354 consummati
653 1307 820 1368 operis,
846 1315 889 1350 et
920 1321 1048 1349 mane
1073 1315 1250 1364 propter
1284 1305 1467 1348 inchoa-

76 1379 242 1425 tionem
279 1379 416 1425 futuri
449 1380 588 1440 operis
608 1414 619 1434 ‚
652 1380 707 1423 cle
743 1378 1025 1436 similitudine
1058 1376 1220 1421 scilice-t
1250 1376 1468 1420 humano-

76 1467 175 1495 rum
195 1466 376 1511 operum
395 1486 406 1507 ‚
445 1452 547 1511 quia
569 1450 828 1510 plerumque
853 1465 877 1494 a
908 1464 1035 1493 mane
1064 1448 1310 1507 incipiunt,
1340 1456 1382 1492 et
1412 1448 1468 1492 ad

5 1531 13 1575 ζ,
75 1537 299 1582 vesperam
320 1521 541 1566 desinunt.
569 1522 743 1565 Habent
772 1521 886 1564 enim
917 1519 1278 1565 consuetudinem
1307 1518 1466 1562 divinae

78 1593 314 1654 Scripturae
335 1594 389 1638 de
412 1594 542 1638 rebus
570 1593 770 1637 humanis
792 1591 848 1637 ad
868 1591 1034 1637 divinas
1063 1606 1129 1636 res
1159 1591 1293 1636 verba
1329 1599 1470 1635 trans-

6 1666 11 1694 2'
77 1665 207 1710 ferre.

135 1738 257 1779 XXI.
279 1735 444 1779 Deinde
460 1744 666 1795 quaerunt
687 1744 737 1779 ut
758 1736 867 1795 quid
889 1735 1057 1780 dietum
1079 1736 1132 1779 sit
1151 1734 1206 1779 de
1222 1734 1436 1778 sideribus
1457 1751 1465 1776 :

81 1823 103 1849 «
126 1808 185 1850 Et
203 1806 348 1849 sintin
365 1806 540 1872 signaset
563 1805 607 1849 in
630 1814 841 1864 tempora.
867 1826 884 1847 »
908 1806 1134 1866 Numquid
1151 1805 1267 1850 enim
1283 1839 1294 1861 ,
1321 1805 1467 1858 aiunt,

78 1885 163 1921 tres
184 1876 246 1920 illi
267 1877 358 1920 dies
380 1878 472 1920 sine
494 1877 764 1935 temporibus
786 1892 876 1921 esse
898 1886 1139 1936 potuerunt
1156 1912 1167 1933 ‚
1191 1887 1266 1921 aut
1283 1875 1339 1920 ad
1356 1885 1469 1919 tem-

4 1957 11 1986 τ’
77 1948 195 2007 poris
227 1947 363 2005 spatia
393 1962 482 1991 nou
515 1948 770 2006 pertinent?
795 1948 878 1992 Sed
904 1967 924 1989 «
951 1951 1001 1991 In
1021 1948 1144 2007 signa
1166 1958 1211 1992 et
1226 1958 1426 2006 tempora
1446 1963 1466 1986 »

80 2017 248 2062 dictum
266 2026 330 2061 est
347 2052 358 2072 ‚
383 2026 434 2061 ut
454 2033 531 2076 per
552 2018 647 2062 haec
669 2017 809 2062 sidera
832 2028 1028 2077 tempora
1050 2018 1373 2078 distinguantur
1389 2053 1400 2072 ,
1426 2023 1469 2061 et

38 2104 41 2105 ⁷
81 2088 137 2134 ab
156 2089 406 2134 hominibus
424 2089 736 2148 dignoscantur
758 2109 766 2135 z
794 2090 897 2150 quia
919 2090 952 2134 si
974 2100 1153 2135 currant
1174 2099 1372 2150 tempora
1389 2125 1400 2145 ‚
1427 2096 1469 2131 et

81 2159 212 2204 nullis
242 2160 567 2219 distinguantur
599 2159 820 2216 articulis,
857 2160 933 2221 qui
964 2160 1134 2206 articuli
1167 2177 1244 2221 per
1278 2160 1469 2206 siderum

83 2246 233 2276 cursus
255 2241 465 2276 notantur
485 2267 495 2286 ‚
520 2241 702 2291 possunt
723 2226 902 2291 quidem
923 2248 1096 2277 currere
1122 2242 1319 2293 tempora
1341 2241 1469 2288 atque

82 2302 332 2361 praeterire3
355 2301 432 2348 sed
448 2302 631 2362 intelligi
649 2313 692 2346 et
708 2302 894 2347 discerni
910 2304 966 2347 ab
982 2304 1235 2348 hominibus
1257 2315 1342 2347 non
1363 2314 1468 2358 pos-

41 2431 44 2433 Δ
83 2383 200 2417 sunt.
226 2373 345 2418 Sicut
367 2374 484 2417 horae
504 2372 682 2433 quando
704 2372 879 2418 nubilus
901 2373 992 2418 dies
1013 2382 1077 2418 est
1095 2408 1106 2428 ‚
1133 2379 1354 2418 transeunt
1375 2369 1470 2429 qui·

84 2441 184 2487 dem
205 2477 217 2498 ‚
242 2452 285 2487 et
304 2459 380 2488 sua
399 2444 535 2503 spatia
556 2452 798 2504 peragunt3
822 2442 1125 2499 sed‘disu'ngui
1147 2455 1170 2484 a
1187 2439 1312 2485 nobis
1329 2448 1373 2484 et
1393 2454 1470 2485 110-

86 2513 168 2556 tari
189 2528 279 2559 non
298 2522 495 2573 possunt.
