1729 3143
206 185 261 222 62
627 195 660 222 s.
696 193 926 220 AUGUs'rml
959 193 1140 219 EPLSCOPI

200 273 301 302 cum
322 259 595 302 cicatricibus
614 255 891 300 resurrexisse
907 289 918 310 ,
943 255 1018 314 qui
1039 263 1181 314 posset
1201 256 1235 298 si
1254 254 1386 299 vellet
1407 254 1462 298 de
1483 269 1584 299 cor-

203 342 308 386 pore
335 328 540 372 suscitato
569 335 612 369 et
643 324 879 369 clarificato
910 339 1085 369 omnem
1113 323 1329 368 maculam
1356 323 1588 384 cujuslibet

201 397 407 441 cicatricis
426 397 667 452 abstergere
687 413 696 439 :
722 399 735 450 (
753 395 829 439 sed
849 394 1011 438 sciebat
1032 410 1166 454 quare
1183 394 1400 438 cicatrices
1420 394 1468 438 in
1487 409 1586 438 cor-

202 482 307 525 pore
337 482 415 511 suo
446 474 662 518 servaret,
702 474 752 509 ut
779 464 960 510 vulnera
990 465 1275 509 dubitationis
1300 464 1347 508 in
1379 463 1586 508 cordibus

200 536 520 595 Discipulorum
541 542 713 579 sanaret
729 539 768 590 z)
790 533 968 579 fortasse
996 549 1099 593 ergo
1115 569 1127 589 ,
1152 543 1202 578 ut
1222 533 1338 589 dixi,
1369 534 1481 578 sicut
1502 533 1584 577 de-

199 606 452 650 monstravit
475 606 653 649 Thomae
675 620 764 649 non
786 604 982 649 credenti
1003 605 1086 648 nisi
1106 613 1301 663 tangeret
1321 613 1365 648 et
1385 603 1556 648 videret
1570 635 1583 657 ,

199 675 258 718 ita
295 676 423 719 etiam
459 675 641 720 inimicis
675 676 762 719 suis
794 675 977 719 vulnera
999 674 1374 720 demonstraturus
1404 683 1469 718 est
1489 688 1581 717 sua.

202 748 381 804 Propter
401 747 523 807 quod
543 746 710 791 dictum
732 756 796 790 est
825 761 902 805 per
923 747 1187 804 Prophetam
1207 765 1216 790 ι
1249 764 1269 787 «
1293 744 1521 788 Videbunt
1534 744 1588 786 ’111

203 832 223 855 »
249 830 381 874 quem
402 825 685 875 pupugerunt
700 819 731 860 1.
759 834 779 856 11
805 818 905 862 Νο11
927 825 977 859 ut
995 816 1054 860 eis
1073 815 1190 859 dicat
1207 849 1218 869 ,
1249 815 1361 858 sicut
1383 814 1584 867 Thomae,

204 903 225 926 «
250 885 362 938 Quia
379 886 524 931 vidisti
542 922 554 941 ‚
578 886 800 931 credidisti
821 889 855 930 ².
883 904 904 927 »
939 884 1024 930 Sed
1045 894 1095 929 ut
1117 885 1378 930 convincens
1403 899 1475 928 eos
1497 885 1589 926 Ve-

201 956 302 1000 ritas
323 956 439 1001 dicat
458 976 466 1001 ε
487 960 601 1002 Ecce
615 959 838 1002 hominem
858 972 989 1016 quem
1009 957 1302 1010 crucifixistis,
1328 969 1427 999 ecce
1449 958 1589 998 Deum

201 1033 243 1068 et
275 1026 498 1070 hominem
520 1027 567 1070 in
599 1042 731 1086 quem
754 1026 930 1071 credere
963 1025 1176 1070 uoluistis.
1208 1025 1375 1069 Videtis
1405 1023 1590 1068 vulnera

200 1111 299 1155 quae
319 1097 551 1151 inflixistis,
577 1098 806 1154 agnoscitis
823 1096 936 1139 latus
953 1094 1075 1153 quod
1093 1093 1333 1152 pupugistis
1352 1111 1361 1136 ε
1382 1093 1592 1153 quoniam

199 1174 242 1208 et
262 1181 338 1224 per
358 1182 434 1211 vos
456 1175 500 1209 et
521 1175 698 1224 propter
719 1181 794 1209 vos
815 1174 1013 1224 apertum
1037 1173 1099 1208 est
1119 1199 1129 1218 ‚
1155 1179 1235 1208 nec
1257 1172 1403 1207 tamen
1419 1164 1586 1207 intrare

199 1235 410 1279 voluistis.
437 1235 519 1288 Qui
553 1250 643 1279 non
675 1236 774 1279 estis
810 1234 1024 1293 redempti
1054 1234 1194 1292 pretio
1220 1234 1306 1276 mei
1335 1233 1557 1290 sanguinis
1577 1267 1588 1287 ‚

199 1320 289 1348 non
309 1305 409 1348 estis
432 1305 517 1348 mei
543 1324 551 1349 :
587 1323 607 1346 «
636 1304 849 1349 Discedite
872 1321 895 1347 a
923 1319 993 1347 me
1015 1304 1060 1345 in
1082 1304 1226 1360 ignem
1249 1312 1486 1357 aeternum,
1512 1302 1590 1362 qui

204 1394 222 1414 »
248 1383 420 1433 paratus
438 1383 501 1418 est
522 1373 697 1416 diabolo
715 1382 758 1416 et
775 1371 939 1430 angelis
959 1373 994 1431 ej
1005 1387 1050 1415 us
1069 1374 1100 1414 3.
1126 1391 1145 1414 1)
1175 1373 1258 1417 Sed
1274 1372 1451 1417 illorum
1473 1387 1588 1416 mors

200 1446 397 1503 proficiat
418 1444 473 1486 ad
496 1451 688 1486 nostram
711 1442 912 1486 salutem.
948 1442 991 1486 Si
1010 1442 1073 1485 illi
1094 1451 1454 1501 contempserunt
1473 1478 1484 1498 ‚
1510 1457 1590 1488 nos

202 1517 426 1559 timeamus
465 1529 566 1558 eum
597 1515 673 1573 qui
710 1514 769 1558 sic
805 1521 1016 1557 venturus
1051 1522 1114 1556 est
1141 1512 1353 1572 judicare.
1399 1514 1590 1558 Festinet

199 1585 498 1644 unusquisque
521 1599 623 1628 cum
645 1584 774 1638 vivit,
805 1593 854 1627 ut
886 1584 1036 1639 vivat3
1073 1593 1247 1638 currat,
1285 1592 1335 1627 ut
1361 1585 1452 1643 ejus
1486 1599 1588 1643 pre-

200 1656 308 1700 tioso
330 1655 539 1712 sanguine
562 1654 800 1697 redimatur
821 1675 832 1711 3
857 1669 912 1697 ne
935 1668 1035 1697 cum
1059 1668 1148 1697 non
1165 1653 1299 1697 fuerit
1319 1655 1522 1698 inventus
1542 1655 1589 1698 in

201 1741 383 1770 numero
423 1725 747 1783 redemptorum
766 1759 777 1778 ‚
818 1724 865 1766 in
892 1738 1075 1766 numero
1103 1732 1276 1766 maneat
1298 1723 1584 1781 perditorum.

200 1797 280 1841 Hic
298 1831 308 1851 ,
334 1796 405 1839 hic
427 1795 532 1839 dum
554 1796 714 1839 vivitur
731 1829 742 1848 ,
768 1794 922 1838 melior
939 1793 1124 1852 eligatur
1143 1793 1280 1837 locus.
1304 1794 1385 1838 Hic
1401 1803 1466 1838 est
1484 1803 1590 1838 tem·

199 1881 280 1926 pus
317 1866 433 1909 fidei.
457 1868 703 1919 Caeterum,
741 1883 761 1906 a
795 1868 846 1907 In
879 1862 1075 1917 inferno,
1113 1863 1171 1906 ait
1203 1864 1419 1922 Propheta
1441 1899 1452 1919 ‚
1492 1865 1590 1923 quis

201 1955 220 1978 »
247 1936 531 1981 confitebitur
546 1936 626 1980 tibi
641 1937 682 1977 ⁴?
709 1953 727 1976 »
754 1935 838 1987 Qui
863 1934 955 1978 vult
979 1948 1147 1992 semper
1168 1933 1313 1978 vivere
1328 1969 1339 1988 ,
1363 1943 1407 1977 et
1424 1949 1514 1978 non
1531 1935 1589 1978 ti-

199 2023 315 2051 mere
338 2016 522 2051 mortem
538 2041 548 2059 ‚
575 2015 722 2051 teneat
753 2006 888 2050 vitam
906 2039 916 2058 ‚
957 2013 1007 2047 ut
1040 2019 1154 2048 mors
1188 2014 1416 2063 superetur
1438 2021 1462 2049 a
1482 2005 1585 2049 vita.

200 2078 283 2130 Qui
305 2092 395 2121 non
415 2077 511 2121 vult
534 2077 685 2120 timere
703 2077 872 2135 justum
895 2076 918 2118 J
926 2073 1094 2117 udicem
1112 2073 1383 2132 judicantem
1398 2090 1424 2129 ,-
1441 2074 1588 2134 ipsum

201 2163 318 2191 nunc
341 2148 421 2191 sibi
444 2147 651 2191 adhibeat
673 2146 959 2190 defensorem.

258 2220 421 2262 XVIII.
458 2217 687 2263 Credimus
720 2225 762 2260 et
803 2216 847 2259 in
889 2215 1097 2273 Spiritum
1129 2223 1341 2258 sanctum.
1381 2213 1588 2272 Spiritum

202 2296 394 2331 sanctum
430 2291 570 2332 Deum
602 2286 817 2331 credimus
849 2284 1063 2344 aequalem
1093 2284 1210 2327 Patri
1236 2292 1280 2327 et
1302 2283 1413 2327 Filio
1433 2318 1443 2338 ‚
1484 2283 1588 2343 quia

204 2358 330 2400 simul
352 2367 413 2402 est
435 2368 478 2403 et
501 2359 548 2402 in
568 2361 693 2403 Patre
714 2366 758 2401 et
777 2357 823 2400 in
845 2355 971 2399 Filio.
997 2355 1228 2408 Quomodo
1258 2362 1321 2398 est
1350 2355 1397 2398 in
1421 2355 1586 2399 Patre?

253 2457 262 2473 ¹
294 2452 389 2485 Zaeh.
415 2463 478 2494 1111,
501 2464 551 2486 10.
576 2470 618 2476 ——
640 2460 653 2477 ²
671 2455 766 2486 Joan.
791 2461 834 2485 xx
851 2475 861 2492 ,
896 2457 950 2491 29.
969 2467 1010 2474 —
1033 2446 1047 2471 3
1073 2449 1191 2482 Matth.
1218 2459 1304 2490 xxv,
1331 2448 1384 2491 41.
1401 2447 1473 2479 -4
1501 2448 1582 2481 Psal.

208 2517 251 2547 vi,
270 2507 304 2540 6.
