1729 3143
579 247 632 274 DE
664 248 831 286 GENESI,
867 249 949 276 Lm.
986 251 1033 276 11.
1412 237 1497 276 477

120 327 140 350 »
164 310 246 364 tui,
275 311 320 354 in
341 309 497 355 sudore
517 311 663 356 vultus
691 314 755 357 tui
776 313 874 357 edes
896 328 1054 372 panem
1085 322 1210 357 tuum
1225 347 1237 368 ,
1271 314 1411 357 donec
1432 329 1500 357 re—

117 396 139 420 »
163 380 339 424 vertaris
360 382 405 425 in
430 389 602 437 terram,
624 397 675 426 ex
697 398 783 442 qua
805 392 1001 441 sumptus
1023 399 1065 427 es
1096 402 1105 427 ε
1129 383 1232 443 quia
1254 391 1368 427 terra
1390 397 1434 426 es
1457 391 1502 426 et

118 467 139 491 2)
164 449 210 493 in
232 459 392 494 terram
412 451 517 495 ibis1
537 453 556 495 Ρ
575 471 596 494 »
625 453 710 497 Sed
727 461 842 496 certe
855 452 967 496 illud
980 453 1259 498 manifestum
1276 461 1361 506 est,
1381 450 1503 512 quod

114 534 244 564 nemo
265 521 420 565 evadat
441 521 566 575 istam
594 522 865 567 sententiam.
893 525 986 567 Hoc
1008 524 1150 582 ipsum
1172 524 1288 567 enim
1311 521 1432 582 quod
1455 522 1503 565 in

116 590 198 634 hac
219 591 307 634 vita
328 591 513 651 quisque
535 602 677 647 natus,
701 591 1004 636 difficultatem
1020 594 1292 637 inveniendae
1314 592 1503 637 veritatis

114 659 248 704 habet
274 675 325 704 ex
346 661 618 720 corruptibili
641 677 821 720 corpore
850 661 992 719 (sicut
1018 663 1131 705 enim
1153 662 1356 706 Salomon
1373 661 1500 706 dicit:

120 748 138 769 «
162 731 331 789 Corpus
344 730 464 789 quod
479 731 789 790 corrumpitur,
808 740 1012 790 aggravat
1026 731 1228 785 animam,
1241 740 1283 775 et
1300 730 1505 790 deprimit

117 817 139 840 »
164 809 334 843 terrena
357 801 616 846 inhabitatio
644 817 819 845 sensum
844 801 982 846 multa
1004 801 1313 860 cogitanten1²‚
1334 820 1354 843 »
1377 806 1390 856 )
1422 801 1505 860 ipsi

115 878 218 913 sunt
233 869 402 914 labores
414 880 456 914 et
470 871 654 915 tristitiae
665 887 772 930 quas
785 872 919 915 habet
931 872 1064 915 homo
1080 886 1131 914 ex
1145 879 1259 914 terra
1276 888 1288 922 3
1307 879 1351 915 et
1368 872 1505 929 spinae

118 955 167 984 30
189 939 340 984 tribuli
362 950 464 985 sunt
485 942 744 1000 punctiones
767 950 1061 985 tortuosarum
1083 941 1375 1000 quaestionum
1394 976 1404 995 ,
1430 949 1506 985 aut

117 1011 400 1070 cogitationes
429 1011 483 1054 de
511 1012 756 1070 provisione
787 1012 915 1070 hujus
935 1012 1034 1055 vitae
1070 1030 1077 1055 :
1115 1027 1215 1071 quae
1242 1011 1509 1072 plerumque

113 1082 194 1125 nisi
227 1081 525 1139 extirpentur,
556 1090 598 1124 et
625 1080 679 1124 de
708 1095 809 1138 agro
833 1082 908 1124 Dei
934 1081 1245 1140 projiciantur,
1283 1082 1505 1126 suffocant

116 1152 318 1207 verbum,
344 1167 399 1196 ne
421 1152 654 1196 fructificet
670 1153 713 1195 in
732 1152 924 1207 homine,
942 1153 1052 1196 sicut
1070 1153 1280 1197 Dominus
1296 1153 1342 1195 in
1357 1155 1509 1196 Evan«

119 1222 229 1281 gelio
251 1222 356 1266 dicit
369 1224 401 1265 3.
428 1225 483 1266 Et
501 1222 707 1281 quoniam
724 1222 978 1266 necessitate
991 1223 1079 1281 jam
1098 1237 1176 1280 per
1197 1222 1277 1266 hos
1296 1221 1445 1266 oculos
1463 1231 1508 1266 et

118 1307 195 1352 per
217 1293 293 1337 has
311 1307 433 1336 aures
456 1291 510 1336 de
529 1292 620 1350 ipsa
639 1292 821 1335 veritate
844 1290 1146 1346 admonemur,
1173 1300 1216 1334 et
1238 1290 1416 1335 difficile
1440 1301 1506 1336 est

118 1363 312 1407 resistere
333 1362 724 1421 phantasmatibus,
751 1378 849 1421 quae
870 1377 948 1420 per
970 1362 1072 1406 istos
1095 1376 1243 1405 sensus
1271 1362 1439 1405 intrant
1460 1362 1508 1405 in

121 1433 326 1488 animam,
352 1431 548 1492 quamvis
566 1446 642 1490 per
653 1430 750 1475 illos
771 1432 903 1476 intret
920 1431 1050 1476 etiam
1067 1431 1156 1490 ipsa
1173 1430 1412 1476 admonitio
1431 1447 1513 1476 ve-

120 1504 282 1559 ritatis,
316 1504 362 1546 in
393 1503 471 1547 ista
502 1517 605 1560 ergo
629 1500 926 1561 perplexitate,
953 1503 1074 1562 cujus
1096 1502 1243 1546 vultus
1267 1518 1357 1547 non
1378 1502 1508 1546 sudet

122 1582 171 1617 ut
196 1572 431 1617 manducet
458 1586 615 1631 panem
643 1573 807 1616 suum?
839 1572 959 1632 quod
992 1573 1196 1616 omnibus
1225 1572 1378 1616 diebus
1408 1572 1515 1617 vitae·

122 1652 281 1688 nostrae
303 1642 466 1702 passuri
498 1656 660 1696 sumne,
686 1641 732 1685 id
755 1651 817 1686 est
837 1676 848 1696 ,
882 1642 1010 1701 hujus
1033 1642 1131 1686 vitae
1154 1658 1253 1702 quae
1275 1643 1510 1686 transitura

123 1723 202 1759 est.
228 1717 285 1758 Et
306 1714 390 1758 hoc
409 1712 472 1756 illi
492 1712 659 1756 dictum
675 1721 759 1766 est,
785 1712 862 1771 qui
878 1712 1060 1757 coluerit
1078 1727 1228 1770 agrum
1244 1727 1390 1768 suum,
1408 1713 1510 1771 quia

106 1787 201 1830 ‘ista
224 1786 387 1845 patitur
408 1785 548 1828 donec
570 1792 810 1827 revertatur
841 1784 885 1826 in
914 1792 1072 1827 terram
1087 1818 1098 1839 ,
1124 1799 1174 1827 ex
1197 1800 1283 1844 qua
1311 1792 1511 1842 sumptus

68 1856 76 1859 “
124 1866 211 1911 est,
236 1856 280 1900 id
301 1864 391 1910 est,
416 1853 556 1899 donec
577 1854 700 1898 finiat
723 1854 854 1898 vitam
886 1854 1025 1898 istam.
1063 1855 1148 1907 Qui
1180 1854 1295 1898 enim
1326 1853 1511 1898 coluerit

125 1942 277 1986 agrum
307 1926 438 1969 istum
470 1925 648 1969 interius
664 1959 674 1979 ,
701 1934 742 1968 et
763 1925 818 1969 ad
840 1939 996 1984 panem
1018 1940 1145 1969 suum
1179 1926 1378 1985 quamvis
1408 1939 1510 1969 cum

125 1999 275 2042 labore
296 1995 563 2056 pervenerit,
583 2004 724 2055 potest
741 2011 878 2054 usque
895 1995 951 2040 ad
968 1996 1100 2039 finem
1121 1995 1222 2040 vitae
1239 1996 1369 2055 hujus
1388 1996 1510 2039 hunc

125 2068 316 2113 laborem
340 2066 427 2126 pati
449 2085 456 2109 :
483 2075 580 2124 post
602 2065 714 2110 hanc
742 2075 886 2110 autern
907 2066 1041 2110 vitam
1063 2081 1153 2110 non
1182 2075 1246 2110 est
1265 2080 1438 2110 necesse
1462 2074 1512 2109 ut

126 2139 332 2199 patiatur.
363 2135 446 2182 Sed
462 2136 538 2195 qui
559 2136 672 2180 forte
694 2150 845 2194 agrum
863 2151 952 2181 non
975 2135 1172 2191 coluerit,
1197 2145 1239 2181 et
1257 2136 1390 2195 spinis
1409 2150 1512 2179 eum

128 2209 313 2268 opprimi
333 2207 571 2266 permiserit
582 2241 592 2261 ,
611 2206 744 2250 habet
759 2208 804 2250 in
821 2208 902 2251 hac
917 2207 1005 2252 vita
1018 2206 1367 2252 maledictionem
1386 2216 1512 2251 terrae

129 2296 218 2326 suae
240 2281 286 2324 in
308 2279 510 2324 omnibus
529 2277 730 2337 operibus
747 2278 848 2333 suis,
870 2287 913 2322 et
933 2287 1030 2337 post
1047 2278 1158 2323 hanc
1176 2279 1309 2324 vitam
1331 2277 1513 2322 habebit

128 2351 200 2396 vel
233 2351 377 2409 ignem
415 2348 683 2407 purgationis
720 2348 788 2392 vel
825 2364 1000 2408 poenam
1032 2359 1253 2394 aeternam.
1288 2352 1352 2394 Ita
1383 2362 1512 2392 nemo

131 2419 275 2465 evadit
296 2419 717 2463 istamsententiani.
747 2418 831 2464 Sed
853 2419 1068 2478 agendum
1099 2430 1188 2475 est,
1223 2429 1274 2464 ut
1294 2419 1444 2464 saltem
1466 2417 1514 2462 in

132 2493 213 2536 hac
231 2500 398 2536 tantum
416 2490 500 2535 vita
519 2490 741 2534 sentiatur.

178 2581 188 2598 ¹
213 2578 292 2610 Gen.
317 2587 368 2618 111,
391 2586 440 2618 17.
457 2592 496 2598 —
515 2582 526 2599 2
547 2577 621 2617 Sap.
642 2585 688 2616 lx,
711 2574 762 2607 15.
783 2591 823 2599 -
842 2573 854 2598 3
873 2575 977 2607 Marc.
996 2584 1039 2616 iv,
1062 2585 1111 2607 10.
