1729 3143
230 208 312 248 456
666 213 700 242 s.
735 214 967 243 Anauszrnn
999 218 1181 247 zmscom

286 287 339 328 V.
366 281 530 327 Deinde
551 279 673 339 quod
686 280 854 325 addidit
868 316 879 336 ‚
909 300 927 322 «
954 284 1205 343 Antequam
1223 295 1365 330 essent
1385 302 1513 346 super
1530 296 1620 332 ter-

232 375 252 398 »
278 367 368 398 ram
387 386 398 407 ,
426 369 447 392 »
472 349 748 410 intelligitur,
773 361 1008 413 antequam
1027 354 1170 398 anima
1185 364 1399 414 peccaret.
1427 358 1621 402 Terrenis

226 426 340 471 enim
357 421 673 482 cupiditatibus
690 422 928 479 sordidata,
947 434 1159 485 tanquam
1179 442 1309 486 super
1328 436 1488 473 terram
1501 439 1618 485 nata,

227 494 295 540 vel
322 508 452 553 super
472 502 636 538 terram
657 509 776 550 esse,
815 503 933 540 recte
966 494 1126 541 dicitur
1159 516 1168 542 :
1199 497 1386 558 ideoque
1423 497 1620 544 addidit:

232 585 252 608 «
276 563 484 611 Nondum
513 565 629 608 enim
656 564 831 624 pluerat
859 569 977 610 Deus
1009 582 1142 626 supra
1170 575 1331 612 terram
1347 570 1379 611 ¹.
1408 586 1429 610 »
1455 568 1563 622 Quia
1583 578 1627 614 et

227 650 345 681 nunc
367 634 503 680 viride
535 635 623 693 agri
656 638 771 680 Deus
803 634 908 680 facit
924 671 936 692 ‚
971 636 1045 681 sed
1067 637 1262 695 pluendo
1287 653 1416 697 super
1437 647 1623 694 terram,

230 705 277 752 id
299 714 364 750 est
378 739 390 760 ‚
414 704 520 750 facit
540 705 704 750 animas
724 705 980 750 revirescere
998 722 1076 766 per
1092 707 1277 752 verbum
1292 722 1421 752 suum
1435 742 1447 764 ‚
1471 709 1548 752 sed
1569 707 1623 753 dc

173 772 178 773 ⁷
226 777 422 824 nubibus
441 791 511 821 eas
532 777 708 835 irrigat,
733 775 780 821 id
797 785 886 833 est,
910 777 966 822 de
984 779 1207 838 scripturis
1229 780 1551 840 Prophetarum
1577 788 1624 824 et

228 846 557 908 Apostolorum.
581 850 716 892 Recte
734 854 881 891 autem
897 847 1174 907 appellantur
1191 850 1330 894 nubes
1341 884 1353 905 ,
1373 850 1475 910 quia
1491 849 1625 894 verba

227 920 307 964 ista
329 933 429 978 quae
456 925 613 962 sonant
634 924 677 957 et
695 928 900 972 percusso
924 920 1021 958 aere
1043 925 1295 972 transeunt,
1321 919 1468 964 addita
1487 919 1619 964 etiam

227 988 492 1035 obscuritate
521 983 828 1042 allegoriarum
857 984 979 1043 quasi
1013 984 1160 1045 aliqua
1188 986 1372 1046 caligine
1401 989 1598 1033 obducta
1615 1023 1626 1044 ,

227 1060 350 1105 velut
367 1057 506 1101 nubes
522 1055 651 1098 fiunt.
672 1056 780 1106 Quae
805 1053 912 1098 dum
928 1054 1155 1100 tractando
1173 1057 1492 1116 exprimuntur,
1512 1058 1626 1103 bene

230 1127 581 1187 intelligentibus
610 1134 821 1185 tanquam
847 1125 989 1170 imber
1016 1127 1207 1172 veritatis
1240 1127 1506 1174 infunditur.
1545 1130 1630 1174 Sed

230 1203 314 1246 hoc
336 1197 535 1244 nondum
559 1205 652 1241 erat
674 1203 914 1256 antequam
932 1197 1074 1242 anima
1091 1207 1317 1257 peccaret,
1343 1199 1389 1243 id
1407 1209 1496 1256 est,
1517 1209 1632 1244 ante-

232 1285 366 1332 quam
407 1268 548 1314 viride
590 1267 681 1326 agri
720 1275 827 1311 esset
867 1282 996 1326 super
1031 1276 1206 1311 terram.
1241 1286 1262 1310 «
1286 1267 1495 1314 Nondum
1516 1270 1633 1314 enim

240 1361 260 1385 »
286 1341 459 1401 pluerat
493 1342 607 1383 Deus
638 1352 768 1397 supra
797 1346 982 1393 terram,
1010 1353 1090 1382 nec
1112 1348 1204 1382 erat
1224 1339 1358 1383 homo
1380 1339 1456 1399 qui
1476 1355 1633 1399 opera-

239 1432 260 1455 »
286 1421 405 1456 retur
427 1410 473 1453 in
490 1424 554 1453 ea.
580 1426 600 1449 »
626 1408 867 1452 Laboranti
887 1408 1004 1452 enim
1027 1409 1194 1452 homini
1217 1409 1265 1453 in
1284 1418 1399 1453 terra
1419 1410 1561 1454 imber
1579 1409 1635 1456 de

237 1483 432 1530 nubibus
455 1489 518 1525 est
549 1479 836 1535 necessarius,
870 1479 926 1524 de
953 1480 1114 1540 quibus
1135 1480 1330 1525 nubibus
1354 1482 1445 1541 jam
1467 1480 1636 1526 dictum

240 1563 319 1600 est.
345 1558 448 1599 Post
469 1561 701 1612 peccatum
724 1559 871 1595 autem
894 1551 1027 1596 homo
1049 1550 1247 1596 laborare
1270 1552 1406 1611 coepit
1428 1552 1474 1595 in
1495 1562 1633 1610 terra,

240 1636 283 1671 et
310 1623 570 1670 necessarias
602 1622 765 1667 habere
797 1621 893 1666 illas
929 1623 1084 1668 nubes.
1126 1626 1240 1669 Ante
1268 1633 1497 1684 peccatum
1530 1640 1635 1670 vero

241 1712 339 1743 cum
364 1695 500 1741 viride
537 1695 627 1754 agri
659 1703 702 1739 et
729 1693 946 1753 pabulum
975 1694 1147 1740 fecisset
1169 1698 1284 1740 Deus
1300 1731 1311 1752 ‚
1348 1711 1437 1756 quo
1459 1697 1637 1741 nomine

239 1767 503 1814 invisibilem
535 1774 782 1811 creaturam
817 1766 1048 1824 significari
1080 1765 1287 1822 diximus,
1312 1767 1522 1826 irrigabat
1542 1782 1640 1812 eam

243 1839 365 1886 fonte
387 1837 592 1882 interiore
607 1872 618 1892 ‚
644 1836 830 1896 loquens
858 1836 901 1879 in
924 1834 1199 1881 intellectum
1222 1839 1313 1897 ejus
1339 1856 1349 1882 ε
1382 1847 1433 1882 ut
1459 1853 1549 1883 non
1572 1854 1641 1882 ex-

248 1911 457 1956 trinsecus
479 1906 614 1952 verba
641 1907 836 1965 excipere
865 1915 1075 1966 tanquam
1097 1921 1151 1950 ex
1171 1905 1426 1966 supradictis
1448 1907 1641 1953 nubibus

248 1980 442 2042 pluviam
462 2013 473 2034 ‚
499 1977 574 2023 sed
591 1976 713 2022 fonte
730 1992 808 2022 suo
826 2011 837 2033 ‚
861 1977 946 2022 hoc
967 1984 1031 2021 est
1047 2011 1058 2033 ‚
1081 1975 1135 2021 de
1152 1976 1315 2022 intimis
1332 1977 1418 2023 suis
1435 1987 1640 2024 manante

250 2053 429 2097 veritate
446 2049 690 2095 satiaretur.

309 2126 387 2167 VI.
428 2124 581 2167 «Fons
603 2121 721 2165 enim
742 2118 1023 2174 ascendebat,
1048 2119 1215 2179 inquit,
1241 2118 1295 2164 de
1316 2128 1454 2176 terra,
1481 2129 1524 2165 et
1544 2121 1641 2165 irri-

257 2215 278 2237 »
306 2195 435 2254 gabat
464 2207 639 2238 omnem
660 2191 817 2236 faciem
837 2192 1004 2235 terrae2.
1031 2210 1048 2232 »
1074 2194 1137 2235 De
1158 2200 1273 2235 terra
1295 2190 1456 2236 scilicet
1478 2191 1533 2236 de
1555 2208 1642 2253 qua

258 2265 445 2311 dicitur:
475 2266 622 2324 «Spes
654 2278 751 2308 mea
783 2278 828 2306 es
858 2271 928 2318 tu,
965 2262 1107 2321 portio
1139 2277 1235 2306 mea
1264 2263 1309 2306 in
1344 2272 1457 2307 terra
1488 2263 1641 2307 viven-

261 2356 281 2378 η
311 2337 461 2381 tium3.
483 2356 500 2377 »
530 2333 715 2388 Quando
747 2342 892 2378 autem
927 2333 1068 2377 anima
1097 2331 1172 2377 tali
1204 2332 1326 2378 fonte
1355 2334 1639 2391 irrigabatur,

263 2408 459 2451 nondum
493 2421 569 2465 per
592 2404 839 2464 superbiam
861 2404 1098 2463 projecerat
1124 2403 1275 2447 intima
1304 2419 1393 2448 sua.
1424 2403 1640 2448 «Initium

268 2494 288 2516 »
314 2477 427 2519 enirn
443 2476 654 2535 superbiae
666 2474 870 2530 hominis,
887 2483 1161 2533 apostatarea
1176 2475 1307 2518 'Deo4.
1327 2492 1346 2515 »
1369 2474 1641 2533 thuoniam

315 2562 325 2580 ¹
345 2564 410 2592 Gru
440 2572 476 2603 u,
496 2561 526 2594 5.
544 2578 583 2584 -
601 2568 610 2583 ³
631 2562 699 2593 Ibid
733 2561 764 2593 6.
785 2576 825 2586 «-
842 2558 855 2584 3
875 2560 954 2594 Psal.
975 2570 1058 2601 εχιτ,
1080 2563 1110 2593 6.
1128 2576 1166 2583 -·
1182 2558 1197 2589 4
1219 2558 1317 2593 Eccli.
1339 2569 1371 2600 x,
1388 2558 1441 2599 41⁴
