1729 3143
233 154 318 197 154
669 159 708 194 s.
739 162 974 194 Avensa-nu
1004 165 1188 196 nuscum

229 251 252 276 »
278 232 388 294 jube
424 246 494 276 me
522 231 668 276 venire
696 227 752 273 ad
781 236 825 273 te
865 244 995 290 super
1031 245 1180 291 aquas.
1219 249 1241 274 >›
1275 235 1334 277 Et
1368 237 1616 284 Dominus:

229 322 252 347 «
286 303 429 358 Veni,
457 320 478 344 »
505 300 662 360 inquit.
688 299 920 346 Descendit
946 304 1099 346 Petrus
1119 337 1131 359 ,
1165 312 1209 348 et
1229 305 1366 364 coepit
1394 308 1619 355 ambulare

225 388 354 434 super
375 387 494 417 mare
511 370 668 431 plenus
689 371 865 417 fiducia.
897 375 1013 418 Dum
1034 373 1232 420 ambulat
1250 410 1262 432 ,
1294 377 1528 436 trepidavit
1548 383 1620 425 in-

224 445 421 498 firmitas,
446 442 523 487 sed
545 443 690 488 statim
717 444 924 489 subvenit
955 445 1180 491 Divinitas.
1212 447 1360 508 Coepit
1379 450 1518 509 mergi
1541 469 1552 496 :
1577 460 1622 496 et

225 512 481 559 exclamavit
506 532 517 558 2
552 531 574 556 «
598 513 800 570 Domine,
826 529 973 574 pereo.
999 533 1021 558 »
1048 518 1244 561 Porrexit
1265 533 1447 563 manum
1469 521 1621 565 Domi·-

221 600 303 630 nus
320 620 333 641 ‚
366 585 502 630 erexit
530 594 800 644 mergentem
818 620 829 641 ,
860 587 1137 633 confirmavit
1167 588 1443 634 diffidentem
1459 625 1471 646 ,
1496 600 1542 636 et
1561 591 1622 636 ait

220 655 286 700 illi
310 674 321 702 :
349 674 371 698 «
393 654 582 702 Modicae
599 657 730 712 fidei,
754 673 889 718 quare
911 657 1149 703 dubitasti?
1173 676 1194 700 »
1221 659 1404 716 Videtis,
1429 660 1621 707 dilectis-

219 724 342 780 simi,
382 735 600 785 quantum
629 727 807 787 adjuvet
823 726 931 772 fides
948 761 960 783 ,
996 737 1040 772 et
1066 737 1284 788 quantum
1303 729 1522 789 deprimat
1553 733 1622 776 in-

220 794 422 842 fidelitas.
467 797 513 843 Si
540 798 637 858 quis
669 798 785 842 enim
812 799 990 843 veniens
1022 798 1078 843 ad
1111 814 1243 859 aquas
1265 799 1499 858 baptismi,
1534 802 1622 846 fide

220 865 376 924 plenus
391 875 472 923 est,
497 867 751 913 sublevatur
772 887 781 913 :
802 868 837 912 si
859 868 956 929 quis
974 867 1163 913 infidelis
1181 877 1261 924 est,
1285 870 1514 929 mergitur.
1537 870 1624 916 Sed

219 936 416 996 porrigat
436 952 619 983 manum
636 938 850 983 Dominus
872 939 1004 983 etiam
1024 937 1279 983 infidelibus
1299 940 1619 999 mergentibus,

223 1015 267 1050 et
288 1006 466 1065 plenam
483 1007 617 1052 fidem
640 1017 845 1060 operetur
862 1008 909 1052 in
928 1006 1151 1053 cordibus.

278 1076 356 1117 IV.
383 1070 546 1117 Audite
569 1069 715 1115 adhuc
732 1105 744 1126 ,
786 1085 912 1130 aquae
943 1079 1266 1115 sacramentum
1287 1073 1398 1132 quid
1423 1074 1470 1118 in
1500 1076 1624 1123 vobis

219 1142 489 1204 operabitur.
508 1145 759 1202 Proponam
776 1141 963 1199 figuram
980 1175 991 1196 ,
1015 1149 1066 1185 ut
1083 1156 1137 1185 ex
1154 1157 1204 1186 ea
1221 1141 1344 1187 vobis
1361 1145 1518 1190 veritas
1533 1145 1624 1192 elu—

218 1222 377 1259 cescat.
405 1214 521 1258 Cum
541 1212 735 1271 AEgyptii
764 1210 885 1255 duris
907 1211 1113 1271 operibus
1135 1213 1351 1271 populum
1373 1227 1624 1273 premerent

217 1285 456 1330 Hebraeum
471 1318 482 1339 ,
502 1283 667 1328 clamor
683 1281 826 1327 factus
847 1291 912 1327 est
927 1282 1082 1342 populi
1098 1283 1144 1327 in
1162 1284 1340 1329 auribus
1357 1286 1434 1330 Dei
1455 1305 1466 1332 ε
1483 1297 1527 1333 et
1543 1288 1622 1334 de-

216 1355 384 1416 precati
406 1364 510 1399 sunt
538 1363 588 1398 ut
617 1369 689 1398 eos
711 1353 916 1397 liberaret
940 1369 964 1397 a
996 1352 1226 1399 dominatu
1245 1357 1384 1413 gentis
1403 1359 1616 1416 pessimae.

215 1427 370 1472 Missus
384 1435 449 1470 est
462 1428 652 1482 Moyses,
669 1424 747 1484 qui
763 1439 834 1468 eos
850 1439 901 1467 ex
913 1426 1095 1483 AEgypti
1108 1425 1314 1471 educeret
1325 1430 1574 1475 servitute1.
1593 1449 1614 1474 »

215 1497 348 1556 Apud
365 1497 641 1540 Pharaonem
661 1494 906 1553 principem
924 1496 1230 1555 AEgyptiorum
1248 1498 1523 1545 fidelissimus
1540 1502 1619 1545 Dei

214 1565 405 1610 famulus
437 1565 598 1624 allegat
622 1564 900 1623 Imperatoris
931 1565 1003 1608 sui
1020 1567 1291 1626 jussionem,
1328 1578 1372 1613 et
1393 1570 1502 1630 quid
1524 1574 1618 1615 Rex

216 1637 414 1682 omnium
439 1636 637 1695 gentium
659 1635 917 1694 praeceperit
937 1670 948 1691 ,
973 1637 1151 1681 auribus
1173 1637 1392 1684 durissimi
1413 1642 1524 1700 regis
1545 1642 1617 1687 in-

214 1708 373 1752 sinuat.
393 1705 597 1751 Obdurat
611 1706 780 1749 Pharao
793 1720 868 1749 cor
882 1721 1027 1761 suum,
1046 1721 1127 1752 nec
1143 1709 1251 1753 scire
1268 1724 1312 1753 se
1326 1710 1434 1755 dicit
1446 1713 1588 1755 Deum
1603 1731 1612 1757 :

216 1787 348 1838 atque
375 1777 469 1836 ejus
496 1776 716 1820 ministros
738 1775 974 1834 repudians
1004 1777 1274 1834 gravioribus
1303 1781 1446 1838 poenis
1464 1782 1617 1840 affligit

215 1845 448 1908 populum.
475 1849 540 1890 Ex
561 1847 715 1905 majori
737 1846 936 1904 angustia
967 1846 1118 1905 populi
1139 1848 1278 1906 major
1299 1847 1463 1893 clamor
1484 1865 1615 1895 exur-

217 1920 293 1978 git.
334 1918 521 1977 Suscipit
551 1927 773 1962 certamen
800 1916 991 1962 famulus
1014 1917 1093 1961 Dei
1114 1920 1309 1975 Moyses,
1334 1922 1615 1978 congreditur

216 2004 319 2034 cum
341 1989 566 2033 Pharaone
585 2022 596 2043 ,
621 1986 745 2032 nullo
766 1987 855 2031 telo
876 2022 887 2043 ,
921 1987 1044 2032 nullo
1068 1987 1212 2046 gladio
1231 2023 1242 2043 ,
1278 1988 1401 2034 nulla
1427 1991 1613 2036 visibilia

216 2059 397 2104 indutus
419 2074 538 2103 arma
557 2093 568 2113 ,
602 2059 678 2103 sed
699 2057 894 2102 munitus
920 2066 1134 2117 potestate
1157 2058 1306 2104 divina
1328 2078 1337 2105 ε
1362 2059 1613 2106 interantur

217 2117 369 2174 decem
384 2128 523 2188 plagae
534 2129 579 2172 in
593 2131 788 2187 AEgypto
800 2162 811 2182 ,
836 2137 880 2171 et
899 2127 1057 2172 vindex
1076 2128 1137 2172 ira
1151 2128 1198 2171 in
1214 2128 1429 2188 populum
1450 2140 1610 2176 contu-

218 2214 385 2244 macem
401 2199 539 2257 surgit
554 2233 566 2254 ,
590 2206 640 2242 ut
658 2213 710 2242 ex
723 2197 1020 2242 minutissimis
1044 2198 1336 2244 animantibus
1353 2234 1365 2255 ,
1389 2201 1611 2245 vermicu-

220 2268 270 2313 lis
282 2304 292 2324 ,
310 2270 425 2315 ranis
445 2280 489 2314 et
504 2269 679 2313 locustis
697 2268 841 2313 cervix
857 2269 1031 2313 caderet
1047 2269 1337 2329 superborum
1359 2288 1368 2314 :
1389 2270 1435 2314 in
1449 2270 1610 2330 quibus

223 2337 360 2397 plagis
376 2339 530 2384 ultima
546 2354 661 2383 mors
678 2339 1073 2399 primogenitorum
1089 2340 1398 2399 AEgyptiorum
1412 2341 1609 2385 omnium

224 2408 341 2453 facta
362 2419 425 2454 est
444 2445 456 2466 ‚
482 2420 533 2455 ut
551 2425 649 2455 suos
660 2411 772 2470 juste
793 2409 1027 2470 perderent
1043 2445 1055 2466 ,
1080 2410 1157 2469 qui
1174 2408 1335 2456 alienos
1354 2410 1513 2470 injuste
1532 2410 1609 2456 de-

275 2501 284 2517 ¹
304 2495 403 2527 Exod.
421 2495 466 2527 1i1.
