1729 3143
316 202 399 230 LIB.
435 203 465 229 1.
501 202 555 229 ΒΕ
587 203 771 230 Mommls
803 201 1002 231 EchEsnE
1032 198 1287 231 cArflomcAE.
1404 192 1486 231 513

171 266 334 311 XXXI.
370 272 509 321 Quare
525 267 748 312 vobiscum
767 267 899 312 modo
917 268 976 312 sic
994 266 1211 327 agendum
1229 275 1316 322 est,
1336 281 1426 312 non
1443 276 1492 312 ut

113 351 161 380 ea
174 330 262 396 jam
279 337 528 397 intelligatis
543 373 554 393 ‚
580 338 701 398 quod
722 338 814 381 fieri
837 354 927 383 non
953 347 1120 398 potest3
1152 337 1227 382 sed
1255 347 1305 382 ut
1330 337 1492 382 intelli-

113 420 212 464 gere
235 405 470 467 aliquando
500 408 696 467 cupiatis.
733 407 855 452 Facit
877 408 992 451 enirn
1014 409 1098 453 hoc
1124 407 1304 468 simplex
1325 417 1368 452 et
1384 423 1492 467 pura

113 475 297 520 charitas
319 477 422 531 Dei,
449 493 548 537 quae
567 477 752 522 maxime
770 486 986 536 spectatur
1018 478 1063 522 in
1092 478 1303 533 moribus,
1329 477 1383 522 de
1409 493 1495 537 qua

115 545 252 590 multa
265 548 354 606 jam
374 547 561 593 diximus
583 567 591 593 :
613 564 712 608 quae
729 548 933 607 inspirata
950 549 1112 607 Spiritu
1128 558 1277 594 sancto
1295 549 1496 609 perducit

114 614 170 660 ad
192 615 351 660 Filium
368 651 378 671 ‚
414 616 460 659 id
482 626 570 672 est,
607 617 663 662 ad
687 617 951 676 Sapientiam
975 618 1078 673 Dei,
1105 634 1181 677 per
1208 634 1340 679 quam
1373 622 1499 663 Pater

6 687 19 723 ἐ
44 743 47 747 Δ
113 686 204 745 ipse
223 688 510 745 cognoscitur.
527 690 635 733 Nam
655 687 689 732 si
703 688 910 748 sapientia
924 696 967 732 et
980 689 1137 733 veritas
1150 705 1239 734 non
1252 690 1351 734 totis
1370 689 1500 733 animi

11 782 20 792 -
44 789 47 798 „
112 757 276 801 viribus
296 759 626 817 concupiscatur
642 793 652 813 ‚
687 758 871 803 inveniri
900 758 1023 803 nullo
1055 769 1182 816 pacto
1204 767 1360 815 potest.
1387 763 1444 803 At
1465 759 1496 803 si

112 828 171 872 ita
193 838 437 889 quaeratur,
465 839 514 874 ut
536 829 719 888 dignum
742 838 830 878 est,
853 829 1108 869 subtrahere
1129 842 1219 871 sese
1242 837 1372 887 atque
1401 829 1498 873 abs-

112 898 300 942 condere
331 915 354 940 a
386 900 472 940 suis
504 895 784 940 dilectoribus
821 910 912 940 non
945 904 1101 954 potest.
1129 896 1241 941 Hinc
1273 906 1336 941 est
1357 898 1494 954 illud,

112 966 232 1026 quod
252 967 299 1010 in
320 982 393 1010 ore
414 966 576 1010 habere
598 965 726 1009 etiam
749 980 824 1009 vos
843 964 1010 1019 soletis,
1044 965 1166 1024 quod
1196 966 1255 1010 ait
1273 985 1281 1010 ε
1310 969 1497 1023 «Petite,

116 1055 136 1078 »
162 1046 205 1080 et
234 1036 449 1095 accipietis
476 1054 484 1079 :
513 1035 695 1095 quaerite
712 1069 722 1088 ‚
755 1043 797 1077 et
828 1034 1055 1078 invenietis
1079 1054 1087 1078 ε
1112 1035 1305 1094 pulsate,
1331 1046 1374 1080 et
1399 1053 1502 1097 ape-

116 1126 135 1148 »
164 1107 298 1152 rietur
318 1106 454 1151 vobis.
479 1104 548 1150 Nil
570 1114 633 1149 est
648 1104 886 1159 occultum,
908 1105 1028 1163 quod
1045 1120 1134 1150 non
1156 1106 1421 1152 revelabitur
1436 1110 1496 1151 1.»

10 1186 17 1225 ῗ
41 1176 45 1223 .’
113 1181 272 1221 Amore
294 1176 481 1235 petitur,
509 1190 654 1218 amore
676 1175 887 1233 quaeritur
902 1209 912 1228 ‚
940 1190 1084 1220 amore
1102 1175 1302 1235 pulsatur
1319 1212 1330 1232 ‚
1356 1193 1502 1223 amore

114 1245 351 1300 revelatur,
383 1260 529 1289 amore
562 1243 753 1302 denique
785 1244 830 1287 in
863 1259 913 1288 eo
946 1244 1065 1304 quod
1097 1246 1334 1291 revelatum
1371 1247 1504 1293 fuerit

115 1326 406 1378 permanetur.
440 1315 508 1359 Ab
529 1315 613 1359 hoc
636 1329 782 1358 amore
807 1314 1029 1374 sapientiae
1048 1315 1356 1378 diligentiaque
1379 1335 1502 1379 quae-

114 1387 260 1442 rendi,
285 1402 375 1430 non
397 1385 666 1430 deterremur
688 1385 834 1428 Veteri
858 1387 1160 1442 Testamento‚
1193 1388 1312 1447 quod
1334 1405 1502 1450 semper

106 1457 442 1502 'mendacissime
470 1455 636 1511 dicitis,
662 1456 736 1501 sed
758 1455 812 1499 ad
835 1455 929 1500 haec
952 1456 1327 1504 vehementissime
1355 1462 1503 1507 conci-

114 1538 273 1574 tamur.

172 1599 357 1643 XXXII.
392 1595 552 1641 Audite
574 1597 721 1655 itaque
749 1595 1010 1655 aliquando,
1045 1606 1088 1642 et
1120 1597 1331 1645 advertite
1353 1618 1500 1662 quaeso

114 1669 204 1713 sine
226 1667 460 1727 pertinacia
483 1666 591 1726 quid
614 1681 690 1726 per
711 1666 974 1726 Prophetam
997 1667 1167 1712 dicatur
1188 1685 1197 1710 :
1228 1689 1249 1713 (ι
1269 1671 1394 1717 Clara
1417 1683 1496 1730 est,

117 1757 137 1781 »
162 1738 333 1798 inquit,
358 1746 401 1781 et
423 1752 521 1796 quae
542 1751 769 1795 nunquam
789 1746 1024 1782 marcescat
1044 1738 1277 1797 sapientia,
1313 1751 1356 1787 et
1376 1743 1499 1788 facile

117 1827 138 1851 »
162 1807 336 1853 videtur
358 1806 444 1851 ab
434 1806 484 1850 lis
506 1806 580 1865 qui
602 1805 790 1864 diligunt
810 1805 955 1861 illam,
981 1816 1024 1851 et
1045 1808 1265 1854 invenitur
1280 1811 1360 1856 ab
1350 1813 1399 1857 iis
1421 1815 1496 1873 qui

117 1898 138 1922 »
165 1886 370 1939 quaerunt
390 1875 508 1920 illam
514 1885 817 1935 ,praeoccupat
833 1877 909 1936 qui
927 1892 971 1921 se
988 1880 1321 1938 concupiscunt,
1343 1891 1392 1927 ut
1413 1882 1496 1929 illis

117 1968 139 1991 η
163 1965 205 1994 se
226 1947 439 1993 ostendat.
473 1946 559 1999 Qui
594 1946 836 2004 vigilaverit
869 1945 924 1989 ad
949 1945 1094 2001 illam,
1126 1963 1214 1992 non
1242 1949 1493 1998 laborabit:

118 2037 139 2061 »
166 2017 422 2063 assidentem
457 2016 573 2059 enim
610 2014 728 2059 illam
755 2015 946 2059 inveniet
972 2016 1140 2061 foribus
1166 2018 1267 2062 suis.
1299 2022 1497 2079 Cogitate

115 2106 139 2131 »
165 2088 279 2133 enim
304 2088 358 2131 de
379 2085 473 2140 illa,
498 2100 646 2129 sensus
668 2093 731 2128 est
746 2094 1070 2129 consummatus
1093 2105 1101 2130 :
1126 2095 1168 2130 et
1190 2088 1266 2147 qui
1287 2090 1497 2150 vigilave-

119 2177 140 2201 »
166 2159 221 2202 rit
241 2166 418 2218 propter
437 2156 555 2199 illam
571 2190 581 2210 ,
608 2155 694 2199 cito
716 2155 797 2198 erit
818 2170 991 2199 securus
1012 2175 1020 2199 z
1042 2156 1145 2215 quia
1168 2157 1322 2217 dignos
1342 2177 1386 2205 se
1407 2163 1497 2222 ipsa

120 2247 140 2271 »
167 2229 320 2273 circuit
342 2242 538 2288 quaerens
554 2261 565 2280 ‚
599 2235 642 2269 et
663 2226 708 2269 in
726 2226 804 2269 viis
827 2227 1016 2271 ostendit
1039 2242 1082 2270 se
1103 2227 1187 2272 illis
1208 2230 1401 2277 hilariter
1416 2269 1426 2289 ‚
1456 2246 1499 2281 et

120 2319 140 2341 ))
167 2300 284 2344 omni
306 2297 575 2358 providentia
606 2297 793 2341 occurrit
821 2295 917 2340 illis.
945 2298 1121 2341 Initium
1147 2300 1261 2343 enim
1284 2302 1398 2349 illius
1426 2322 1500 2350 ve-

122 2391 139 2413 »
166 2371 381 2414 rissimum
403 2366 641 2426 disciplinae
664 2367 1013 2426 concupiscentia
1036 2378 1112 2411 est.
1144 2371 1257 2415 Cura
1285 2388 1386 2432 crgo
1409 2376 1499 2422 ὡς-

121 2459 142 2483 »
167 2439 338 2500 ciplinae
365 2438 540 2483 dilectio
563 2446 648 2492 est,
674 2446 717 2481 et
749 2436 924 2482 dilectio
952 2438 1183 2484 custoditio
1209 2439 1354 2499 legum
1384 2445 1501 2492 illius

170 2531 176 2546 ¹
197 2523 309 2556 Matth.
326 2533 383 2563 vu,
402 2533 435 2563 7,
454 2526 488 2554 et
505 2531 536 2562 x,
561 2521 613 2553 26.

306 2586 495 2617 CXXXIV.
1264 2577 1314 2617 33
