1729 3143
246 209 330 247 290
675 215 710 244 s.
745 215 977 245 AUGUSTINI
1008 219 1192 246 Emscom

236 292 306 327 tus
324 290 388 326 est
404 315 416 336 ‚
453 294 599 325 nonne
627 280 708 323 tibi
729 281 898 339 sapiens
919 281 1122 326 videtur?
1144 284 1196 326 E.
1221 282 1376 328 Nescio
1395 282 1503 327 alius
1524 283 1620 342 quis

237 352 345 396 mihi
377 350 546 408 sapiens
582 349 716 393 homo
751 349 889 394 videri
924 350 1057 409 possit
1076 385 1087 406 ‚
1127 352 1162 395 si
1197 351 1270 395 hic
1306 366 1397 395 non
1431 351 1618 395 videtur.

237 424 290 466 A.
317 419 458 465 Credo
480 418 610 462 etiarn
637 428 680 463 te
700 419 811 464 illud
832 421 938 465 scire
955 455 966 476 ‚
991 421 1222 481 plerosque
1242 421 1441 466 homines
1468 421 1623 466 stultos

235 505 339 535 esse.
361 492 412 532 E.
431 490 524 533 Hoc
541 504 721 549 quoque
738 491 837 535 satis
855 501 1041 536 constat.
1062 495 1115 536 Α.
1138 495 1196 536 At
1213 492 1247 535 si
1264 491 1422 536 stultus
1439 490 1624 550 sapienti

234 568 297 603 est
338 559 579 603 contrarius
601 594 612 615 ,
650 561 860 620 quoniam
897 562 1136 620 sapientem
1175 562 1491 620 comperimus,
1528 560 1624 619 quis

234 629 363 673 etiam
391 628 550 674 stultus
571 631 651 686 sit,
677 630 876 690 profecto
894 633 984 692 jam
1005 631 1224 690 intelligis.
1250 634 1303 675 E.
1329 631 1411 676 Cui
1435 645 1525 675 non
1546 643 1626 688 ap-

198 650 219 772 s
230 707 381 757 pareat
405 699 524 744 hunc
546 714 636 744 esse
651 735 662 755 ,
688 700 733 744 in
755 716 844 760 quo
867 716 988 745 mens
1010 716 1225 746 summam
1248 709 1509 760 potestatem
1534 713 1627 743 non

194 779 199 801 ι’
229 767 390 813 habet?
411 772 465 813 A.
488 769 604 822 Quid
618 770 751 828 igitur
767 770 1004 815 dicendum
1020 805 1031 825 ‚
1056 786 1157 815 cum
1173 771 1307 815 homo
1322 771 1381 814 ita
1404 778 1468 814 est
1488 769 1626 813 affec-

230 845 327 892 tuS‚
353 838 500 882 deesse
532 838 597 882 illi
632 849 856 897 mentem3
892 856 948 884 an
975 841 1171 899 quamvis
1200 841 1329 894 insit⁷
1363 854 1458 883 eam
1479 853 1627 883 carere

230 905 488 951 dominatu?
506 911 558 951 E.
576 910 670 951 Hoc
683 910 824 965 potius
840 909 962 966 quod
977 909 1181 950 ultimum
1197 908 1433 964 subjecisti.
1455 910 1507 950 A.
1527 911 1626 950 Per-

231 975 388 1021 Vellem
417 977 490 1020 abs
513 986 556 1020 te
583 977 734 1020 audire
751 1011 761 1030 ‚
788 977 950 1035 quibus
972 975 1248 1019 documentis
1266 984 1522 1034 perceptum
1544 976 1626 1019 ha-

234 1046 337 1090 beas
357 1081 367 1098 ,
407 1056 598 1091 mentem
625 1048 763 1091 inesse
793 1047 960 1091 homini
980 1081 991 1101 ,
1036 1062 1135 1106 quae
1170 1061 1299 1090 suum
1337 1061 1427 1090 non
1464 1055 1628 1090 exserat

232 1116 543 1173 principatum.
578 1118 630 1159 E.
670 1117 846 1160 Utinam
877 1125 971 1160 tuas
999 1117 1100 1159 istas
1122 1125 1262 1175 partes
1293 1116 1436 1159 facere
1457 1115 1590 1160 velles
1613 1133 1622 1159 :

232 1200 334 1228 nam
356 1200 446 1228 non
470 1184 576 1228 mihi
596 1184 723 1229 facile
753 1195 816 1229 est
845 1186 1055 1229 sustinere
1080 1186 1200 1246 quod
1222 1186 1395 1244 ingeris.
1421 1188 1473 1229 A.
1504 1183 1622 1228 Illud

231 1253 384 1298 saltem
400 1253 526 1297 facile
539 1263 603 1298 est
620 1256 700 1298 tibi
718 1255 936 1299 recordari
947 1290 957 1310 ,
983 1257 1102 1315 quod
1121 1255 1252 1314 paulo
1266 1265 1367 1299 ante
1386 1255 1573 1299 diximus
1584 1256 1597 1279 ¹
1611 1288 1622 1308 ‚

231 1323 607 1383 quemadmodum
628 1326 777 1369 bestiae
799 1325 1108 1368 mansuefactae
1126 1326 1181 1368 ab
1204 1325 1454 1369 hominibus
1474 1340 1522 1368 ac
1543 1324 1625 1369 do-

228 1394 347 1436 mitae
368 1394 555 1436 serviant
581 1412 590 1437 :
613 1392 736 1452 quod
754 1394 808 1437 ab
827 1395 886 1437 eis
908 1395 1092 1438 vicissim
1109 1395 1332 1448 homines,
1357 1403 1407 1438 ut
1423 1394 1626 1438 demons-

227 1462 357 1506 travit
378 1464 487 1506 ratio
504 1496 516 1516 ‚
541 1472 796 1521 paterentur
819 1464 900 1507 nisi
922 1463 1070 1524 aliquo
1098 1463 1375 1508 excellerent.
1403 1465 1455 1508 Id
1477 1473 1624 1508 autem

228 1547 318 1576 non
340 1532 670 1576 inveniebamus
693 1534 739 1576 in
761 1548 945 1592 corpore
967 1553 976 1577 :
996 1535 1056 1577 ita
1077 1549 1179 1577 cum
1203 1534 1249 1577 in
1267 1534 1414 1578 animo
1437 1548 1528 1577 esse
1547 1549 1628 1592 ap-

230 1611 426 1659 pareret,
451 1602 559 1660 quid
582 1602 704 1646 aliud
726 1602 1039 1661 appellandum
1063 1612 1174 1647 esset
1200 1620 1332 1663 quam
1363 1604 1473 1648 ratio
1490 1638 1502 1658 ‚
1536 1618 1627 1647 non

234 1671 524 1729 comperimus
546 1690 554 1716 ε
580 1688 713 1731 quam
734 1681 882 1731 postea
900 1682 943 1716 et
965 1682 1157 1716 mentem
1185 1682 1228 1717 et
1256 1674 1456 1732 spiritum
1481 1673 1628 1718 vocari

237 1741 451 1786 recordati
477 1757 640 1786 sumus.
669 1742 753 1787 Sed
783 1743 818 1786 si
843 1742 963 1786 aliud
986 1743 1121 1798 ratio,
1147 1743 1436 1799 aliudmens‚
1461 1753 1629 1789 constat

206 1821 354 1880 icerte
386 1828 476 1856 non
508 1813 589 1855 nisi
624 1822 817 1856 mentem
849 1813 914 1856 uti
946 1828 1068 1871 posse
1096 1814 1279 1857 ratione.
1307 1817 1371 1857 Ex
1401 1830 1491 1873 quo
1517 1814 1628 1858 illud

206 1883 214 1930 ,f
238 1883 468 1926 conficitur
484 1917 495 1938 ,
530 1897 631 1926 eum
664 1883 739 1941 qui
771 1882 983 1926 rationem
1005 1882 1163 1937 habet,
1189 1892 1336 1927 mente
1363 1899 1510 1928 carere
1538 1899 1629 1928 non

236 1968 374 2012 posse.
402 1955 454 1996 E.
482 1953 621 1997 Probe
642 1954 721 1996 ista
751 1953 1003 1996 reminiscor
1024 1968 1073 1996 ac
1094 1962 1237 1997 teneo.
1263 1956 1316 1997 Α.
1343 1954 1460 2006 Quid
1477 1989 1488 2009 ‚
1516 1953 1628 1998 illud

239 2023 482 2078 credis-ne,
522 2023 755 2068 domitores
778 2023 1027 2067 belluarum
1062 2022 1143 2066 nisi
1175 2024 1388 2082 sapientes
1423 2039 1513 2067 esse
1535 2039 1627 2069 non

240 2095 395 2152 posse?
416 2096 503 2137 Eos
525 2093 642 2136 enim
663 2093 875 2151 sapientes
895 2108 1005 2137 voco
1020 2127 1032 2147 ‚
1063 2108 1172 2152 quos
1205 2094 1360 2137 veritas
1381 2095 1527 2139 vocari
1551 2095 1629 2153 ju-

240 2163 317 2208 bet
333 2198 345 2218 ,
369 2163 415 2207 id
437 2173 501 2207 est
517 2198 528 2218 ,
550 2164 626 2223 qui
643 2179 777 2222 regno
800 2164 957 2208 mentis
977 2156 1097 2208 omni
1112 2162 1305 2208 libidinis
1321 2164 1628 2224 subjugatione

244 2234 385 2291 pacati
420 2243 536 2277 sunt.
575 2236 626 2277 E.
660 2233 913 2277 Ridiculum
945 2241 1009 2276 est
1044 2232 1148 2276 tales
1184 2241 1337 2292 putare
1366 2233 1494 2288 istos,
1520 2247 1629 2293 quos

244 2303 379 2362 vulgo
410 2303 722 2348 mansuetarios
754 2312 1041 2362 nuncupant,
1073 2301 1143 2346 vel
1170 2302 1298 2345 etiam
1330 2311 1521 2361 pastores
1553 2311 1628 2346 aut

247 2373 462 2418 bubulcos
479 2409 489 2429 ‚
525 2383 599 2418 aut
627 2374 793 2432 aurigas
809 2409 820 2429 ,
856 2374 1016 2433 quibus
1039 2372 1241 2418 omnibus
1259 2373 1474 2417 domitum
1494 2387 1627 2433 pecus

249 2442 491 2501 subjectum
511 2444 707 2489 videmus
722 2479 734 2500 ,
754 2454 798 2489 et
811 2460 1000 2504 quorum
1016 2443 1228 2490 industria
1244 2442 1507 2490 indomitum
1527 2443 1630 2488 sub-

298 2531 306 2548 ¹
325 2526 520 2569 videsupra‚
543 2539 615 2570 cap.
635 2539 689 2570 vn,
710 2540 741 2561 u.
763 2529 813 2561 16.
