1729 3143
329 249 412 276 LIB.
448 249 479 275 1.
515 249 570 276 DE:
601 248 788 276 nonnus
820 247 1020 275 ECCLESIAE
1049 244 1305 275 CATHOLICAE.
1425 234 1508 275 523

67 327 69 329 ’
127 312 429 368 custodiatur,
463 311 585 372 quod
606 320 670 357 est
696 312 1013 370 temperantiae3
1050 320 1094 355 et
1119 310 1250 355 nullis
1282 310 1510 370 frangatur

124 381 430 437 incommodis,
447 383 568 442 quod
583 390 645 427 est
662 379 955 439 fortitudinis3
978 379 1089 425 nulli
1102 381 1172 425 alii
1193 380 1364 437 serviat,
1389 380 1509 441 quod

123 462 188 498 est
200 453 406 514 justitiae,
429 452 575 511 vigilet
592 454 638 497 in
658 451 951 498 discernendis
971 452 1115 508 rebus,
1135 468 1191 496 ne
1206 451 1374 497 fallacia
1397 467 1509 512 pau-

58 515 62 520 ’
122 525 244 570 latim
263 523 443 568 dolusve
465 523 698 583 subrepat,
722 523 842 583 quod
863 532 927 567 est
948 518 1334 582 prudentianHaec
1349 532 1414 568 est
1429 525 1511 568 ho-

56 581 60 592 ’
122 595 251 640 minis
271 610 358 638 una
380 593 606 653 perfectio,
631 610 718 654 qua
739 593 829 638 sola
852 594 1056 653 impetrat
1080 602 1129 638 ut
1151 587 1343 639 veritatis
1365 595 1507 639 since-

53 653 60 703 ss'
121 665 248 710 ritate
269 663 518 724 perfruatur
537 683 546 710 ι
570 665 664 710 haec
685 664 812 709 nobis
835 667 1111 709 Testamento
1137 673 1326 724 utroque
1356 665 1508 711 conci-

52 757 57 773 2
121 735 256 789 nitur,
280 735 376 779 haec
398 734 525 779 nobis
545 735 648 778 hinc
677 743 807 793 atque
836 733 939 778 inde
966 733 1188 779 suadetur.
1220 735 1335 783 Quid
1364 736 1508 780 adhuc

123 804 371 864 Scripturis‚
396 819 504 865 quas
521 804 746 863 ignoratis,
767 804 1129 849 calumniamini?
1146 800 1326 846 Nescitis
1343 812 1507 861 quanta

120 876 336 931 imperitia
356 875 573 915 lacessatis
594 872 744 925 libros,
768 885 877 929 quos
899 878 943 914 et
965 869 1044 915 soli
1067 871 1410 930 reprehendunt,
1427 875 1504 933 qui

119 957 210 987 non
232 940 510 1000 intelligunt,
534 949 578 985 et
598 940 678 984 soli
700 940 941 999 intelligere
963 949 1190 1001 nequeunt
1205 975 1217 997 ,
1248 943 1326 1002 qui
1356 958 1504 1002 repre-

119 1011 355 1057 hendunt?
378 1014 474 1057 Non
497 1011 611 1055 enim
633 1025 705 1055 eos
723 1019 798 1055 aut
818 1010 934 1054 ullus
954 1010 1154 1056 inimicus
1168 1027 1430 1071 cognoscere
1448 1014 1505 1057 si-

5 1084 19 1114 ¹:
53 1118 55 1122 ,
118 1083 254 1137 nitur,
280 1090 356 1126 aut
377 1096 467 1126 esse
487 1081 569 1125 nisi
591 1081 752 1125 amicus
774 1080 958 1139 cognitis
978 1089 1136 1140 potest.

176 1155 359 1198 XLVII.
385 1152 622 1210 Diligamus
642 1146 775 1211 igitur
797 1154 934 1196 Deum
957 1167 1010 1196 ex
1031 1161 1126 1197 toto
1153 1152 1285 1197 corde
1300 1187 1312 1208 ,
1341 1169 1391 1197 ex
1413 1162 1504 1200 tota

118 1224 278 1278 anima,
304 1237 356 1266 ex
374 1231 466 1266 tota
487 1231 649 1277 mente,
674 1222 942 1282 quicumque
963 1221 1019 1266 ad
1033 1223 1166 1267 vitam
1181 1231 1388 1267 aeternam
1402 1239 1504 1283 per-

117 1294 267 1340 venire
280 1291 600 1352 proposuimus.
613 1293 713 1336 Vita
725 1292 842 1335 enim
855 1300 1016 1336 aeterna
1025 1300 1088 1336 est
1101 1300 1241 1336 totum
1254 1294 1480 1352 praemium
1489 1329 1501 1351 ,

119 1365 244 1424 cujus
265 1363 551 1423 promissione
575 1361 815 1422 gaudemus
846 1382 855 1408 z
880 1378 960 1407 nec
982 1363 1209 1422 praemium
1231 1372 1373 1422 potest
1393 1379 1506 1424 prae-

117 1433 271 1479 cedere
297 1433 479 1488 merita,
511 1434 716 1494 priusque
742 1433 909 1478 homini
931 1432 1024 1478 dari
1058 1448 1191 1493 quam
1227 1433 1384 1492 dignus
1418 1444 1498 1480 est.

118 1504 236 1559 Quid
256 1504 372 1549 enim
395 1504 479 1548 hoc
501 1504 726 1563 injustius,
750 1513 794 1548 et
823 1504 930 1564 quid
954 1505 1111 1564 justius
1132 1506 1253 1549 Deo?
1273 1507 1370 1550 Non
1399 1521 1503 1565 ergo

117 1577 328 1621 debemus
352 1591 525 1635 poscere
539 1577 765 1636 praemium
781 1585 1015 1636 antequam
1031 1591 1273 1620 mereamur
1289 1577 1499 1637 accipere.

118 1647 199 1691 Hic
231 1646 412 1691 fortasse
440 1662 530 1691 non
560 1647 800 1705 incongrue
832 1647 1065 1706 quaeritur,
1101 1655 1262 1691 aeterna
1292 1647 1384 1706 ipsa
1416 1647 1502 1692 vita

116 1716 225 1776 quid
246 1718 313 1762 sit.
343 1716 428 1761 Sed
449 1717 539 1775 ejus
561 1716 808 1774 largitorem
832 1717 974 1776 potius
997 1716 1238 1761 audiamus.
1264 1719 1403 1762 «Haec
1418 1726 1499 1773 est,

119 1803 140 1828 »
164 1786 332 1846 inquit,
362 1785 450 1831 vita
482 1794 641 1830 aeterna
660 1820 671 1841 ‚
708 1795 758 1830 ut
790 1795 1052 1844 cognoscant
1082 1795 1125 1830 te
1157 1801 1308 1831 verum
1331 1790 1499 1843 Deum,

119 1875 141 1898 »
161 1865 205 1901 et
215 1871 348 1917 quem
362 1856 513 1900 misisti
526 1859 550 1901 J
554 1872 674 1901 esum
692 1857 913 1902 Christum
924 1859 953 1901 ¹.
963 1875 983 1898 »
1003 1859 1183 1902 AEterna
1195 1857 1325 1916 igitur
1339 1858 1425 1902 vita
1439 1867 1503 1903 est

117 1926 209 1986 ipsa
230 1926 422 1984 cognitio
442 1927 649 1971 veritatis.
670 1927 964 1980 Quamobrem
979 1927 1123 1972 videte
1142 1942 1273 1987 quam
1296 1927 1382 1971 sint
1401 1943 1501 1986 per-

115 1997 227 2042 versi
249 2006 381 2057 atque
402 1997 674 2057 praeposteri,
701 1998 776 2057 qui
797 2012 887 2041 sese
909 1997 1176 2041 arbitrantur
1192 1997 1269 2041 Dei
1283 1997 1501 2056 cognitio-

115 2083 217 2112 nem
238 2068 423 2123 tradere,
450 2077 499 2112 ut
520 2067 700 2127 perfecti
720 2068 867 2123 simus,
891 2083 997 2112 cum
1018 2067 1310 2127 perfectorum
1333 2068 1422 2127 ipsa
1445 2068 1500 2112 sit

114 2137 359 2197 praemium.
386 2137 502 2192 Quid
523 2154 626 2197 ergo
648 2138 865 2197 agendum
887 2147 972 2193 est,
1000 2138 1108 2198 quid
1135 2153 1284 2199 quaeso
1300 2172 1312 2193 ‚
1346 2138 1428 2182 nisi
1450 2147 1501 2182 ut

113 2223 215 2252 eum
237 2208 380 2268 ipsum
401 2224 533 2269 quem
555 2224 814 2268 cognoscere
836 2208 1036 2254 volumus
1054 2245 1065 2265 ‚
1096 2210 1216 2270 prius
1237 2209 1365 2269 plena
1391 2210 1499 2254 cha-

112 2279 238 2323 ritate
259 2279 522 2339 diligamus?
546 2280 671 2325 Unde
694 2279 801 2324 illud
825 2280 1031 2335 exoritur,
1058 2280 1179 2340 quod
1201 2280 1256 2324 ab
1277 2280 1401 2324 initio
1431 2294 1500 2324 sa·-

112 2350 320 2408 tagimus,
347 2351 457 2395 nihil
473 2352 519 2395 in
534 2350 728 2396 Ecclesia
746 2350 959 2396 catholica
974 2349 1189 2396 salubrius
1207 2351 1300 2395 fieri
1313 2354 1346 2406 ²,
1363 2365 1497 2410 quam

113 2429 163 2464 ut
184 2420 396 2467 rationem
418 2420 635 2480 praecedat
652 2421 897 2465 auctoritas.

168 2491 372 2535 XLVIII.
401 2492 486 2536 Sed
499 2500 657 2536 caetera
671 2489 893 2536 videamus
911 2509 920 2536 :
935 2489 1108 2536 videtur
1120 2488 1238 2534 enim
1251 2487 1306 2534 de
1319 2488 1497 2535 homine

157 2575 171 2594 ¹
188 2576 282 2608 Joan.
306 2585 384 2617 xvn,
409 2575 438 2607 3.
459 2592 501 2600 —
518 2582 530 2599 ²
555 2587 566 2608 ι
591 2578 734 2609 Retract.
752 2585 825 2615 cap.
846 2573 902 2613 vii,
919 2583 952 2604 n.
991 2595 1000 2603 .
