1729 3143
196 227 280 264 596
617 233 651 262 s.
688 233 917 264 Auous'rim
950 236 1130 264 EPISCOPI

191 301 407 347 solutione
422 334 436 354 ,
462 299 621 359 quibus
650 300 954 360 adjuvantibus
977 301 1159 361 implere
1181 299 1385 345 debebat.
1415 305 1583 346 Interea

188 381 329 416 vester
346 371 575 430 episcopus
596 370 804 432 quidam,
837 373 971 417 homo
1003 372 1150 432 plane,
1180 381 1230 416 ut
1261 372 1351 432 ipse
1383 382 1585 432 expertus

191 457 304 496 sum,
329 442 574 486 rusticanus
596 451 727 502 atque
751 442 976 502 impolitus
993 477 1004 497 ‚
1026 442 1102 486 sed
1124 443 1270 487 nescio
1292 443 1515 502 quomodo
1535 458 1585 486 ea

190 514 281 573 ipsa
305 511 468 558 duritia
487 515 674 558 severior
699 514 745 558 in
773 513 1070 558 custodiendis
1093 514 1219 558 bonis
1241 515 1434 559 moribus
1461 513 1586 559 vide-

188 584 335 628 batur.
367 586 496 629 Hunc
529 584 770 629 diutissime
803 585 1097 630 desideratum
1127 594 1171 629 et
1203 585 1439 646 aliquando
1471 601 1587 645 prae-

189 665 356 702 sentem
393 657 543 716 arripit
575 657 678 712 iste,
717 658 892 716 exponit
926 657 1095 702 homini
1126 658 1401 702 voluntatem
1429 673 1584 701 suam:

190 726 342 772 laudat
362 727 435 771 ille
460 738 592 787 atque
615 729 856 782 consentit,
881 728 1023 787 placet
1046 738 1096 773 ut
1122 730 1167 773 in
1190 728 1323 774 domo
1351 729 1442 789 ejus
1470 729 1589 789 prior

189 797 279 857 ipse
292 798 472 857 incipiat
485 798 697 842 habitare.
720 797 851 850 Quod
866 799 945 840 ubi
970 798 1137 844 factum
1154 809 1219 844 est
1230 835 1241 854 ,
1266 815 1319 845 eo
1336 799 1590 859 congregati

191 878 295 914 sunt
317 868 445 914 electi
473 883 646 923 omnes,
672 867 749 928 qui
776 871 929 912 Romae
961 883 1052 912 esse
1080 879 1333 928 potuerunt.
1363 870 1590 930 Proposita

189 949 254 985 est
276 938 453 985 vivendi
475 938 625 999 regula
643 938 698 982 de
720 939 953 984 Manichaei
969 938 1152 999 epistola
1176 959 1185 985 z
1207 939 1357 984 multis
1378 939 1589 985 intolera-

186 1010 274 1056 bile
296 1012 436 1056 visum
453 1020 544 1068 est3
572 1009 870 1055 abscesserunt
892 1029 901 1056 :
924 1021 1229 1056 remanserunt
1252 1021 1401 1057 tamen
1422 1013 1589 1071 pudore

191 1098 282 1127 non
303 1082 447 1142 pauci.
473 1081 621 1142 Coepit
637 1081 697 1125 ita
715 1080 803 1126 vivi
832 1091 882 1126 ut
904 1081 1153 1142 placuerat,
1179 1091 1222 1127 et
1244 1093 1294 1127 ut
1321 1091 1441 1127 tanta
1473 1098 1589 1142 prae-

194 1154 412 1199 scribebat
436 1153 670 1198 auctoritas
688 1173 696 1198 :
713 1169 815 1198 cum
831 1153 1005 1198 interim
1027 1154 1200 1200 auditor
1217 1153 1291 1198 ille
1313 1155 1592 1199 vehementer

192 1241 342 1271 omnes
362 1226 417 1271 ad
439 1225 585 1270 omnia
606 1234 804 1286 cogeret,
825 1225 1046 1270 neminem
1062 1235 1210 1270 tamen
1228 1224 1284 1269 ad
1300 1224 1346 1268 id
1363 1224 1484 1285 quod
1502 1240 1591 1269 non

190 1298 309 1357 prior
324 1298 414 1357 ipse
437 1296 688 1355 susciperet.
713 1300 885 1340 Interea
903 1297 1005 1340 rixae
1026 1297 1139 1340 inter
1160 1295 1319 1341 electos
1336 1296 1591 1340 oriebantur

193 1369 490 1421 creberrimae,
516 1368 836 1427 objiciebantur
860 1368 914 1411 ab
937 1368 1122 1412 invicem
1149 1368 1356 1422 crimina,
1388 1383 1488 1427 quae
1518 1366 1592 1410 ille

195 1441 340 1484 omnia
369 1455 546 1499 gemens
575 1438 804 1493 audiebat,
841 1439 1063 1499 dabatque
1088 1454 1288 1498 operam,
1323 1447 1372 1482 ut
1406 1453 1449 1481 se
1480 1438 1594 1497 ipsos

196 1513 241 1554 in
257 1512 477 1573 jurgando
505 1511 798 1554 incautissime
827 1511 1065 1569 proderent
1090 1530 1099 1555 ι
1134 1509 1381 1569 prodebant
1404 1508 1592 1555 nefanda

196 1582 473 1626 etimmania.
492 1581 559 1625 Ibi
571 1581 796 1640 cognitum
818 1589 882 1624 est
901 1580 1051 1641 quales
1070 1589 1212 1625 essent
1226 1616 1237 1637 ‚
1263 1581 1339 1641 qui
1356 1589 1504 1624 tamen
1527 1584 1595 1623 in-

198 1666 262 1697 ter
284 1662 462 1698 caeteros
480 1652 567 1696 vim
581 1660 902 1711 praeceptorum
919 1650 1096 1696 illorum
1111 1651 1386 1696 subeundam
1405 1651 1487 1696 sibi
1505 1666 1594 1695 esse

199 1733 483 1784 putaverunt.
504 1726 528 1767 J
533 1738 602 1767 am
625 1723 680 1766 de
703 1722 868 1766 caeteris
890 1721 999 1782 quid
1028 1721 1339 1782 suspicandum
1364 1731 1456 1766 erat
1473 1757 1483 1777 ,
1520 1731 1596 1766 aut

200 1796 309 1856 quid
332 1796 475 1855 potius
492 1793 815 1854 judicandum?
838 1793 954 1846 Quid
983 1794 1109 1851 plura
1134 1795 1152 1836 P
1176 1794 1327 1838 Coacti
1359 1792 1595 1852 aliquando

201 1873 587 1910 murmuraverunt
608 1863 811 1907 sustineri
832 1861 907 1906 illa
924 1862 1128 1907 mandata
1145 1879 1235 1907 non
1255 1878 1379 1922 posse
1400 1882 1408 1907 :
1429 1863 1532 1907 inde
1550 1863 1595 1906 in

201 1937 476 1982 seditionem.
524 1935 694 1994 Agebat
734 1933 907 1978 auditor
939 1949 1113 1978 causam
1145 1950 1268 1978 suam
1296 1934 1595 1994 complexione

204 2007 474 2062 brevissima,
500 2015 577 2051 aut
599 2006 673 2049 illa
697 2006 841 2050 omnia
864 2020 954 2049 esse
980 2006 1190 2049 servanda
1206 2041 1217 2060 ,
1243 2014 1319 2049 aut
1345 2005 1487 2061 illum,
1520 2006 1595 2066 qui

200 2079 301 2124 talia
329 2079 411 2123 sub
439 2078 516 2122 tali
546 2077 797 2122 conditione
828 2077 1123 2136 praecepisset,
1151 2092 1250 2136 quae
1281 2075 1428 2121 nullus
1452 2086 1597 2137 posset

206 2151 403 2211 implere,
435 2148 735 2193 stultissimum
768 2147 1116 2192 existimandum.
1154 2147 1269 2191 Vicit
1302 2157 1475 2203 tamen,
1507 2164 1596 2193 non

205 2224 320 2268 enim
341 2222 464 2266 aliter
487 2230 681 2281 poterat5
706 2221 834 2264 unius
856 2219 1116 2263 sententiam
1135 2219 1489 2263 effrenatissimus
1505 2219 1597 2279 plu-

203 2295 319 2348 rium
336 2293 555 2353 strepitus.
584 2296 733 2336 Postea
754 2292 881 2335 etiam
899 2291 990 2350 ipse
1011 2290 1135 2334 cessit
1153 2291 1396 2349 episcopus,
1427 2300 1470 2334 et
1496 2306 1597 2335 cum

203 2382 363 2425 magno
384 2365 597 2409 dedecore
620 2363 792 2423 aufugit
814 2383 822 2408 ε
846 2364 970 2423 cujus
994 2378 1096 2407 sane
1117 2363 1206 2406 cibi
1225 2372 1383 2421 praeter
1401 2363 1595 2422 regulam

201 2438 400 2482 clanculo
426 2438 613 2496 accepti,
639 2445 682 2479 et
706 2450 819 2494 saepe
845 2435 1011 2478 inventi
1041 2433 1327 2490 ferebantur,
1350 2451 1451 2479 cum
1474 2435 1513 2479 ei
1542 2434 1595 2478 de

198 2509 372 2566 proprio
399 2507 572 2552 sacculo
594 2506 826 2565 diligenter
847 2504 1066 2550 occultato
1089 2506 1272 2564 pecunia
1293 2507 1464 2565 copiosa
1483 2519 1591 2564 sup-

204 2587 385 2637 peteret.
