1729 3143
605 223 658 250 DE
690 222 857 259 GENES1,
886 224 968 249 Lm.
1004 223 1052 248 11.
1439 209 1523 248 469

202 289 300 331 XX.
338 289 519 347 Serpens
541 297 686 332 autem
704 288 914 346 significat
933 285 1179 340 diabolum,
1211 285 1286 345 qui
1309 300 1411 329 sane
1434 302 1522 330 non

143 365 234 401 erat
255 357 447 417 simplex.
474 357 604 411 Quod
627 358 742 402 enim
764 357 922 401 dicitur
945 356 1178 415 sapientior
1202 355 1403 400 omnibus
1425 355 1523 400 bes-

142 426 232 482 tiis,
257 428 440 486 figurate
462 428 706 473 insinuatur
727 428 818 486 ejus
837 427 1042 471 versutia.
1068 429 1165 472 Non
1188 435 1333 471 autem
1356 425 1523 471 dictum

142 506 222 552 est,
248 498 367 557 quod
398 499 443 543 in
464 499 662 558 paradiso
681 506 772 542 erat
793 512 982 556 serpens,
1008 498 1082 541 sed
1105 506 1194 541 erat
1217 512 1391 556 serpens
1411 497 1524 542 inter

141 566 298 612 bestias
315 584 421 628 quas
435 568 538 614 fecit
558 573 670 614 Deus
684 571 714 613 ¹.
736 566 960 612 Paradisus
981 582 1168 628 namque
1185 567 1358 612 beatam
1370 568 1521 623 vitam,

140 645 191 681 ut
211 638 408 697 superius
431 638 533 693 dixi,
558 638 784 698 significat,
817 638 861 682 in
882 652 968 697 qua
987 638 1078 698 jam
1102 653 1192 682 non
1222 647 1313 683 erat
1333 652 1521 698 serpens,

141 708 242 768 quia
258 709 348 768 jam
368 708 567 753 diabolus
584 718 671 753 erat
693 728 702 753 :
738 717 781 753 et
812 707 867 753 de
894 722 971 752 sua
992 707 1264 752 beatitudine
1289 708 1520 764 ceciderat,

142 778 243 837 quia
273 779 318 821 in
351 778 530 822 veritate
559 794 649 823 non
677 778 808 822 stetit.
841 780 929 823 Nec
951 777 1198 822 mirandum
1218 787 1281 823 est
1301 778 1524 839 quomodo

139 846 312 891 mulieri
325 846 446 907 loqui
457 849 663 907 potuerit,
681 863 778 892 cum
795 847 869 892 illa
886 856 994 891 esset
1009 848 1055 891 in
1066 847 1280 907 paradiso,
1297 848 1424 893 etille
1435 863 1526 893 non

139 926 272 962 esset:
294 933 381 962 non
398 918 512 962 enim
529 927 603 961 aut
624 917 696 961 illa
718 917 959 961 secundum
973 917 1117 961 locum
1139 918 1292 962 eratin
1308 919 1521 977 paradiso,

138 987 214 1032 sed
244 990 386 1047 potius
421 986 662 1032 secundum
691 987 972 1031 beatitudinis
1000 987 1230 1045 affectum3
1261 997 1336 1034 aut
1357 989 1523 1034 etiamsi

136 1058 258 1103 locus
280 1068 343 1102 est
362 1058 475 1111 talis,
502 1059 578 1118 qui
601 1058 822 1117 paradisus
845 1067 1040 1113 vocetur,
1066 1059 1112 1102 in
1134 1073 1223 1118 quo
1244 1060 1524 1118 corporaliter

135 1127 275 1172 Adam
297 1138 339 1172 et
360 1128 522 1172 mulier
537 1128 817 1183 habitabant,
843 1129 971 1173 etiam
995 1128 1159 1173 diaboli
1180 1145 1398 1174 accessum
1420 1146 1520 1176 cor-

135 1198 338 1258 poraliter
357 1198 598 1258 intelligere
618 1199 830 1243 debemus
856 1219 865 1244 2
891 1218 907 1239 «
927 1202 1024 1246 Non
1046 1201 1213 1260 utique,
1236 1200 1310 1245 sed
1325 1202 1524 1261 spiritali-

139 1287 158 1310 »
180 1278 260 1322 ter,
273 1269 384 1312 sicut
398 1268 631 1327 Apostolus
649 1268 768 1323 dicit,
788 1269 1029 1313 secundum
1045 1271 1284 1330 principem
1301 1274 1523 1330 potestatis

136 1357 156 1380 »
182 1339 306 1393 ae'ris,
327 1339 499 1397 spiritus
521 1340 596 1399 qui
618 1355 737 1385 nunc
759 1348 963 1399 operatur
984 1341 1029 1384 in
1048 1340 1148 1384 filiis
1169 1341 1467 1387 diffidentiae2.
1493 1362 1514 1386 »

135 1409 359 1468 Numquid
388 1424 490 1467 ergo
518 1408 745 1454 visibiliter
766 1410 824 1453 eis
847 1419 1039 1469 apparet,
1066 1419 1140 1455 aut
1161 1413 1283 1471 quasi
1306 1414 1522 1472 corporeis

133 1479 236 1524 locis
265 1479 430 1523 accedit
453 1479 507 1523 ad
528 1494 599 1524 eos
620 1480 666 1523 in
687 1479 845 1539 quibus
867 1483 1101 1539 operatur?
1120 1497 1211 1526 non
1232 1482 1409 1543 utique,
1445 1485 1521 1528 sed

133 1550 251 1593 miris
284 1549 421 1594 modis
454 1565 531 1608 per
563 1550 843 1607 cogitationes
882 1551 1072 1610 suggerit
1108 1551 1324 1612 quidquid
1358 1563 1514 1613 potest.

132 1621 300 1674 Quibus
332 1620 673 1679 suggestionibus
701 1621 920 1676 resistunt,
954 1621 1031 1681 qui
1064 1637 1164 1666 vere
1196 1621 1365 1679 dicunt,
1397 1623 1518 1684 quod

131 1693 235 1736 item
248 1691 353 1736 dicit
363 1691 596 1751 Apostolus
609 1710 617 1736 :
634 1693 761 1737 «Non
775 1692 890 1735 enim
903 1693 1149 1750 ignoramus
1162 1694 1337 1738 astutias
1350 1696 1386 1755 ej
1393 1711 1442 1740 us
1452 1696 1482 1739 ³.
1493 1714 1513 1737 »

131 1760 362 1815 Quomodo
380 1762 495 1805 enim
519 1762 695 1806 accessit
717 1761 772 1805 ad
789 1761 966 1816 Judam‚
987 1761 1165 1822 quando
1182 1764 1221 1807 ei
1239 1766 1448 1822 persuasit
1465 1775 1515 1810 ut

130 1833 364 1877 Dominum
386 1832 602 1876 traderet?
624 1831 842 1892 numquid
861 1833 906 1877 in
926 1833 1047 1888 lociS,
1075 1842 1149 1877 aut
1171 1849 1248 1893 per
1270 1835 1348 1879 hos
1366 1836 1514 1881 oculos

130 1906 168 1947 ei
181 1903 293 1947 visus
309 1905 397 1947 est?
413 1903 487 1947 sed
502 1904 670 1964 utique,
685 1912 735 1947 ut
751 1902 918 1948 dictum
937 1913 1016 1958 est,
1032 1904 1210 1950 intravit
1224 1905 1270 1950 in
1284 1922 1358 1951 cor
1375 1908 1487 1966 ejus⁴
1500 1943 1510 1952 .

129 1971 319 2031 Repellit
334 1982 480 2017 autem
497 1972 619 2017 illum
632 1974 780 2027 homo,
799 1973 833 2017 si
851 1974 1096 2032 paradisum
1115 1975 1345 2020 custodiat.
1367 1978 1514 2022 Posuit

129 2043 245 2087 enim
267 2046 380 2087 Deus
401 2043 622 2086 hominem
645 2042 690 2086 in
711 2043 924 2101 paradiso,
953 2053 1002 2088 ut
1024 2054 1275 2104 operaretur
1297 2055 1339 2090 et
1361 2057 1509 2093 custo-

129 2113 240 2158 diret
258 2133 266 2157 :
291 2113 391 2172 quia
411 2113 469 2156 sic
486 2113 540 2158 de
562 2112 752 2157 Ecclesia
770 2113 928 2158 dicitur
945 2115 989 2158 in
1007 2116 1193 2160 Canticis
1212 2118 1479 2163 canticorum
1498 2139 1506 2164 :

134 2204 151 2225 «
187 2187 347 2229 Hortus
364 2184 610 2238 conclusus,
631 2183 728 2229 fons
750 2185 940 2243 signatus
956 2188 993 2230 ⁵:
1013 2203 1137 2247 »quo
1154 2189 1308 2248 utique
1326 2205 1414 2234 non
1431 2190 1508 2235 ad-

128 2256 314 2301 mittitur
334 2256 621 2315 perversitatis
644 2254 716 2298 ille
738 2271 976 2314 persuasor.
1001 2257 1084 2302 Sed
1098 2267 1245 2303 tamen
1266 2275 1341 2319 per
1358 2261 1510 2306 mulie-

129 2341 220 2370 rem
242 2326 403 2385 decipit
421 2346 428 2370 :
457 2341 547 2370 non
568 2325 683 2369 enim
706 2326 830 2370 etiam
856 2327 963 2371 ratio
981 2336 1126 2372 nostra
1149 2328 1305 2374 deduci
1325 2331 1379 2375 ad
1401 2347 1508 2377 con-

128 2395 368 2440 sensionem
391 2396 557 2455 peccati
579 2404 737 2454 potest,
761 2396 842 2440 nisi
863 2412 962 2440 cum
985 2398 1214 2444 delectatio
1233 2409 1350 2445 mota
1377 2400 1509 2447 fuerit

175 2503 184 2519 ¹
206 2498 284 2528 Gen.
312 2508 363 2537 111,
386 2508 413 2529 1.
432 2514 473 2520 -
490 2504 501 2520 ²
526 2496 639 2538 Ephes-
661 2509 698 2538 11,
726 2506 756 2528 2.
772 2514 812 2520 -·
828 2497 840 2520 3
862 2505 873 2520 ²
893 2500 962 2530 Cor.
984 2511 1017 2537 u,
1052 2511 1101 2531 ῐι.
1120 2517 1160 2523 --
1175 2500 1189 2529 4
1214 2503 1290 2533 Luc.
1313 2513 1391 2543 xxu,
1415 2503 1445 2535 3.
1463 2520 1504 2527 —-

129 2549 142 2573 5
162 2553 252 2583 Cant.
275 2563 318 2588 iv,
343 2561 392 2584 1¹2.
