1729 3143
210 184 264 220 20
649 188 682 217 S.
718 186 948 216 Avcvsnm
980 188 1162 216 EPlscoPI

204 257 292 311 tiae,
317 254 393 299 sed
415 254 659 300 dementiae.
686 253 898 297 Voluntas
922 253 1000 296 ista
1022 261 1145 298 tanto
1165 252 1338 296 videtur
1349 253 1584 312 patientior

204 326 462 372 acerborum
479 324 707 378 malorum,
733 331 899 382 quanto
920 332 984 368 est
997 322 1164 369 avidior
1177 324 1484 382 temporalium
1501 325 1585 369 bo-

200 412 376 453 norum,
401 397 502 457 quia
522 393 693 438 inanior
710 402 991 439 aeternorum.

258 469 381 512 XXI.
417 464 546 518 Quod
566 463 600 508 si
617 479 713 509 eam
738 465 926 523 exagitat
947 473 990 509 et
1007 464 1251 510 inflammat
1268 463 1497 509 fallacibus
1518 465 1585 509 vi-

200 537 255 582 sis
272 547 315 582 et
337 535 606 581 suasionibus
628 536 865 580 immundis
882 535 1124 581 diabolicus
1142 537 1315 596 spiritus
1336 545 1380 581 et
1396 535 1587 594 maligna

198 606 515 664 conspiratione
537 605 738 661 sociatus,
763 606 898 651 efficit
913 607 1102 651 hominis
1116 606 1407 662 voluntatem,
1428 604 1498 649 vel
1521 619 1588 648 er-

197 691 294 720 rore
308 676 577 733 dementem,
603 677 672 722 vel
689 678 886 736 appetitu
903 678 1136 737 cujuslibet
1152 677 1387 722 mundanae
1403 676 1587 721 delecta-

197 747 326 791 tionis
348 747 600 794 ardentem:
625 764 725 808 quae
750 764 850 793 cum
872 749 1049 793 videtur
1067 748 1358 793 intolerabilia
1375 745 1588 790 mirabili-

198 826 265 861 ter
281 818 519 874 sustinere,
543 834 634 863 non
667 829 814 863 tamen
844 819 944 863 ideo
970 820 1099 862 etiam
1127 818 1330 862 voluntas
1354 816 1468 860 mala
1496 816 1588 859 sine

194 887 473 945 instigatione
496 888 672 933 alterius
694 890 912 933 immundi
924 889 1114 948 spiritus,
1131 889 1242 932 sicut
1256 887 1456 931 voluntas
1476 887 1590 929 bona

196 957 288 1000 sine
312 958 529 1017 adjutorio
552 959 688 1003 sancti
714 960 896 1017 Spiritus
918 975 1007 1003 non
1043 968 1184 1017 potest
1227 973 1331 1001 esse.
1368 959 1478 1001 Nam
1500 971 1590 1000 esse

198 1040 322 1084 posse
343 1027 617 1072 voluntatem
634 1027 792 1072 malam
823 1029 954 1072 etiam
970 1029 1061 1072 sine
1084 1028 1230 1087 aliquo
1258 1027 1412 1086 spiritu
1429 1025 1498 1069 vel
1520 1040 1589 1068 se·-

197 1097 388 1141 ducente
409 1097 480 1141 vel
495 1098 719 1152 incitante,
745 1100 791 1141 in
810 1099 904 1156 ipso
926 1098 1104 1142 diabolo
1121 1099 1221 1142 satis
1238 1096 1498 1149 ostenditur,
1515 1095 1591 1154 qui

197 1181 276 1224 per
296 1166 470 1210 nullum
489 1167 624 1211 alium
645 1167 889 1219 diabolum,
917 1165 994 1208 sed
1010 1166 1185 1223 propria
1206 1165 1432 1208 voluntate
1450 1165 1591 1208 factus

199 1233 402 1277 diabolus
439 1233 676 1277 invenitur.
703 1234 916 1278 Voluntas
938 1235 1086 1294 itaque
1107 1233 1220 1278 mala
1242 1235 1330 1279 sive
1349 1234 1590 1293 cupiditate

198 1303 408 1362 rapiatur,
434 1302 523 1346 sive
552 1303 709 1346 timore
733 1312 979 1357 revocetur,
1013 1304 1101 1348 sive
1121 1303 1271 1347 laetitia
1295 1303 1588 1357 diffundatur,

198 1373 287 1418 sive
308 1372 478 1417 tristitia
500 1373 799 1427 contrahatur,
826 1381 956 1432 atque
977 1373 1024 1416 in
1039 1373 1105 1416 his
1123 1373 1328 1417 omnibus
1351 1373 1591 1431 perturba-

199 1445 393 1489 tionibus
430 1444 560 1487 animi
583 1458 876 1502 quaecumque
918 1453 1020 1487 sunt
1042 1443 1133 1487 aliis
1163 1443 1234 1488 vel
1272 1442 1354 1486 alio
1394 1452 1591 1501 tempore

200 1513 397 1571 graviora
417 1521 670 1557 contemnat
686 1522 730 1557 et
746 1511 937 1571 perferat
955 1532 966 1568 3
991 1521 1134 1571 potest
1155 1522 1199 1556 et
1211 1513 1302 1556 sine
1314 1511 1488 1556 alterius
1501 1512 1588 1570 spi-

200 1583 309 1626 ritus
330 1583 542 1627 instinctu
561 1597 605 1626 se
626 1583 718 1641 ipsa
740 1581 962 1635 seducere,
988 1591 1031 1625 et
1054 1580 1232 1626 defectu
1250 1598 1273 1625 a
1295 1582 1591 1640 superioribus

198 1652 246 1694 in
260 1650 465 1695 inferiora
481 1650 707 1710 lapsando,
733 1660 899 1710 quanto
918 1649 1154 1709 jucundius
1170 1651 1446 1694 aestimaverit
1471 1650 1593 1709 quod

201 1721 377 1780 adipisci
395 1722 576 1780 appetit,
595 1721 665 1765 vel
679 1722 875 1765 amittere
889 1721 1066 1774 metuit,
1085 1719 1154 1764 vel
1187 1719 1393 1778 adeptum
1411 1722 1588 1777 gaudet,

202 1791 272 1836 vel
290 1792 494 1835 amissum
523 1791 643 1835 dolet
660 1826 671 1845 ,
699 1800 822 1835 tanto
843 1789 1112 1834 tolerabilius
1135 1805 1213 1848 pro
1243 1805 1294 1834 eo
1327 1790 1440 1833 ferre
1471 1791 1590 1849 quod

203 1862 287 1904 sibi
309 1862 454 1906 minus
489 1871 552 1906 est
587 1861 643 1905 ad
664 1861 918 1920 patiendum
937 1895 948 1916 ,
973 1876 1105 1920 quam
1126 1860 1239 1904 illud
1259 1862 1313 1904 ad
1334 1859 1587 1904 fruendum.

205 1929 433 1990 Quidquid
451 1931 566 1975 enim
587 1930 699 1974 illud
721 1940 811 1985 est,
836 1946 886 1974 ex
908 1939 1103 1974 creatura
1126 1939 1189 1973 est
1206 1965 1217 1983 ,
1238 1931 1361 1989 cujus
1386 1940 1489 1974 nota
1511 1945 1591 1973 vo-

202 1999 348 2059 luptas
371 2010 449 2044 est.
477 1999 677 2053 Quodam
697 2000 830 2044 modo
868 2000 984 2043 enim
1005 1999 1205 2043 familiari
1233 2009 1438 2044 contactu
1460 2009 1592 2059 atque

205 2085 406 2114 connexu
436 2071 492 2114 ad
513 2071 817 2129 experiendam
848 2072 938 2130 ejus
958 2070 1212 2114 suavitatem
1240 2070 1407 2129 adjacet
1430 2071 1592 2114 amanti

206 2149 416 2183 creaturae
433 2148 574 2183 amata
591 2149 802 2183 creatura.

265 2212 412 2254 XXII.
448 2209 660 2269 Voluptas
675 2219 820 2253 autem
843 2210 1074 2263 Creatoris,
1091 2209 1150 2252 de
1171 2225 1257 2268 qua
1279 2210 1487 2266 scripturn
1503 2218 1586 2252 est:

213 2297 233 2320 «
252 2281 309 2322 Et
326 2288 519 2324 torrente
538 2279 772 2338 voluptatis
794 2288 882 2322 tuae
905 2279 1074 2336 potabis
1096 2281 1203 2332 eos¹,
1227 2296 1246 2318 »
1268 2278 1396 2335 longe
1415 2278 1591 2322 alterius

211 2350 377 2405 generis
399 2358 462 2392 est
484 2368 493 2393 ε
523 2364 666 2408 neque
681 2348 813 2401 enim,
830 2348 942 2391 sicut
959 2363 1053 2402 nos,
1079 2358 1275 2392 creatura
1292 2358 1369 2391 est.
1386 2349 1474 2392 Nisi
1491 2363 1592 2405 ergo

212 2431 332 2459 amor
349 2418 439 2475 ejus
462 2417 589 2462 detur
608 2419 709 2462 inde
728 2417 866 2471 nobis,
887 2432 977 2461 non
996 2428 1060 2462 est
1073 2417 1189 2461 unde
1207 2433 1294 2461 esse
1307 2418 1440 2476 possit
1452 2419 1498 2460 in
1517 2433 1592 2461 no·

259 2504 267 2520 ¹
288 2499 367 2529 Psal.
394 2509 489 2539 xxxv,
510 2511 541 2541 9.
