1729 3143
234 244 316 282 232
658 254 688 280 s.
727 254 955 282 aucus-rim
992 256 1170 283 EPISCOPI

232 323 416 367 navibus
445 323 694 380 imponatur
723 321 777 364 ad
802 336 932 379 regna
965 323 1137 381 propria
1170 322 1495 381 reportandum.
1521 325 1614 376 Qua

232 394 470 445 occasione,
489 390 557 433 vel
573 390 716 448 potius
740 392 987 436 execrabilis
1005 393 1316 451 superstitionis
1331 392 1520 452 quadam
1536 409 1617 437 ne-

232 463 442 515 cessitate,
467 469 685 519 coguntur
701 461 839 506 Electi
859 478 1010 507 eorum
1029 463 1149 507 velut
1169 463 1473 508 eucharistiam
1487 477 1615 507 cons-

231 546 396 589 persam
420 545 521 574 cum
539 531 701 575 semine
722 532 917 577 humano
935 548 1120 586 sumere,
1146 542 1196 577 ut
1217 533 1346 577 etiam
1365 531 1483 587 inde,
1510 533 1620 577 sicut

229 601 283 643 de
307 600 398 644 aliis
421 600 528 644 cibis
551 616 660 660 quos
683 603 900 661 accipiunt
917 637 927 657 ‚
953 603 1195 647 substantia
1217 601 1291 646 illa
1305 603 1452 647 divina
1463 617 1622 661 purge-

230 679 317 713 tur.
359 671 443 716 Sed
465 672 549 715 hoc
571 686 614 715 se
637 671 779 716 facere
801 682 989 731 negant,
1024 682 1067 716 et
1096 671 1200 716 alios
1228 673 1375 717 nescio
1403 687 1512 731 quos
1540 672 1621 715 sub

229 743 408 786 nomine
416 743 756 788 Manichaeorum
773 744 914 788 facere
930 745 1163 788 affirmant.
1177 743 1343 787 Detecti
1361 751 1463 786 sunt
1474 751 1622 786 tamen

229 810 274 854 in
297 812 491 867 ecclesia,
516 814 627 858 sicut
649 814 743 867 scis,
764 815 881 872 apud
902 814 1252 870 Carthaginem¹‚
1270 814 1360 873 jam
1383 821 1426 856 te
1448 812 1509 855 ibi
1526 811 1623 854 dia-

227 894 340 924 cono
363 883 601 926 constituto
618 917 629 936 ,
655 882 833 942 quando
855 883 1044 927 instante
1069 885 1175 926 Urso
1196 882 1396 936 tribuno,
1421 882 1496 940 qui
1517 890 1623 923 tunc

229 950 379 994 domui
402 953 532 1009 regiae
550 952 750 1010 praefuit,
771 953 908 1011 aliqui
926 952 1105 995 adducti
1126 960 1226 994 sunt
1249 971 1257 994 ·.
1283 952 1362 994 ubi
1378 949 1526 1008 puella
1544 965 1625 993 no-

228 1020 346 1063 mine
380 1021 609 1077 Margarita
645 1022 769 1065 istam
805 1021 1014 1065 nefariam
1051 1020 1370 1080 turpitudinem
1404 1018 1597 1078 prodidit
1611 1053 1623 1073 ,

226 1104 326 1146 quae
347 1104 449 1132 cum
472 1100 580 1133 esset
602 1105 815 1134 annorum
842 1090 1039 1135 nondum
1063 1090 1314 1143 duodecim,
1335 1097 1516 1148 propter
1538 1089 1623 1131 hoc

227 1157 459 1199 scelestum
481 1155 741 1210 mysterium
763 1170 806 1197 se
830 1159 1002 1203 dicebat
1025 1175 1114 1204 esse
1135 1159 1347 1203 vitiatam.
1377 1161 1501 1201 Tunc
1531 1160 1625 1201 Eu-

228 1227 392 1268 sebiarn
417 1223 653 1282 quamdam
667 1224 952 1268 Manichaeam
971 1231 1092 1285 quasi
1108 1227 1502 1281 sanctimonialem,
1518 1227 1628 1283 idip-

231 1309 330 1337 sum
353 1302 531 1351 propter
553 1293 637 1336 hoc
656 1294 798 1351 ipsum
823 1310 1012 1353 passam,
1051 1300 1122 1337 vix
1150 1294 1364 1353 compulit
1395 1294 1623 1348 confiteri,

229 1379 328 1407 cum
353 1365 493 1421 primo
515 1362 587 1406 illa
615 1378 659 1407 se
688 1365 935 1408 asseruisset
962 1365 1197 1421 integram,
1234 1373 1364 1423 atque
1393 1364 1448 1407 ab
1477 1364 1625 1408 obste-

229 1433 335 1476 trice
365 1433 516 1491 inspici
540 1432 799 1491 postulasset
827 1453 837 1478 :
863 1450 961 1493 quae
989 1434 1199 1491 inspecta,
1226 1443 1270 1477 et
1291 1434 1399 1493 quid
1422 1442 1532 1478 esset
1553 1434 1625 1477 in—

229 1512 374 1555 venta,
402 1512 545 1547 totum
569 1503 683 1546 illud
710 1504 1010 1562 turpissimum
1033 1503 1172 1547 scelus
1189 1538 1199 1556 ,
1225 1504 1304 1546 ubi
1323 1504 1379 1547 ad
1401 1503 1624 1562 excipien-

227 1575 334 1617 dum
376 1583 420 1617 et
456 1574 826 1618 commiscendum
870 1575 1260 1618 concumbentium
1297 1589 1446 1617 semen
1483 1573 1625 1618 farina

228 1643 533 1696 substernitur,
561 1643 713 1702 (quod
740 1644 972 1701 Margarita
995 1643 1216 1688 indicante
1240 1644 1394 1687 absens
1424 1658 1512 1686 non
1544 1658 1626 1687 au-

229 1712 418 1767 dierat,)
444 1712 639 1756 similiter
662 1713 886 1756 indicavit.
920 1715 976 1755 Et
1005 1714 1171 1757 recenti
1204 1722 1398 1771 tempore
1420 1712 1624 1756 nonnulli

229 1796 381 1824 eorum
402 1782 588 1839 reperti,
617 1791 660 1825 et
683 1781 737 1825 ad
758 1781 981 1825 ecclesiam
1005 1782 1142 1833 ducti,
1169 1782 1280 1825 sicut
1303 1784 1431 1825 Gesta
1455 1782 1625 1839 episco-

227 1849 340 1909 palia
368 1866 468 1910 quae
499 1851 626 1894 nobis
647 1851 819 1894 misistis
842 1849 1105 1901 ostendunt,
1144 1851 1229 1893 hoc
1253 1865 1343 1893 non
1376 1864 1626 1893 sacramen-

227 1930 338 1974 tum,
363 1920 439 1964 sed
462 1930 829 1974 execramentum,
849 1921 930 1964 sub
945 1919 1145 1977 diligenti
1160 1920 1503 1976 interrogatione
1518 1935 1625 1964 con-

226 1991 324 2035 fessi
362 2001 464 2035 sunt
498 2011 506 2035 :
544 2007 734 2051 quorum
771 2007 885 2035 unus
923 1991 1100 2034 nomine
1136 1991 1287 2034 Viator
1304 2025 1314 2043 ,
1352 2005 1424 2033 eos
1447 1991 1523 2049 qui
1546 1991 1625 2034 ista

226 2062 395 2105 faciunt
409 2062 584 2119 proprie
601 2061 864 2105 Catharistas
886 2061 1032 2104 vocari
1057 2060 1205 2103 dicens
1222 2095 1233 2113 ,
1258 2075 1358 2103 cum
1383 2060 1485 2103 alias
1507 2061 1626 2118 ejus—

226 2131 325 2175 dem
351 2131 606 2175 Manichaeae
635 2139 762 2173 sectae
785 2139 927 2188 partes
959 2130 1005 2172 in
1030 2130 1277 2183 Mattarios,
1311 2139 1354 2173 et
1383 2129 1626 2187 specialiter

225 2201 491 2245 Manichaeos
508 2236 518 2255 ,
554 2200 755 2243 distribui
782 2199 1056 2257 perhiberet,
1090 2213 1240 2242 omnes
1263 2208 1409 2242 tamen
1430 2198 1507 2242 has
1539 2207 1625 2241 tres

228 2271 386 2314 formas
409 2271 464 2313 ab
488 2286 577 2313 uno
601 2280 777 2314 auctore
800 2277 1060 2329 propagatas
1077 2304 1088 2323 ‚
1130 2277 1173 2312 et
1196 2283 1345 2312 omnes
1368 2268 1626 2325 generaliter

227 2341 491 2385 Manichaeos
514 2356 619 2393 esse,
646 2355 802 2397 negare
825 2355 915 2384 non
932 2339 1094 2398 potuit.
1117 2341 1174 2382 Et
1191 2347 1306 2381 certe
1328 2337 1392 2380 illi
1414 2337 1515 2381 libri
1528 2339 1625 2381 Ma-

229 2409 382 2452 nichaei
405 2421 508 2454 sunt
531 2411 735 2455 omnibus
758 2411 850 2454 sine
870 2409 1146 2453 dubitatione
1169 2423 1440 2462 communes,
1460 2409 1504 2451 in
1522 2408 1623 2466 qui-

230 2479 310 2521 bus
331 2479 449 2522 libris
472 2480 544 2524 illa
568 2490 768 2538 portenta
791 2480 847 2523 ad
869 2479 1110 2523 illiciendos
1141 2487 1184 2522 et
1205 2493 1281 2536 per
1305 2479 1620 2537 concupiscen-

279 2562 293 2579 Τ
315 2562 393 2592 Vide
409 2562 525 2593 Possicl.
549 2564 577 2592 in
597 2564 668 2594 Vita,
687 2564 718 2593 S.
740 2565 856 2599 August
878 2587 887 2598 ,
909 2572 981 2602 cap.
1006 2562 1054 2591 16.
