1729 3143
338 253 422 281 Lm.
458 253 509 280 11³
542 253 596 280 DE
627 253 812 280 Momnus
842 249 1185 280 MAMCHAEORUM.
1368 240 1452 278 555

74 319 249 364 dubitet
267 318 470 379 prodesse
498 333 576 378 per
605 317 977 372 convenientiam,
1003 316 1361 362 inconvenienter
1385 331 1460 361 au-

74 399 162 434 tem
185 389 403 445 adhibita,
427 390 707 434 vehementer
735 389 913 433 adversa
939 402 1028 432 esse
1053 388 1251 432 naturae?
1277 389 1364 433 Nos
1383 387 1460 448 qui

73 463 170 504 aere
190 461 391 516 vivimus,
406 469 450 504 et
469 469 581 505 terra
598 470 641 505 et
662 475 774 521 aqua
796 460 975 504 obrutos
998 467 1156 504 necant
1175 477 1185 504 :
1204 459 1459 504 innumera—

71 530 176 575 bilia
198 546 302 575 vero
330 531 562 576 animantia
592 547 667 591 per
697 545 873 575 arenam
894 530 1190 590 laxioremque
1211 538 1371 574 terram
1388 545 1460 574 re—

70 610 183 661 punt
203 600 390 645 vitaliter
411 620 419 645 :
443 601 579 661 pisces
596 610 744 646 autem
763 601 809 644 in
829 601 912 644 hoc
935 604 1032 644 aere
1052 601 1315 645 moriuntur.
1345 601 1461 659 Ignis

70 687 251 731 corpora
273 681 420 716 nostra
437 673 704 732 corrumpit,
730 671 806 716 sed
821 671 1130 716 convenienter
1147 671 1369 716 adhibitus
1381 706 1392 727 ,
1417 680 1461 716 et

22 792 39 798 A*
70 743 251 787 resumit
267 759 290 787 a
305 743 465 802 frigore
483 778 493 799 ‚
517 753 560 788 et
579 744 755 788 morbos
771 742 1110 788 innumerabiles
1127 742 1267 802 pellit.
1291 742 1366 788 Sol
1382 743 1462 788 iste

70 814 141 858 cui
163 813 477 872 genuflectitis,
503 830 592 874 quo
613 830 714 858 vere
747 813 856 857 nihil
889 812 1002 858 inter
1023 813 1208 858 visibilia
1235 812 1461 873 pulchrius

70 883 315 939 invenitur,
341 882 586 944 aquilarum
607 882 756 928 oculos
776 891 949 941 vegetat
963 917 974 938 ‚
1000 892 1169 928 nostros
1191 884 1355 929 sauciat
1371 885 1460 929 ins-

37 950 39 1007 }
68 963 220 1014 pectus
243 963 287 998 et
314 954 514 997 tenebrat
545 972 553 997 :
586 952 661 997 sed
691 953 741 997 fit
773 967 850 1012 per
881 953 1269 1008 consuetudinem,
1307 963 1356 998 ut
1382 969 1460 999 nos

68 1039 248 1085 quoque
273 1024 320 1067 in
341 1039 393 1068 eo
422 1025 514 1068 sine
537 1022 817 1068 incommodo
840 1023 975 1068 aciem
997 1024 1194 1082 figamus.
1219 1026 1336 1069 Num
1358 1040 1461 1084 ergo

37 1091 39 1093 ’
70 1095 237 1148 sinitis,
271 1103 322 1138 ut
343 1093 404 1137 illi
434 1108 603 1138 veneno
631 1109 732 1138 eum
768 1109 1070 1154 comparemus
1088 1129 1099 1150 ,
1131 1094 1253 1154 quod
1286 1094 1461 1139 mulieri

36 1160 38 1166 ’
69 1165 324 1210 Atheniensi
337 1165 609 1209 consuetudo
622 1163 726 1210 fecit
747 1164 1004 1210 innoxium?
1025 1164 1239 1224 Respicite
1259 1179 1360 1223 ergo
1377 1165 1457 1210 ali-

19 1273 24 1277 .
69 1235 247 1296 quando
269 1244 311 1279 et
334 1234 544 1279 advertite
561 1270 572 1290 ‚
606 1236 640 1279 si
672 1236 912 1280 substantia
934 1235 1022 1280 ulla
1054 1235 1219 1280 malum
1247 1244 1335 1291 est,
1360 1236 1460 1282 ideo

70 1307 190 1367 quod
222 1305 343 1349 laedit
370 1305 579 1366 aliquem,
603 1305 747 1351 lucem
769 1320 902 1367 quam
933 1305 1068 1351 colitis
1091 1307 1146 1351 ab
1168 1307 1251 1351 hoc
1280 1307 1459 1352 crimine

22 1400 37 1442 j
71 1393 160 1422 non
176 1391 298 1436 posse
313 1374 506 1420 defendi.
523 1377 805 1422 Considerate
818 1378 962 1437 potius
976 1378 1090 1422 hanc
1108 1378 1461 1423 convenientiam

35 1444 37 1463 ⁴

35 1495 37 1523 ι

18 1466 22 1471 ·
69 1447 310 1492 universale
332 1447 494 1491 malum
511 1461 616 1502 esse,
632 1462 710 1506 per
726 1463 859 1507 quam
880 1447 979 1493 solis
997 1447 1141 1493 radius
1158 1448 1460 1494 tenebrescere

34 1525 37 1578 ,ὲ
68 1519 218 1564 oculos
238 1517 343 1563 facit
357 1553 368 1573 ,
394 1533 493 1562 cum
513 1519 571 1562 eis
592 1517 701 1562 nihil
722 1518 776 1562 sit
796 1518 895 1562 luce
910 1519 1165 1578 jucundius.

34 1589 37 1601 ⁴
126 1592 247 1634 XIV.
285 1591 388 1633 Haec
410 1588 499 1633 dixi
515 1623 525 1643 ‚
549 1598 624 1644 ut,
648 1588 682 1632 si
703 1589 797 1632 fieri
821 1597 989 1648 potest,
1015 1589 1193 1633 tandem
1214 1588 1359 1633 dicere
1380 1588 1460 1634 de-

69 1660 216 1704 sinatis
247 1658 411 1703 malum
431 1675 519 1704 esse
549 1669 709 1704 terram
738 1673 816 1718 per
836 1659 1097 1703 immensum
1124 1659 1390 1718 profundam
1414 1669 1458 1705 et

34 1775 35 1780 ,
68 1730 240 1788 longam
260 1751 271 1788 3
294 1729 459 1774 malum
482 1745 571 1774 esse
594 1738 786 1773 mentem
801 1744 878 1788 per
900 1738 1059 1773 terram
1081 1738 1342 1788 vagantem3
1366 1745 1459 1775 ma-

66 1799 160 1844 lum
192 1815 282 1844 esse
313 1801 509 1860 quinque
544 1809 669 1844 antra
706 1799 1024 1843 elementorum
1037 1833 1048 1854 ‚
1084 1798 1203 1842 aliud
1239 1799 1428 1845 tenebris
1443 1835 1455 1857 ,

34 1913 35 1916 ,
67 1870 187 1914 aliud
208 1871 348 1930 aquis,
374 1870 493 1915 aliud
513 1870 653 1914 ventis
672 1904 682 1924 ,
709 1868 830 1913 aliud
845 1869 952 1928 igni,
974 1868 1094 1914 aliud
1110 1868 1233 1914 fumo
1248 1869 1454 1930 plenum3

33 1939 35 2006 i
65 1940 230 1986 malum
254 1955 343 1984 esse
366 1940 567 1984 animalia
588 1941 635 1983 in
655 1939 742 1983 illis
763 1940 945 1998 singulis
966 1949 1068 1984 nata
1087 1940 1312 1984 elementis
1329 1975 1340 1996 ‚
1365 1956 1456 1985 ser-

33 2010 35 2070 j
56 2012 213 2073 pentia
235 2012 280 2055 in
302 2010 490 2055 tenebris
504 2045 514 2063 ‚
540 2010 733 2054 natantia
756 2013 802 2053 in
827 2010 948 2069 aquis
964 2044 975 2065 ‚
999 2009 1191 2054 volatilia
1217 2011 1426 2056 inventis
1442 2047 1455 2069 ,

33 2072 35 2132 ἶ
67 2082 368 2144 quadrupedia
388 2082 433 2125 in
455 2082 554 2139 igne
570 2115 582 2136 ,
609 2080 785 2140 bipedia
801 2081 847 2124 in
871 2079 1009 2126 fumo.
1035 2083 1139 2125 Haec
1158 2081 1275 2126 enim
1297 2082 1408 2127 sicut
1432 2098 1457 2127 a

33 2133 36 2229 Ξ
67 2155 189 2201 vobis
211 2153 539 2208 describuntur,
565 2152 687 2197 nullo
707 2151 838 2197 modo
861 2167 949 2197 esse
967 2160 1174 2212 poterunt
1204 2172 1213 2197 :
1246 2154 1456 2213 quoniam

33 2229 35 2263 ὲ
69 2227 255 2287 quiquid
278 2226 362 2270 tale
382 2235 460 2277 est,
482 2226 525 2269 in
543 2233 758 2285 quantum
779 2233 868 2279 est,
893 2239 916 2268 a
930 2239 1100 2269 summo
1113 2226 1203 2269 Deo
1216 2225 1270 2269 sit
1281 2240 1457 2271 necesse
1498 2276 1501 2278 ,

33 2282 35 2297 ¹
68 2306 154 2354 est3
174 2297 379 2356 quoniam
402 2297 446 2339 in
465 2305 679 2356 quantum
699 2303 777 2349 est,
803 2294 956 2354 utique
978 2295 1145 2339 bonum
1167 2304 1246 2339 est.
1274 2295 1317 2340 Si
1339 2296 1455 2341 enim

32 2367 35 2422 j
69 2366 195 2411 dolor
210 2365 537 2410 etimbecillitas
555 2364 716 2409 malum
730 2374 808 2420 est,
828 2373 951 2408 erant
966 2364 1027 2408 ibi
1045 2364 1244 2409 animalia
1266 2365 1312 2409 in
1335 2375 1457 2412 tanta

70 2437 260 2496 corporis
282 2437 501 2491 firmitate,
523 2445 571 2480 ut
584 2450 733 2480 eorum
752 2435 968 2480 abortivos
986 2434 1135 2492 foetus,
1149 2445 1378 2497 postquam
1400 2437 1455 2483 de

32 2551 33 2555 ,
70 2507 136 2551 his
153 2506 394 2551 secundum
416 2516 602 2551 vestram
625 2514 784 2550 sectam
806 2504 1041 2551 fabricatus
1061 2516 1124 2551 est
1153 2506 1365 2564 mundUS,
1400 2507 1455 2552 de

32 2583 35 2634 ζ
74 2578 186 2623 coelo
214 2579 256 2622 in
287 2590 442 2622 terram
465 2576 665 2623 cecidisse
688 2586 731 2623 et
750 2578 859 2623 mori
882 2593 972 2622 non
994 2579 1183 2637 potuisse
1209 2578 1376 2625 dicatis.
1411 2580 1453 2625 Si
