1729 3143
507 257 561 285 DE
592 257 808 295 sirmium,
843 258 981 287 snauo
1012 258 1060 285 11.
1419 251 1472 290 55

95 322 344 367 moriuntur
359 355 370 376 ,
407 320 511 380 quia
547 335 570 364 a
605 321 692 364 vita
729 321 1023 380 suscipiuntur
1056 339 1067 366 ε
1100 321 1223 366 vobis
1258 323 1474 382 irrogatur

94 406 227 451 poena
249 390 447 435 orbitatis
465 423 478 444 ,
507 398 712 433 caeterum
734 388 819 433 illis
850 389 985 448 gloria
1007 392 1190 437 offertur
1218 392 1475 438 immortali-

93 462 208 506 tatis.
233 460 467 506 Nuntiastis
486 458 649 503 Herodi
665 459 741 503 ubi
758 459 1021 505 occidendus
1041 462 1226 508 inveniri
1241 473 1383 523 potest
1399 465 1476 509 Fi-

93 531 176 575 lius
194 531 271 575 Dei
291 550 300 575 :
327 528 402 574 sed
430 529 504 573 ille
531 528 641 573 filios
663 538 826 574 vestros
847 531 1048 575 occidens
1071 548 1150 591 pro
1173 533 1284 579 Filio
1305 536 1411 590 Dei,
1436 545 1479 580 et

91 617 168 646 vos
198 601 391 646 orbitatis
418 615 551 658 poena
584 601 779 644 nesciens
808 602 938 660 punit
972 610 1182 662 tanquam
1204 604 1446 663 proditores
1463 641 1474 661 ,

92 680 135 715 et
154 669 265 714 filios
285 678 448 713 vestros
470 669 548 713 Dei
570 669 675 714 fecit
702 669 912 714 haeredes.
944 671 1013 715 Sic
1042 686 1118 716 vos
1140 673 1349 718 irridebat
1373 675 1448 719 ille
1463 682 1494 729 ,'

90 739 165 784 ille
185 740 261 799 qui
282 739 483 783 habitans
499 740 545 783 in
567 740 682 785 coelo
696 775 706 795 ‚
726 740 901 800 jacebat
921 741 968 784 in
988 750 1102 785 terra
1124 760 1133 786 :
1153 743 1213 786 sic
1231 741 1363 787 furias
1382 759 1480 788 ves-

90 819 176 854 tras
206 811 426 870 vestrique
452 811 563 868 regis
585 811 881 855 subsannabat
896 846 907 867 ‚
932 811 1113 871 quando
1134 812 1247 857 mala
1269 823 1409 858 vestra
1435 816 1480 858 in

89 894 164 924 vos
186 878 469 938 retorquebat
484 914 495 934 ,
540 889 584 923 et
606 879 660 924 de
682 880 807 926 malis
828 882 980 926 vestris
1001 882 1142 926 multa
1170 881 1243 926 ille
1263 883 1379 928 bona
1411 884 1480 928 fa-

88 949 246 993 ciebat.

134 1020 261 1062 XIII.
287 1020 527 1077 Agnovisti,
548 1020 668 1076 virgo
684 1029 837 1074 mater,
852 1020 933 1064 filii
947 1022 1011 1065 tui
1025 1021 1271 1076 infantiam,
1296 1036 1478 1080 agnosce

89 1096 131 1131 et
161 1087 404 1145 pueritiam.
431 1088 720 1144 Evangelium
741 1088 938 1147 loquitur
963 1109 973 1134 ε
1002 1109 1022 1131 «
1049 1094 1367 1147 Perrexerunt‚
1392 1094 1451 1136 ait
1467 1129 1477 1148 ‚

91 1175 111 1198 »
135 1170 237 1199 cum
253 1170 389 1214 puero
408 1158 430 1199 J
436 1171 509 1199 esu
527 1165 727 1214 parentes
744 1159 834 1216 ejus
846 1159 890 1201 in
905 1159 1145 1203 Jerusalem
1157 1195 1168 1214 ,
1191 1170 1238 1205 ut
1251 1177 1332 1219 pro
1347 1177 1398 1206 eo
1410 1163 1482 1206 of-

90 1242 112 1267 »
135 1224 300 1268 ferrent
321 1225 581 1268 sacrificium
609 1227 853 1269 secundum
874 1226 1033 1284 legem.
1059 1230 1117 1271 Et
1138 1227 1300 1272 factum
1325 1240 1388 1274 est
1409 1246 1480 1274 re-

93 1311 114 1335 »
138 1293 385 1337 meantibus
407 1292 489 1337 illis
506 1328 517 1348 ,
541 1308 653 1352 puer
674 1297 797 1338 Jesus
814 1295 1021 1340 remansit
1037 1296 1083 1340 in
1100 1296 1265 1356 templo
1290 1316 1299 1342 ε
1323 1307 1367 1342 et
1390 1310 1482 1344 erat

90 1381 112 1405 »
137 1364 362 1422 disputans
385 1379 484 1407 cum
508 1363 749 1408 senioribus
767 1373 812 1407 et
828 1366 980 1408 scribis
1000 1384 1010 1409 :
1036 1375 1079 1408 et
1096 1368 1367 1412 mirabantur
1385 1384 1480 1414 om-

89 1452 110 1476 »
135 1449 210 1478 nes
230 1436 276 1477 in
295 1435 500 1491 sapientia
518 1449 617 1493 quae
633 1444 723 1477 erat
736 1435 783 1477 in
805 1449 872 1488 eo,
898 1443 941 1477 et
963 1435 1172 1479 turbabat
1186 1437 1364 1483 multos.
1393 1440 1477 1484 Sed

90 1521 111 1545 »
137 1518 238 1548 cum
251 1504 409 1548 reversi
426 1513 567 1548 essent
580 1513 826 1562 quaerentes
839 1503 982 1558 illum,
998 1505 1262 1549 invenerunt
1273 1505 1397 1551 illum
1414 1524 1481 1554 se-

91 1591 112 1615 »
138 1572 312 1617 dentem
327 1573 371 1616 in
384 1573 528 1617 medio
542 1574 777 1627 seniorum,
794 1575 1135 1632 interrogantem
1151 1584 1193 1619 et
1208 1577 1478 1635 responden-

94 1664 111 1685 »
135 1653 225 1687 tem
247 1643 343 1686 illis.
370 1645 425 1686 Et
448 1644 506 1686 ait
528 1642 590 1686 illi
618 1643 691 1686 illa
719 1651 857 1686 mater
877 1662 886 1687 :
912 1643 1013 1699 Fili,
1040 1645 1147 1704 quid
1169 1645 1307 1690 fecisti
1330 1648 1479 1693 nobis?

93 1731 112 1755 »
138 1716 251 1757 Ecce
275 1712 392 1755 enim
413 1711 581 1756 solliciti
610 1721 653 1756 et
679 1713 792 1756 anxii
819 1715 1120 1772 quaerebamus
1142 1724 1199 1759 te.
1230 1718 1351 1762 Tunc
1372 1717 1446 1762 ille
1468 1739 1475 1763 :

93 1800 113 1824 »
139 1781 252 1835 Quid
273 1781 454 1825 sollicita
484 1796 577 1825 eras
594 1816 605 1835 ‚
638 1782 816 1842 inquit?
838 1784 974 1828 nescis
1007 1785 1110 1843 quia
1138 1794 1311 1844 oportet
1333 1801 1403 1831 me
1436 1789 1480 1832 in

94 1869 114 1893 »
139 1852 204 1895 his
224 1866 323 1911 quae
343 1851 479 1894 Patris
494 1852 581 1894 mei
598 1861 727 1905 sunt,
752 1853 923 1911 operari
944 1855 989 1897 1?
1013 1871 1033 1895 »
1059 1856 1245 1907 Quando
1268 1856 1369 1902 talia
1387 1873 1480 1902 ma-

92 1930 156 1964 ter
177 1935 202 1964 a
233 1935 368 1979 puero
403 1920 492 1964 filio
526 1920 691 1965 audivit
707 1956 717 1975 ‚
743 1921 875 1966 corde
896 1925 1066 1983 expavit
1092 1943 1101 1969 :
1125 1940 1216 1969 non
1250 1927 1366 1971 enim
1399 1943 1477 1987 pa·

92 2000 200 2035 trem
231 1992 486 2035 nominabat
506 1991 577 2035 ille
599 2007 730 2051 quem
761 1993 979 2038 nesciebat
1001 1995 1047 2038 in
1068 2004 1182 2039 terra
1202 2030 1213 2051 ‚
1251 1996 1327 2040 sed
1354 1997 1477 2042 illum

93 2062 169 2121 qui
185 2060 289 2105 fecit
310 2061 473 2105 coelum
495 2071 538 2105 et
556 2072 732 2107 terram.

150 2133 270 2175 XIV.
297 2135 514 2188 Agnoscat
536 2141 580 2176 et
602 2134 692 2192 ejus
713 2133 1046 2179 adolescentiam
1065 2170 1076 2191 ‚
1101 2135 1248 2180 videat
1275 2136 1416 2181 multa
1436 2147 1480 2182 et

92 2216 246 2259 magna
277 2201 482 2246 miracula
504 2237 514 2256 ,
550 2205 874 2248 conversionem
908 2222 1119 2265 aquarum
1149 2208 1195 2251 in
1222 2208 1389 2252 vinum.
1425 2212 1476 2253 In

92 2286 181 2331 quo
211 2272 352 2330 primo
389 2272 599 2316 miraculo
635 2274 819 2317 tentavit
844 2273 915 2318 illa
943 2274 1126 2321 foemina
1143 2278 1298 2337 jubere
1319 2292 1363 2321 se
1385 2278 1476 2324 filio

93 2356 218 2399 posse
239 2350 445 2401 tanquam
471 2352 608 2386 mater
640 2343 816 2388 domina
849 2359 949 2404 quae
970 2360 1014 2390 se
1045 2348 1306 2405 agnoscebat
1342 2349 1479 2393 ancil-

97 2410 198 2455 lam.
228 2430 245 2451 «
274 2412 386 2467 Fili,
418 2413 475 2456 ait
491 2448 501 2467 ,
528 2414 674 2458 deficit
705 2414 787 2459 illis
813 2415 963 2460 vinum
981 2451 992 2471 ‚
1016 2417 1085 2462 fac
1105 2433 1253 2463 rursus
1274 2428 1324 2463 ut
1354 2435 1479 2480 aquae

97 2498 118 2521 »
144 2490 453 2526 convertantur
474 2483 520 2526 in
542 2483 694 2527 vinum
710 2487 743 2529 ².
767 2503 787 2526 »
813 2487 869 2530 Et
895 2486 969 2530 ille
993 2496 1044 2532 ut
1064 2487 1344 2547 distingueret
1367 2490 1480 2535 inter

144 2571 151 2586 ¹
172 2566 251 2596 Luc.
271 2576 304 2605 ιι,
321 2565 439 2607 [ιι-49,
463 2584 501 2589 -
519 2575 530 2589 ²
554 2570 641 2599 Joan.
660 2580 693 2609 n,
715 2568 745 2600 3.
