1729 3143
237 191 321 230 382
671 198 703 225 s.
741 198 971 225 AUGUSTLNI
1003 199 1186 227 Emscom

234 268 274 310 ei
295 265 515 324 corruptio
539 281 548 308 ε
580 271 625 306 et
645 262 679 306 si
701 270 829 306 nocet
843 296 855 316 ‚
880 261 1038 306 minuit
1058 262 1222 324 aliquid
1237 262 1292 308 de
1310 264 1427 309 bono
1444 266 1550 325 ejus,
1572 274 1616 310 et

234 351 328 381 eam
351 335 492 378 minus
512 334 670 377 bonam
696 331 948 386 facit2Nam
970 333 1005 377 si
1026 334 1198 392 penitus
1215 349 1310 378 eam
1338 334 1480 394 privat
1496 336 1616 380 omni

233 407 372 459 bono,
398 402 614 464 quidquid
637 404 726 464 ejus
746 403 1010 459 remanebit,
1031 405 1124 464 jam
1143 405 1364 464 corrumpi
1382 382 1617 464 nfflpote-

233 477 288 520 rit
313 494 321 519 ι
347 474 450 534 quia
471 474 642 518 nullum
662 475 743 519 erit
761 475 926 519 bonum
948 476 1073 535 cujus
1091 475 1369 535 ademptione
1383 476 1517 536 possit
1537 491 1619 520 no-

232 559 327 590 cere
349 545 588 604 corruptio.
614 544 696 590 Cui
720 555 865 591 autem
894 561 983 590 non
1010 555 1152 605 potest
1173 562 1330 591 nocere
1363 546 1585 605 corruptio
1603 580 1614 602 ‚

231 630 319 659 non
338 616 650 675 corrumpitur.
678 620 810 660 Porro
827 625 981 661 natura
999 633 1098 677 quae
1115 633 1204 661 non
1219 618 1528 676 corrumpitur,
1548 617 1618 660 in-

231 686 521 746 corruptibilis
544 696 622 731 est.
658 688 752 732 Erit
780 703 883 746 ergo
913 698 1090 744 natura,
1117 689 1238 749 quod
1260 686 1617 733 absurdissimum

231 766 294 801 est
312 757 455 801 dicere
472 792 483 812 ‚
509 758 787 817 corruptione
808 756 923 803 facta
944 759 1304 818 incorruptibilis.
1338 762 1617 818 Quapropter

231 827 352 888 quod
372 829 590 874 verissime
611 828 793 884 dicitur,
819 829 958 873 omnis
980 840 1134 874 natura
1155 831 1201 874 in
1223 839 1440 890 quantum
1461 839 1618 879 natura

231 908 316 954 est,
343 899 457 943 bona
476 909 539 944 est
560 919 569 944 :
594 900 697 959 quia
715 900 752 944 si
774 899 1111 958 incorruptibilis
1129 909 1208 955 est,
1233 900 1387 944 melior
1402 909 1465 943 est
1485 913 1618 959 quam

229 969 520 1028 corruptibilis
548 989 557 1015 :
582 970 616 1014 si
647 978 794 1013 autem
829 970 1123 1029 corruptibilis
1158 979 1248 1025 est,
1273 970 1482 1030 quoniam
1511 970 1620 1012 dum

231 1040 524 1100 corrumpitur
555 1040 698 1084 minus
730 1039 846 1084 bona
875 1041 946 1095 fit,
980 1041 1072 1084 sine
1095 1040 1369 1085 dubitatione
1391 1039 1507 1084 bona
1538 1047 1619 1083 est.

230 1111 381 1156 Omnis
419 1121 565 1156 autern
603 1121 758 1156 natura
795 1120 872 1157 aut
901 1112 1198 1172 corruptibilis
1234 1121 1322 1167 est,
1359 1120 1434 1155 aut
1473 1111 1621 1155 incor-

230 1183 465 1243 ruptibilis.
497 1184 648 1228 Omnis
690 1199 794 1243 ergo
828 1193 983 1228 natura
1006 1184 1128 1228 vbona
1155 1192 1220 1227 est
1247 1202 1256 1227 :
1282 1191 1484 1226 naturam
1511 1197 1621 1226 voco

231 1270 330 1314 quae
352 1263 395 1298 et
415 1254 656 1298 substantia
677 1253 766 1298 dici
786 1254 910 1298 solet.
935 1254 1086 1298 Omnis
1109 1253 1241 1311 igitur
1272 1253 1514 1297 substantia
1545 1261 1622 1297 aut

231 1328 347 1370 Deus
366 1360 378 1381 ‚
403 1334 479 1370 aut
499 1340 551 1370 ex
572 1329 691 1385 Deo3
715 1325 819 1386 quia
847 1340 976 1370 omne
1013 1324 1180 1370 bonum
1211 1333 1287 1369 aut
1307 1327 1447 1380 Deus,
1473 1332 1548 1368 aut
1569 1339 1620 1367 ex

231 1399 336 1441 Deo.

288 1468 517 1511 XXXVII.
543 1465 714 1519 Quibus
726 1465 970 1510 constitutis
993 1474 1125 1525 atque
1147 1465 1326 1509 firmatis
1349 1465 1619 1525 tanquamin

232 1538 371 1598 capite
393 1537 733 1582 ratiocinationis
755 1546 936 1592 nostrae,
961 1537 1138 1582 attende
1162 1536 1270 1597 quid
1292 1537 1446 1582 dicam.
1467 1537 1619 1581 Omnis

232 1619 386 1656 natura
407 1608 624 1654 rationalis
640 1644 651 1664 ‚
673 1625 774 1654 cum
795 1609 934 1654 libero
961 1608 1198 1654 voluntatis
1218 1608 1395 1653 arbitrio
1417 1607 1614 1664 condita,

231 1681 265 1724 si
286 1690 434 1725 manet
453 1681 499 1725 in
520 1680 708 1725 fruendo
738 1669 908 1725 summo
938 1690 1069 1741 atque
1095 1679 1445 1725 incommutabili
1474 1681 1613 1734 bono,

230 1751 382 1811 procul
403 1751 540 1795 dubio
562 1750 782 1795 laudanda
803 1760 896 1809 θεῖς
922 1761 964 1795 et
986 1751 1126 1796 omnis
1149 1767 1249 1811 quae
1270 1751 1414 1794 tendit
1432 1759 1493 1794 -ut
1521 1766 1616 1794 ma-

230 1831 331 1867 neat
348 1857 358 1877 ‚
387 1822 518 1866 etiam
538 1822 629 1881 ipsa
649 1820 869 1866 laudanda
891 1831 955 1866 est
974 1840 984 1866 :
1011 1821 1150 1866 omnis
1178 1830 1323 1865 autem
1344 1836 1443 1880 quae
1460 1836 1550 1864 non
1571 1821 1617 1864 in

229 1909 281 1938 eo
303 1902 475 1950 manet3
498 1902 541 1937 et
564 1907 654 1936 non
675 1891 770 1936 vult
791 1907 917 1951 agere
944 1901 995 1937 ut
1022 1901 1218 1947 maneat,
1242 1892 1288 1935 in
1310 1900 1524 1952 quantum
1555 1892 1617 1935 ibi

230 1980 320 2009 non
341 1973 404 2009 est
421 1999 433 2020 ,
457 1972 501 2008 et
520 1963 566 2007 in
588 1972 803 2023 quantum
818 1979 907 2008 non
924 1962 969 2007 id
984 1964 1071 2021 agit
1088 1973 1137 2008 ut
1158 1963 1221 2006 ibi
1242 1963 1311 2017 sit,
1332 1960 1617 2022 vituperanda

232 2045 310 2080 est.
333 2036 488 2094 Siergo
507 2034 712 2079 laudatur
733 2033 952 2079 rationalis
971 2043 1126 2078 natura
1143 2049 1242 2094 quae
1259 2041 1323 2077 est
1338 2033 1468 2088 facta,
1488 2047 1617 2076 nemo

231 2106 404 2151 dubitat
421 2105 692 2151 laudandum
710 2121 800 2150 esse
822 2105 898 2165 qui
919 2104 1050 2162 fecit3
1077 2113 1120 2149 et
1133 2104 1167 2149 si
1181 2105 1465 2164 vituperatur,
1486 2118 1617 2147 nemo

232 2178 403 2223 dubitat
421 2179 458 2239 ej
466 2193 513 2239 us
533 2177 817 2223 Conditorem
832 2177 877 2220 in
892 2176 982 2236 ipsa
998 2177 1087 2235 ejus
1102 2175 1419 2236 vituperatione
1430 2173 1614 2218 laudari.

232 2254 342 2294 Cum
365 2250 483 2294 enim
503 2259 731 2310 propterea
751 2249 1051 2308 vituperamus
1067 2248 1197 2302 hanc,
1221 2247 1428 2306 quoniam
1445 2259 1618 2290 summo

234 2329 275 2364 et
295 2320 641 2366 incommutabili
659 2321 791 2374 bono,
809 2318 855 2363 id
873 2328 956 2374 est,
980 2321 1185 2364 Creatore
1202 2332 1281 2362 suo
1299 2315 1384 2361 frui
1401 2332 1490 2361 non
1503 2315 1612 2369 vult,

236 2391 357 2435 illum
379 2393 469 2437 sine
489 2391 579 2436 ulla
601 2391 875 2436 dubitatione
897 2390 1141 2434 laudamus.
1167 2391 1393 2442 Quantum
1415 2402 1516 2446 ergo
1535 2387 1616 2429 bo-

235 2476 341 2505 num
357 2496 368 2516 ‚
396 2473 439 2507 et
459 2477 592 2523 quam
609 2461 679 2507 vel
699 2461 978 2506 ineffabiliter
993 2460 1154 2519 linguis
1172 2458 1391 2513 omnibus,
1417 2456 1485 2502 vel
1499 2455 1615 2500 inef-

235 2530 422 2577 fabiliter
443 2533 780 2592 cogitationibus
796 2531 999 2579 omnibus
1012 2527 1315 2591 praedicandus
1332 2536 1375 2573 et
1392 2529 1614 2572 honoran-
