1729 3143
255 195 339 233 260
678 202 710 228 S.
749 203 976 229 accc—svm
1013 204 1192 230 EPlscom

250 284 354 327 ergo
374 269 602 312 immutata
623 275 724 308 sunt
747 275 887 309 vetera
905 300 915 317 ‚
943 282 1043 324 qnae
1065 266 1218 310 titulus
1242 269 1396 312 Psalmi
1421 270 1634 328 praedixe-

250 347 317 382 rat
351 336 637 382 immutanda.
684 334 813 387 Quod
857 335 1000 378 Judaei
1041 335 1235 394 legentes
1268 345 1311 380 et
1347 352 1436 381 non
1471 340 1635 383 intelli-

250 417 398 467 gentes
423 441 434 461 ‚
472 404 638 464 aliquid
669 419 713 448 se
736 404 878 448 dicere
914 406 1162 449 existimant
1181 441 1191 460 ‚
1227 422 1325 450 cum
1357 409 1584 467 requirunt
1612 426 1635 453 a

246 477 373 522 nobis
411 475 634 535 quomodo
674 474 935 534 accipiamus
976 477 1277 521 auctoritatem
1322 479 1444 536 Legis
1479 487 1522 521 et
1556 483 1638 524 Pro

245 549 476 606 phetarum
492 580 503 601 ‚
537 561 639 590 cum
680 556 947 591 sacramenta
983 563 1073 591 non
1116 549 1394 593 observemus
1437 565 1536 607 quae
1576 550 1639 592 ibi

244 626 462 678 praecepta
486 626 603 661 sunt.
631 619 727 663 Non
750 618 1047 673 observamus,
1064 619 1165 678 quia
1190 628 1355 664 mutata
1378 628 1480 663 sunt
1506 639 1514 663 :
1541 635 1641 663 mu-

241 696 331 732 tata
360 696 464 731 sunt
499 697 671 742 autem,
714 688 818 747 quia
859 688 1067 732 mutanda
1104 689 1396 747 praenuntiata
1428 698 1560 732 sunt:
1596 698 1639 733 et

241 757 288 802 in
321 772 424 802 eum
453 758 696 813 credimus,
733 759 857 817 cujus
890 757 1152 803 revelatione
1192 768 1358 802 mutata
1386 767 1502 802 sunt.
1543 760 1640 803 Non

247 844 352 888 ergo
385 829 665 874 observamus
695 838 988 882 sacramenta,
1025 844 1125 887 quae
1160 829 1221 871 ibi
1253 838 1469 887 praecepta
1508 838 1637 883 sunt,

243 899 347 958 quia
389 899 673 958 intelligimus
703 914 804 958 quae
838 899 900 941 ibi
938 897 1145 956 praedicta
1184 907 1286 940 sunt
1309 933 1319 951 ,
1359 906 1402 941 e't
1445 907 1642 941 tenemus

241 985 342 1029 quae
383 969 446 1013 ibi
483 970 691 1029 promissa
733 977 849 1013 sunt.
883 968 959 1011 Isti
1004 976 1150 1011 autem
1179 967 1255 1026 qui
1282 968 1376 1010 haec
1398 967 1524 1011 nobis
1561 967 1643 1011 ob-

239 1040 397 1099 jiciunt
416 1075 428 1095 ,
462 1039 607 1083 adhuc
644 1039 779 1083 amari
809 1049 907 1081 sunt
938 1052 989 1081 ex
1027 1037 1283 1095 parentibus
1310 1037 1422 1091 suis,
1460 1037 1534 1096 qui
1563 1037 1642 1080 de‘

243 1110 406 1154 derunt
434 1111 480 1153 in
502 1125 644 1152 escam
674 1109 861 1152 Domino
885 1107 945 1151 fel
962 1142 974 1161 ‚
1000 1117 1043 1151 et
1076 1107 1218 1151 adhuc
1249 1117 1415 1151 veteres
1443 1122 1494 1151 ex
1521 1117 1643 1152 aceto

242 1180 364 1239 quod
385 1178 425 1222 ei
448 1176 693 1237 potandum
722 1176 983 1220 obtulerunt
1014 1198 1022 1221 :
1053 1188 1096 1221 et
1123 1178 1222 1222 ideo
1251 1194 1341 1222 non
1362 1178 1612 1235 intelligunt
1630 1213 1640 1232 ‚

241 1249 346 1308 quia
368 1248 415 1290 in
438 1247 497 1290 eis
517 1246 727 1305 impletur
749 1244 869 1305 quod
892 1247 1090 1305 sequitur
1119 1268 1126 1291 ;
1155 1267 1174 1289 «
1201 1248 1297 1291 Fiat
1321 1262 1467 1291 mensa
1489 1262 1640 1290 eorum

244 1337 267 1361 »
293 1332 439 1363 coram
456 1317 558 1375 ipsis
579 1316 625 1359 in
649 1315 936 1373 muscipulam
957 1350 968 1369 ,
994 1325 1037 1358 et
1060 1318 1393 1359 retributionem
1413 1351 1422 1370 ,
1448 1325 1492 1360 et
1511 1332 1639 1361 scan-

245 1407 266 1429 »
294 1386 445 1431 dalum
461 1388 492 1428 ¹.
521 1404 541 1426 »
567 1386 653 1443 Ipsi
675 1386 790 1428 enim
813 1384 929 1428 fellei
953 1394 996 1428 et
1019 1383 1130 1427 acidi
1154 1384 1256 1427 facti
1278 1394 1380 1428 sunt
1395 1419 1406 1439 ,
1426 1385 1576 1429 felleas
1598 1396 1643 1431 et

241 1458 384 1503 acidas
403 1471 517 1501 escas
529 1456 632 1515 pani
649 1456 748 1500 vivo
767 1454 1067 1499 ministrando.
1090 1455 1319 1507 Quomodo
1332 1455 1448 1498 enim
1466 1456 1558 1500 haec
1575 1458 1638 1501 vi-

242 1530 374 1574 deant
392 1563 404 1583 ,
432 1527 487 1572 de
509 1527 669 1587 quibus
686 1527 748 1570 ibi
766 1525 1027 1586 praedictum
1045 1535 1108 1569 est
1129 1545 1137 1570 2
1169 1545 1188 1567 «
1209 1529 1496 1570 Excaecentur
1520 1528 1639 1571 oculi

245 1618 267 1641 κ)
298 1613 449 1643 eorum
468 1633 479 1653 ‚
516 1613 572 1641 ne
603 1596 795 1641 videant.
827 1617 843 1638 »
870 1599 924 1640 Et
948 1595 1171 1655 quomodo
1203 1596 1288 1639 sint
1317 1598 1447 1650 recti,
1473 1606 1523 1641 ut
1544 1613 1641 1641 sur-

242 1685 339 1715 sum
358 1685 432 1714 cor
457 1669 648 1712 habeant
665 1703 675 1721 ‚
701 1667 756 1711 de
778 1667 939 1727 quibus
961 1667 1222 1726 praedictum
1250 1676 1312 1710 est
1341 1687 1349 1710 ;
1380 1686 1399 1708 «
1426 1670 1482 1711 Et
1507 1668 1639 1712 deor—

247 1760 268 1784 »
296 1755 393 1785 sum
423 1754 575 1783 eorum
599 1752 768 1796 semper
788 1737 1030 1780 incurva²P
1055 1755 1073 1777 »
1106 1739 1194 1781 Nec
1221 1735 1276 1779 de
1308 1737 1511 1781 omnihus
1546 1739 1639 1783 haec

247 1811 362 1856 dicta
383 1818 485 1854 sunt
508 1828 517 1854 ε
542 1809 630 1853 imo
659 1822 762 1851 vero
785 1806 839 1850 de
870 1805 1074 1850 omnibus
1109 1805 1163 1848 ad
1188 1821 1297 1864 quos
1326 1808 1516 1864 pertinet
1539 1824 1638 1867 quae

244 1881 454 1942 praedicta
477 1888 593 1924 sunt.
621 1878 689 1922 Ad
705 1893 776 1922 eos
800 1877 913 1920 enim
939 1877 1015 1935 qui
1039 1878 1108 1919 vel
1130 1885 1236 1919 tunc
1260 1891 1310 1919 ex
1333 1875 1418 1919 illis
1441 1878 1639 1921 credide-

247 1961 352 1996 runt
373 1951 420 1995 in
441 1951 663 1996 Christum
680 1983 690 2002 ,
715 1947 785 1991 vel
811 1962 928 1990 nunc
951 1961 1090 2005 usque
1112 1945 1319 1999 credunt,
1343 1947 1411 1989 vel
1434 1946 1639 2006 deinceps

249 2037 388 2082 usque
413 2021 460 2064 in
482 2021 615 2063 finem
645 2017 790 2062 saeculi
812 2016 1020 2061 credituri
1042 2024 1169 2068 sunt,
1202 2016 1283 2058 ista
1305 2030 1395 2058 non
1418 2017 1640 2074 pertinent

252 2093 306 2138 ad
329 2107 481 2137 verum
506 2089 663 2144 Israel,
695 2088 855 2133 scilicet
883 2088 959 2147 qui
988 2086 1153 2130 videbit
1183 2086 1417 2129 Dominum
1447 2085 1556 2130 facie
1585 2086 1640 2130 ad

252 2163 424 2208 faciem.
455 2181 475 2204 «
499 2164 652 2220 Neque
670 2159 786 2203 enim
804 2173 952 2202 omnes
974 2157 1049 2216 qui
1068 2171 1118 2201 ex
1144 2155 1275 2200 Israel
1297 2165 1424 2209 sunt,
1445 2157 1490 2199 hi
1508 2156 1639 2200 Israel

256 2252 277 2276 »
303 2243 405 2278 sunt
439 2252 447 2278 :
484 2246 628 2292 neque
664 2230 740 2290 qui
777 2237 878 2272 sunt
909 2242 1055 2272 semen
1090 2227 1338 2280 Abraham,
1375 2241 1525 2270 omnes
1562 2225 1640 2270 filii

258 2323 279 2346 >›
306 2314 408 2348 sunt
425 2340 436 2360 ,
463 2303 535 2347 sed
560 2303 604 2345 in
628 2305 767 2349 Isaac„
793 2299 961 2358 inquit,
992 2297 1220 2342 vocabitur
1247 2296 1326 2339 tibi
1354 2311 1500 2339 semen
1520 2312 1531 2338 .·
1555 2297 1638 2340 hoc

263 2396 280 2415 >1
307 2385 395 2428 ρει,
421 2389 510 2418 non
532 2373 561 2416 ii
583 2372 657 2430 qui
681 2369 759 2413 filii
782 2369 919 2414 carnis
938 2403 947 2421 ,
973 2368 1017 2410 hi
1041 2366 1117 2410 filii
1141 2367 1212 2409 Dei
1227 2401 1236 2418 ,
1263 2365 1337 2409 sed
1359 2365 1435 2408 filii
1458 2367 1639 2424 promis-

264 2464 283 2484 »
310 2446 437 2489 sionis
460 2446 728 2502 deputantur
749 2441 792 2484 in
810 2441 998 2483 semen3.
1026 2456 1045 2478 »
1075 2438 1158 2482 Sed
1181 2438 1224 2480 lii
1247 2437 1463 2495 pertinent
1482 2437 1536 2481 ad
1552 2438 1637 2494 spi-

308 2535 318 2549 ¹
336 2528 413 2559 Psal.
434 2538 540 2567 mviii,
560 2528 611 2559 23.
628 2542 668 2547 —
684 2525 791 2556 2112id.
815 2523 867 2561 αἱ..
887 2540 927 2546 -
941 2521 953 2544 3
975 2524 1063 2554 Rom.
1083 2530 1126 2559 ¹5,-
1146 2522 1178 2551 6.
