1729 3143
50 253 152 357 S.
207 250 540 355 AUR.
606 249 1419 363 AUGUSTINI

371 465 785 503 HIPPONENSIS
823 466 1105 507 EPISCOPI

185 635 334 710 DE
406 632 1283 714 CATACLYSMO.

270 1030 390 1092 AD
448 1030 1203 1093 CATECHUMENOS

599 1202 839 1250 SERMO.

98 1373 135 1415 Ι.
163 1373 376 1424 Quorsum
408 1369 455 1412 in
488 1369 686 1428 proximo
720 1377 785 1411 est
812 1367 903 1412 dies
925 1368 1238 1428 redemptionis
1260 1381 1413 1418 vestrae
1429 1410 1441 1431 ‚

39 1441 248 1502 percipite
263 1476 274 1497 ‚
300 1440 594 1493 dilectissimi,
629 1454 676 1483 ea
698 1454 798 1498 quae
818 1454 894 1483 vos
918 1439 1121 1484 erudiant
1150 1450 1282 1501 atque
1303 1446 1436 1491 corda

39 1521 180 1557 vestra
202 1511 423 1555 enutriant
439 1545 449 1564 ,
478 1509 646 1567 erigant
662 1543 673 1563 ,
708 1508 994 1553 corroborent
1016 1509 1071 1552 ad
1094 1510 1295 1556 timorem
1319 1515 1398 1558 Dei
1417 1535 1428 1561 :

39 1582 184 1628 servor
205 1582 285 1626 iste
306 1581 416 1625 tanti
439 1580 596 1624 amoris
616 1595 706 1624 non
732 1580 947 1639 pigrescat
972 1580 1018 1624 in
1037 1581 1245 1627 cordibus
1263 1586 1432 1630 vestris,

39 1655 128 1701 Nec
146 1661 272 1712 putet
292 1652 389 1712 quis
411 1659 583 1695 tantum
601 1665 691 1694 esse
711 1649 1008 1695 Christianum
1029 1684 1040 1706 ‚
1065 1651 1187 1711 quod
1205 1652 1271 1696 his
1286 1653 1436 1699 imbu-

38 1734 108 1769 tus
124 1722 340 1781 mysteriis
360 1721 599 1766 renascitur
616 1736 667 1764 ex
685 1736 799 1781 aqua
815 1730 859 1765 et
878 1721 1033 1781 spiritu
1050 1756 1061 1778 ‚
1086 1731 1131 1766 et
1149 1723 1434 1782 postmodum

40 1794 230 1839 dimittat
251 1808 296 1837 se
316 1792 616 1853 voluptatibus
637 1793 793 1852 variis3
818 1808 1085 1854 securusque
1108 1794 1292 1840 effectus
1310 1800 1432 1857 quod

40 1873 310 1910 sacramento
332 1864 605 1925 baptismatis
626 1864 833 1909 munierit
856 1865 1047 1909 animam
1064 1881 1202 1922 suam,
1226 1882 1317 1912 non
1336 1884 1432 1914 eam

39 1935 258 1980 custodiat
285 1944 436 1979 contra
469 1935 678 1978 versutias
707 1935 886 1979 inimici.
915 1938 1011 1980 Imo
1033 1945 1077 1980 et
1103 1937 1194 1995 ipse
1216 1948 1431 1996 quantum

39 2014 182 2066 potest
203 2005 419 2050 custodiat
436 2039 447 2060 ‚
478 2014 522 2048 et
543 2004 874 2050 custodiendam
908 2015 1028 2065 petat
1043 2042 1054 2062 ‚
1080 2023 1136 2052 ne
1157 2011 1431 2069 tempestati-

39 2076 122 2119 bus
161 2076 290 2134 hujus
318 2075 476 2119 mundi
508 2076 795 2137 procellisque
832 2077 1052 2137 depereat.
1083 2081 1330 2140 Baptizatus
1367 2091 1431 2126 est

40 2146 136 2206 quis
152 2180 164 2201 ‚
200 2145 322 2190 navis
354 2153 418 2189 est
451 2145 688 2190 instaurata
709 2181 720 2202 ‚
757 2149 976 2194 subuncta
993 2184 1005 2203 ‚
1040 2150 1252 2196 velificata
1268 2186 1280 2208 ,
1304 2152 1430 2197 missa

39 2215 87 2260 in
107 2230 226 2259 mare
241 2250 252 2271 ‚
279 2214 445 2273 indiget
462 2215 758 2272 gubernaculo
783 2251 794 2272 ‚
830 2234 1060 2280 quousque
1081 2222 1136 2265 ad
1157 2231 1333 2282 portum
1351 2223 1430 2266 de-

40 2285 279 2330 sideratum
313 2286 551 2345 perveniat.
588 2289 734 2340 Mare,
758 2288 844 2333 hoc
872 2290 1081 2335 saeculum
1110 2292 1271 2336 scilicet
1286 2327 1302 2349 ,
1339 2308 1428 2338 non

41 2356 188 2401 solum
215 2357 543 2416 tempestatibus
558 2357 837 2418 scopulisque
853 2360 1144 2418 periculosum
1160 2372 1239 2417 est,
1263 2378 1434 2409 verum-

43 2427 173 2470 etiam
205 2427 351 2471 bestiis
385 2427 675 2487 cupiditatum
698 2429 1003 2475 insidiantibus
1034 2432 1278 2479 abundans.
1305 2435 1435 2480 Omni

43 2496 335 2542 sollicitudine
352 2533 362 2552 ‚
389 2499 507 2542 omni
530 2515 632 2543 cura
655 2534 665 2554 ‚
689 2501 808 2545 omni
828 2501 1039 2547 industria
1063 2504 1235 2550 excitati
1254 2506 1344 2564 jam
1365 2506 1430 2550 vi-
