1729 3143
200 171 280 206 180
633 174 666 202 s.
703 175 933 201 AUGUSTINI
966 175 1147 200 Emscom

190 243 409 301 angustias
421 241 694 284 introierunt,
710 240 807 282 Non
820 239 935 282 enim
948 238 1135 283 inaniter
1150 238 1365 283 clamabat
1376 240 1449 284 ille
1461 255 1571 299 pen-

189 312 295 356 dens
320 312 365 354 in
387 324 513 354 cruce
539 326 548 352 :
579 326 596 347 «
620 310 770 363 Pater,
791 308 965 367 ignosce
985 306 1070 352 illis
1085 342 1096 363 ,
1121 309 1223 368 quia
1244 309 1443 354 nesciunt
1464 309 1573 369 quid

191 401 209 422 »
234 381 442 424 faciunt¹.
462 396 481 418 »
506 380 588 421 Per
607 376 683 421 has
698 392 826 436 ergo,
848 387 899 422 ut
913 377 1027 433 dixi,
1054 378 1288 436 angustias,
1313 393 1390 437 per
1409 394 1571 437 angus-

186 461 274 495 tam
303 458 472 509 portam
502 447 647 493 lateris
679 449 838 494 Christi
868 450 1083 508 ingressus
1117 459 1181 494 est
1207 449 1319 494 latro
1346 457 1539 494 mutatus
1557 484 1568 504 ,

182 520 400 579 poenitens
430 517 638 574 Judaeus‚
672 533 904 563 conversus
939 520 1079 565 omnis
1111 534 1330 578 paganus,
1369 528 1413 563 et
1443 518 1498 562 ab
1521 534 1572 563 eo

182 591 284 633 exiit
304 588 420 633 foras
441 588 581 634 malus
602 590 833 634 haereticus
855 590 1057 635 Arianus.
1082 590 1229 645 Exiit,
1256 589 1464 649 quoniam
1482 604 1573 634 non

180 668 271 704 erat
299 659 355 704 de
384 675 569 706 numero
600 661 969 720 permanentium.
1010 664 1072 705 De
1101 660 1184 704 illis
1219 661 1336 704 enim
1365 669 1483 714 erat,
1517 659 1573 702 de

180 730 342 790 quibus
364 734 554 776 Joannes
576 731 684 777 dicit
706 751 715 776 :
744 750 762 772 «
781 735 845 776 Ex
866 732 993 776 nobis
1011 731 1224 784 exierunt,
1249 729 1324 774 sed
1343 745 1432 774 non
1450 738 1574 773 erant

184 818 205 841 »
231 815 283 844 ex
309 801 435 846 nobis
461 821 470 846 ;
496 803 532 846 si
552 802 671 846 enim
699 817 750 846 ex
770 802 897 847 nobis
929 809 1095 856 essent,
1130 800 1386 844 mansissent
1419 799 1574 859 utique

188 889 207 911 »
236 870 466 917 nobiscum
479 874 513 917 2.
534 891 553 914 »
576 874 614 917 O
636 872 839 917 haeretice
855 872 1031 927 Ariane,
1051 869 1246 929 agnoscit
1257 869 1368 913 latro
1385 869 1431 912 in
1445 884 1574 912 cruce

176 939 443 998 pendentem
458 976 469 997 ,
503 943 585 1000 ipsi
606 943 771 987 inimici
791 945 816 986 J
820 941 936 987 udaei
954 949 1221 999 expaverunt
1241 947 1536 994 resurgentem
1555 972 1566 992 ,

178 1017 222 1052 et
241 1023 319 1052 vos
340 1004 454 1049 male
475 1002 668 1046 tractatis
688 1003 734 1044 in
753 1001 867 1044 coelo
888 1014 1158 1059 regnantem.

233 1079 291 1121 X.
317 1077 496 1127 Cavete,
514 1071 799 1127 dilectissimi,
816 1071 1023 1116 Arianam
1037 1081 1218 1131 pestem,
1240 1089 1330 1119 non
1349 1090 1424 1119 vos
1446 1091 1572 1136 sepa-

179 1156 278 1193 rent
298 1162 323 1191 a
343 1144 518 1190 Christo
541 1151 712 1187 terrena
733 1141 1050 1202 promittendo,
1076 1152 1254 1202 propter
1275 1146 1469 1190 tunicam
1483 1162 1572 1192 non

178 1234 256 1264 vos
266 1214 486 1275 expolient
498 1213 600 1258 fide.
621 1213 819 1258 Membra
831 1213 1007 1268 Christi,
1027 1223 1194 1258 servate
1208 1216 1421 1259 unitatem
1439 1226 1573 1277 atque

179 1286 473 1344 integritatem
490 1283 620 1327 unius
636 1282 798 1326 tunicae
814 1317 825 1338 ,
851 1298 984 1342 quam
1001 1298 1082 1327 nec
1100 1294 1396 1343 persecutores
1409 1285 1570 1332 Christi

178 1358 271 1404 ausi
293 1364 395 1401 sunt
415 1354 626 1399 scindere.
654 1353 798 1399 Nolite
819 1354 995 1413 injurias
1011 1355 1202 1414 irrogare
1231 1357 1361 1416 capiti
1383 1367 1526 1402 vestro
1553 1379 1563 1404 ε

178 1443 257 1489 pro
291 1426 415 1471 vobis
445 1423 519 1468 ille
549 1432 749 1468 mortuus
778 1432 868 1480 est,
905 1439 961 1468 ne
990 1440 1066 1469 vos
1100 1428 1394 1471 moreremini.
1429 1431 1573 1482 Quem

179 1499 375 1545 Christus
402 1511 480 1556 per
513 1495 778 1554 baptismum
806 1495 1069 1552 vivificavit,
1099 1513 1233 1557 quare
1263 1514 1364 1543 eum
1386 1501 1571 1545 Arianus

180 1565 492 1627 rebaptizando
519 1565 713 1610 occidit?
734 1565 970 1621 Erubesce,
995 1567 1216 1623 erubesce,
1238 1568 1456 1614 haeretice.
1482 1573 1571 1617 Ne-

178 1640 297 1700 gavit
319 1641 471 1682 Petrus
488 1671 499 1691 ,
524 1646 567 1681 et
588 1651 784 1683 reversus
805 1646 869 1681 est
883 1671 894 1693 ,
919 1647 963 1681 et
984 1638 1165 1684 fluendo
1186 1640 1348 1685 delevit
1368 1641 1490 1701 quod
1512 1643 1570 1687 ti-

177 1724 299 1755 more
320 1707 508 1767 negavit.
530 1707 754 1753 Christum
771 1708 818 1751 in
837 1708 925 1752 suis
947 1718 1199 1767 persecutus
1216 1719 1281 1754 est
1296 1711 1472 1767 Paulus,
1493 1713 1570 1758 sed

177 1779 234 1825 ad
255 1780 346 1839 ejus
377 1792 531 1823 vocem
552 1776 709 1822 cecidit
736 1786 780 1822 et
809 1778 1005 1822 surrexit.
1038 1779 1200 1823 Aliter3
1233 1779 1417 1835 cecidit,
1443 1781 1569 1825 aliter

177 1850 361 1897 surrexit
387 1868 396 1894 ε
422 1847 577 1893 cecidit
611 1857 889 1908 persecutor,
920 1857 1087 1893 erectus
1123 1858 1185 1893 est
1215 1849 1488 1908 praedicator.
1515 1854 1570 1896 In

178 1920 431 1968 Christianis
447 1920 671 1966 Christum
685 1919 902 1980 persecuti
918 1928 1021 1964 sunt
1034 1933 1154 1977 reges
1176 1939 1184 1963 ε
1210 1919 1286 1963 sed
1301 1920 1492 1964 multum
1507 1922 1569 1966 eis

177 1993 498 2054 praestiterunt,
534 1990 712 2052 quando
744 1991 941 2035 membra
968 1989 1024 2034 ad
1051 1998 1182 2049 caput
1214 2005 1342 2034 suum
1359 1991 1568 2037 velociter

177 2064 456 2109 transierunt.
474 2064 612 2108 Nemo
629 2061 732 2106 talia
748 2061 924 2116 damna,
946 2059 1091 2120 qualia
1106 2068 1171 2115 tu,
1191 2060 1350 2119 ingerit
1366 2062 1561 2107 Christo:

179 2136 341 2179 animas
359 2135 475 2178 enim
487 2133 729 2178 multorum
741 2132 864 2192 cupis
878 2131 1137 2185 interficere,
1152 2146 1231 2190 pro
1244 2131 1402 2191 quibus
1415 2133 1566 2177 Chris-

175 2216 245 2251 tus
274 2207 321 2250 in
347 2220 476 2250 carne
498 2204 618 2249 venit
639 2202 792 2249 occidi.
826 2202 1061 2257 Erubesce,
1086 2202 1315 2255 erubesce,
1342 2203 1559 2247 haeretice.

173 2276 287 2330 Quid
307 2277 436 2322 iteras
452 2312 463 2333 ,
489 2274 612 2335 quod
633 2272 765 2319 semel
788 2271 949 2317 datur?
971 2275 1023 2316 In
1043 2271 1247 2315 memhris
1272 2271 1358 2315 suis
1377 2273 1471 2331 jam
1493 2274 1562 2317 in-

174 2355 244 2391 tus
266 2356 329 2391 est
349 2347 561 2401 Christus,
587 2344 677 2390 noli
700 2344 746 2387 in
766 2343 856 2387 istis
874 2343 1018 2402 ipsum
1034 2341 1145 2386 velle
1161 2341 1427 2401 rebaptizare
1445 2345 1462 2386 Ρ
1485 2345 1563 2388 Se-

216 2457 225 2471 ¹
252 2452 327 2481 Luc.
354 2461 445 2491 xnn,
464 2450 516 2491 34.
534 2466 575 2471 ——
592 2454 604 2471 2
628 2449 748 2491 rJoatl.
771 2458 805 2487 11,
829 2457 878 2489 ¹9-
905 2462 941 2469 --
962 2444 975 2468 3
996 2446 1113 2486 Forte,
1133 2444 1221 2476 Alter
1244 2445 1376 2485 eccidit,
1395 2446 1476 2478 alter
1493 2458 1561 2480 sur-

165 2506 267 2540 rexit.

1690 2365 1693 2386 l
