1729 3143
33 2851 37 2968 i

333 250 416 278 ΠΒ.
453 251 486 278 1.
521 250 575 277 m:
608 251 793 279 momnis
824 250 1024 279 nchEsm
1054 247 1310 279 cunonem.
1435 240 1516 280 533

137 322 256 359 tanta
279 325 402 374 parte
425 325 589 376 quanta
609 317 802 371 homini,
828 315 934 360 dum
958 325 1082 360 terrae
1101 317 1233 377 hujus
1253 316 1517 363 inhabitator

136 394 228 440 est,
254 387 414 431 sufficit
430 421 442 442 ,
479 387 644 446 aperire
675 403 718 431 se
746 387 928 446 coeperit
944 423 955 443 ‚
988 396 1134 432 tantus
1155 387 1372 433 charitatis
1393 389 1521 434 ardor

135 456 372 501 innascitur
389 493 400 512 ‚
425 466 468 502 et
490 467 662 502 tantum
674 458 817 502 divini
839 459 994 503 amoris
1013 459 1235 519 consurgit
1250 460 1519 517 incendium,

134 535 186 570 ut
208 526 366 570 exustis
388 528 591 572 omnibus
611 528 724 572 vitiis
742 562 753 583 ,
778 536 821 572 et
843 528 1018 573 homine
1039 539 1225 589 purgato
1248 540 1379 591 atque
1396 546 1521 576 sanc-

134 596 299 641 tificato
318 632 329 652 ‚
361 598 461 642 satis
496 607 700 658 appareat
735 613 866 659 quam
896 598 1041 643 divine
1074 600 1239 645 dictum
1270 602 1324 646 sit
1351 621 1360 647 :
1389 605 1523 662 «Ego

136 683 157 708 »
184 680 280 710 sum
302 667 414 725 ignis
435 682 694 712 consumens
713 670 727 694 ²
749 687 757 712 :
785 686 806 709 »
832 677 874 712 et
893 703 904 723 ,
938 687 957 709 «
982 671 1134 728 Ignem
1163 671 1264 714 veni
1290 672 1461 716 mittere
1477 673 1524 717 in

138 755 158 778 »
183 735 403 780 mundum
417 740 449 780 ².
481 757 499 778 »
528 740 636 791 Quae
654 737 753 783 duae
770 752 897 783 voces
914 739 1044 782 unius
1064 741 1143 784 Dei
1164 740 1210 785 in
1232 740 1404 786 duobus
1429 744 1525 786 Tes-

137 808 338 852 tamentis
360 809 537 866 signatae
553 843 564 863 ‚
590 810 976 854 sanctificationem
994 811 1149 855 animae
1166 812 1369 858 concordi
1393 821 1524 857 attes-

132 879 299 923 tatione
333 878 581 932 declarant‚
622 890 670 921 ut
698 878 773 922 fiat·
801 878 1037 938 aliquando
1058 881 1169 924 illud
1198 882 1316 941 quod
1343 884 1447 927 item
1477 884 1524 927 in

131 951 297 994 Novam
325 951 591 1006 Scripturam
611 948 665 992 de
687 949 834 992 Veteri
855 959 1123 1009 assumptum
1143 960 1206 996 est
1226 971 1234 996 :
1260 971 1278 993 «
1307 953 1523 1013 Absorpta

133 1036 155 1060 »
181 1026 245 1061 est
266 1033 380 1062 mors
396 1018 443 1061 in
466 1019 705 1063 victoriam.
733 1020 818 1063 Ubi
841 1028 918 1074 est,
939 1035 1070 1076 mors,
1096 1021 1270 1066 aculeus
1293 1026 1423 1068 tuus?
1445 1025 1522 1068 ubi

134 1104 156 1129 »
181 1096 259 1142 est,
276 1103 407 1144 mors,
426 1089 646 1133 contentio
660 1089 785 1133 tua3?
806 1107 825 1129 >›
852 1090 980 1142 Quod
1001 1106 1141 1135 unum
1161 1092 1231 1135 isti
1246 1093 1437 1138 haeretici
1455 1095 1522 1139 in-

132 1157 327 1217 telligere
358 1160 391 1202 si
424 1159 640 1214 valerent,
671 1175 886 1220 nusquam
909 1159 1104 1220 profecto
1127 1165 1265 1207 Deum
1292 1164 1373 1207 nisi
1405 1163 1521 1223 apud

132 1237 177 1273 te
215 1237 345 1287 atquc
378 1229 422 1272 in
456 1238 533 1273 tuo
563 1230 725 1288 gremio
741 1265 752 1284 ‚
778 1231 955 1274 minime
977 1232 1150 1291 superbi
1174 1242 1217 1276 et
1243 1233 1356 1276 bene
1382 1235 1522 1293 pacati

133 1307 461 1342 venerarentur.
487 1300 644 1344 Merito
666 1300 783 1359 apud
809 1310 851 1344 te
871 1301 1017 1346 divina
1039 1312 1255 1362 praecepta
1277 1303 1363 1347 late
1385 1303 1523 1347 diffu-

132 1381 268 1428 seque
290 1376 533 1412 servantur.
557 1370 714 1414 Merito
743 1369 860 1430 apud
880 1380 924 1416 te
949 1372 1062 1416 bene
1084 1372 1340 1431 intelligitur
1354 1408 1366 1429 ‚
1389 1389 1521 1433 quam

131 1438 185 1483 sit
206 1438 375 1496 gravius
396 1437 568 1496 cognita
586 1472 596 1492 ,
622 1452 754 1497 quarn
775 1441 997 1495 incognita
1017 1441 1113 1501 lege
1131 1457 1327 1502 peccare.
1357 1461 1378 1485 «
1399 1446 1521 1487 Acu-

132 1525 154 1549 )›
176 1506 268 1551 leus
285 1508 401 1552 enim
418 1507 566 1552 mortis
584 1515 828 1566 peccatum,
849 1506 985 1552 virtus
999 1515 1146 1559 autem
1162 1509 1329 1567 peccati
1347 1509 1415 1553 lex
1430 1512 1468 1565 4,
1497 1530 1516 1552 »

130 1593 218 1637 qua
253 1578 422 1636 gravius
450 1577 576 1622 feriat
599 1586 642 1622 et
671 1577 891 1622 interimat
911 1578 1150 1638 contempti
1181 1580 1389 1638 praecepti
1411 1595 1518 1626 con-

131 1649 321 1693 scientia.
343 1649 499 1693 Merito
517 1647 634 1708 apud
653 1657 696 1693 te
713 1648 852 1692 visum
872 1656 950 1702 est,
971 1663 1104 1707 quam
1125 1648 1179 1692 sit
1200 1649 1282 1693 sub
1303 1649 1396 1708 lege
1414 1665 1518 1709 ope-

132 1719 240 1764 ratio
266 1735 394 1775 vana,
418 1735 519 1764 cum
537 1718 676 1763 libido
694 1719 888 1763 animum
905 1726 1059 1772 vastat,
1077 1728 1121 1763 et
1137 1719 1373 1764 cohibetur·
1385 1735 1517 1779 poena

131 1798 252 1833 metu
269 1824 280 1845 ‚
306 1805 394 1834 non
413 1803 557 1834 amore
575 1788 749 1834 virtutis
768 1788 985 1832 obruitur.
1007 1787 1166 1832 Merito
1182 1787 1263 1831 tibi
1281 1796 1369 1831 tam
1388 1789 1516 1834 multi

131 1859 378 1917 hospitales,
399 1859 527 1901 multi
545 1859 742 1910 officiosi,
759 1857 886 1902 multi
902 1856 1215 1913 misericordeS,
1234 1856 1364 1901 multi
1378 1857 1511 1913 docti,

131 1928 258 1973 multi
281 1928 409 1980 casti,
433 1926 563 1970 multi
585 1926 735 1980 sancti,
757 1926 883 1970 multi
904 1942 1042 1985 usque
1061 1925 1168 1971 adeo
1186 1927 1262 1971 Dei
1281 1942 1424 1971 amore
1441 1929 1518 1973 ssa·
1536 1939 1538 1941 '

133 2007 325 2059 granteS‚
351 2005 401 2041 ut
424 2011 494 2041 eos
516 1996 562 2039 in
582 2011 750 2040 summa
769 1997 1038 2040 continentia
1060 2005 1192 2056 atque
1212 1997 1367 2041 mundi
1386 1999 1514 2058 hujus

133 2068 376 2114 incredibili
398 2076 652 2126 contemptu
669 2067 799 2111 etiam
815 2066 1005 2111 solitudo
1026 2066 1226 2111 delectet.

191 2141 323 2183 LXV.
345 2137 462 2192 Quid
478 2147 541 2182 est
556 2173 567 2193 ,
593 2152 765 2198 quaeso,
792 2136 912 2197 quod
928 2136 1079 2182 vident
1094 2172 1104 2192 ‚
1130 2139 1206 2197 qui
1225 2153 1314 2182 non
1334 2149 1513 2198 possunt

132 2211 355 2256 hominem
383 2224 470 2252 non
508 2208 685 2266 diligere
701 2242 711 2262 ‚
737 2217 779 2252 et
811 2216 958 2252 tamen
978 2217 1156 2267 possunt
1177 2209 1401 2253 hominem
1424 2226 1514 2255 non

133 2279 308 2323 videre?
332 2278 532 2323 Proiecto
554 2276 664 2322 illud
687 2277 904 2338 quidquid
931 2287 1021 2334 est,
1058 2279 1330 2337 praestantius
1358 2289 1421 2324 est
1443 2297 1513 2325 re-

135 2351 216 2394 bus
237 2349 437 2393 humanis
451 2384 462 2403 ,
485 2349 607 2408 cujus
625 2348 990 2408 contemplatione
1011 2357 1153 2407 potest
1174 2349 1307 2402 homo
1324 2350 1414 2394 sine
1432 2351 1513 2396 ho-

64 2414 67 2416 ’
131 2420 248 2463 mine
268 2419 425 2463 vivere.
459 2421 555 2462 Jaln
581 2419 694 2461 enim
716 2418 918 2478 accipite,
942 2419 1194 2474 Manichaei,
1218 2418 1510 2479 perfectorum

178 2521 191 2542 ¹
213 2522 307 2552 Deut.
324 2519 370 2562 iv,
387 2519 442 2563 24,
466 2525 499 2553 et
517 2519 613 2555 Hebr.
630 2532 684 2563 ιιι,
699 2528 754 2562 99.
770 2535 808 2545 -
833 2527 846 2544 ²
866 2522 944 2554 Luc.
964 2530 1008 2562 xi,
1028 2519 1083 2563 49.
1100 2537 1140 2545 --
1157 2518 1170 2545 3
1193 2531 1205 2554 1
1227 2522 1298 2554 Cor,
1317 2532 1371 2564 xv,
1391 2521 1510 2564 54-55.

134 2574 204 2605 -Ιο
220 2575 301 2609 lbid.
321 2575 376 2610 5ο.
