<?xml version="1.0" encoding="UTF-8"?>
<!DOCTYPE html PUBLIC "-//W3C//DTD XHTML 1.0 Transitional//EN"
    "http://www.w3.org/TR/xhtml1/DTD/xhtml1-transitional.dtd">
<html xmlns="http://www.w3.org/1999/xhtml" xml:lang="en" lang="en">
 <head>
  <title>
</title>
<meta http-equiv="Content-Type" content="text/html;charset=utf-8" />
  <meta name='ocr-system' content='tesseract 3.04.00' />
  <meta name='ocr-capabilities' content='ocr_page ocr_carea ocr_par ocr_line ocrx_word'/>
</head>
<body>
  <div class='ocr_page' id='page_1' title='image "./operaomniaaccura27auguuoft/operaomniaaccura27auguuoft_0143.png"; bbox 0 0 1729 3143; ppageno 0'>
   <div class='ocr_carea' id='block_1_1' title="bbox 580 203 1423 244">
    <p class='ocr_par' dir='ltr' id='par_1_1' title="bbox 580 203 1423 244">
     <span class='ocr_line' id='line_1_1' title="bbox 580 203 1423 244; baseline -0.002 0"><span class='ocrx_word' id='word_1_1' title='bbox 580 215 633 244; x_wconf 81' lang='lat' dir='ltr'><strong>DE</strong></span> <span class='ocrx_word' id='word_1_2' title='bbox 664 212 854 244; x_wconf 75' lang='lat' dir='ltr'><strong>cAm-ico.</strong></span> <span class='ocrx_word' id='word_1_3' title='bbox 1342 205 1360 241; x_wconf 92' lang='lat'>1</span> <span class='ocrx_word' id='word_1_4' title='bbox 1370 203 1391 242; x_wconf 84' lang='lat'><strong>3</strong></span> <span class='ocrx_word' id='word_1_5' title='bbox 1400 203 1423 242; x_wconf 90' lang='grc'><strong>3</strong></span> 
     </span>
    </p>
   </div>
   <div class='ocr_carea' id='block_1_2' title="bbox 43 279 1445 2440">
    <p class='ocr_par' dir='ltr' id='par_1_2' title="bbox 43 279 1445 2440">
     <span class='ocr_line' id='line_1_2' title="bbox 45 279 1425 346; baseline -0.003 -18"><span class='ocrx_word' id='word_1_6' title='bbox 45 298 132 346; x_wconf 87' lang='lat' dir='ltr'><strong>qua</strong></span> <span class='ocrx_word' id='word_1_7' title='bbox 148 282 359 339; x_wconf 84' lang='lat' dir='ltr'><strong>diximus,</strong></span> <span class='ocrx_word' id='word_1_8' title='bbox 383 292 427 328; x_wconf 89' lang='lat' dir='ltr'><strong>et</strong></span> <span class='ocrx_word' id='word_1_9' title='bbox 447 282 567 344; x_wconf 89' lang='lat' dir='ltr'><strong>quod</strong></span> <span class='ocrx_word' id='word_1_10' title='bbox 589 282 790 336; x_wconf 84' lang='lat' dir='ltr'><strong>occurrit,</strong></span> <span class='ocrx_word' id='word_1_11' title='bbox 817 282 1029 327; x_wconf 79' lang='lat' dir='ltr'><strong>diximus:</strong></span> <span class='ocrx_word' id='word_1_12' title='bbox 1054 280 1155 327; x_wconf 88' lang='lat' dir='ltr'><strong>audi</strong></span> <span class='ocrx_word' id='word_1_13' title='bbox 1179 288 1222 324; x_wconf 91' lang='lat' dir='ltr'><strong>et</strong></span> <span class='ocrx_word' id='word_1_14' title='bbox 1244 279 1298 324; x_wconf 90' lang='lat' dir='ltr'><strong>de</strong></span> <span class='ocrx_word' id='word_1_15' title='bbox 1328 281 1425 339; x_wconf 89' lang='lat' dir='ltr'><strong>Spi-</strong></span> 
     </span>
     <span class='ocr_line' id='line_1_3' title="bbox 44 351 1426 416; baseline -0.004 -15"><span class='ocrx_word' id='word_1_16' title='bbox 44 357 132 401; x_wconf 84' lang='lat' dir='ltr'><strong>ritu</strong></span> <span class='ocrx_word' id='word_1_17' title='bbox 148 365 311 411; x_wconf 86' lang='lat' dir='ltr'><strong>sanct0‚</strong></span> <span class='ocrx_word' id='word_1_18' title='bbox 337 370 469 416; x_wconf 88' lang='lat' dir='ltr'><strong>quem</strong></span> <span class='ocrx_word' id='word_1_19' title='bbox 490 355 700 399; x_wconf 83' lang='lat' dir='ltr'><strong>minorem</strong></span> <span class='ocrx_word' id='word_1_20' title='bbox 716 353 780 398; x_wconf 90' lang='lat' dir='ltr'><strong>vis</strong></span> <span class='ocrx_word' id='word_1_21' title='bbox 797 368 887 398; x_wconf 89' lang='lat' dir='ltr'><strong>esse</strong></span> <span class='ocrx_word' id='word_1_22' title='bbox 905 358 1031 399; x_wconf 88' lang='lat' dir='ltr'><strong>Patre</strong></span> <span class='ocrx_word' id='word_1_23' title='bbox 1053 362 1096 398; x_wconf 90' lang='lat' dir='ltr'><strong>et</strong></span> <span class='ocrx_word' id='word_1_24' title='bbox 1113 351 1240 397; x_wconf 91' lang='lat' dir='ltr'><strong>Filio.</strong></span> <span class='ocrx_word' id='word_1_25' title='bbox 1260 353 1426 411; x_wconf 82' lang='lat' dir='ltr'><strong>Nempe</strong></span> 
     </span>
     <span class='ocr_line' id='line_1_4' title="bbox 48 422 1427 487; baseline -0.004 -14"><span class='ocrx_word' id='word_1_26' title='bbox 48 427 231 487; x_wconf 87' lang='lat' dir='ltr'><strong>Spiritus</strong></span> <span class='ocrx_word' id='word_1_27' title='bbox 259 436 429 472; x_wconf 88' lang='lat' dir='ltr'><strong>sanctus</strong></span> <span class='ocrx_word' id='word_1_28' title='bbox 452 428 543 485; x_wconf 89' lang='lat' dir='ltr'><strong>ipse</strong></span> <span class='ocrx_word' id='word_1_29' title='bbox 570 426 752 485; x_wconf 85' lang='lat' dir='ltr'><strong>Spiritus</strong></span> <span class='ocrx_word' id='word_1_30' title='bbox 774 433 837 469; x_wconf 91' lang='lat' dir='ltr'><strong>est</strong></span> <span class='ocrx_word' id='word_1_31' title='bbox 858 425 951 469; x_wconf 90' lang='lat' dir='ltr'><strong>Dei.</strong></span> <span class='ocrx_word' id='word_1_32' title='bbox 984 423 1098 469; x_wconf 88' lang='lat' dir='ltr'><strong>Audi</strong></span> <span class='ocrx_word' id='word_1_33' title='bbox 1129 432 1172 468; x_wconf 92' lang='lat' dir='ltr'><strong>et</strong></span> <span class='ocrx_word' id='word_1_34' title='bbox 1193 424 1282 483; x_wconf 90' lang='lat' dir='ltr'><strong>ipse</strong></span> <span class='ocrx_word' id='word_1_35' title='bbox 1304 422 1427 484; x_wconf 90' lang='lat' dir='ltr'><strong>quod</strong></span> 
     </span>
     <span class='ocr_line' id='line_1_5' title="bbox 44 495 1427 554; baseline -0.003 -12"><span class='ocrx_word' id='word_1_36' title='bbox 44 497 173 542; x_wconf 88' lang='lat' dir='ltr'><strong>simul</strong></span> <span class='ocrx_word' id='word_1_37' title='bbox 195 499 249 542; x_wconf 90' lang='lat' dir='ltr'><strong>sit</strong></span> <span class='ocrx_word' id='word_1_38' title='bbox 270 513 369 542; x_wconf 91' lang='lat' dir='ltr'><strong>cum</strong></span> <span class='ocrx_word' id='word_1_39' title='bbox 392 500 518 541; x_wconf 90' lang='lat' dir='ltr'><strong>Patre</strong></span> <span class='ocrx_word' id='word_1_40' title='bbox 540 504 583 540; x_wconf 89' lang='lat' dir='ltr'><strong>et</strong></span> <span class='ocrx_word' id='word_1_41' title='bbox 606 495 739 550; x_wconf 88' lang='lat' dir='ltr'><strong>Filio,</strong></span> <span class='ocrx_word' id='word_1_42' title='bbox 764 505 807 539; x_wconf 88' lang='lat' dir='ltr'><strong>et</strong></span> <span class='ocrx_word' id='word_1_43' title='bbox 828 495 992 554; x_wconf 90' lang='lat' dir='ltr'><strong>ubique</strong></span> <span class='ocrx_word' id='word_1_44' title='bbox 1018 496 1071 539; x_wconf 90' lang='lat' dir='ltr'><strong>sit</strong></span> <span class='ocrx_word' id='word_1_45' title='bbox 1091 504 1224 540; x_wconf 88' lang='lat' dir='ltr'><strong>totus.</strong></span> <span class='ocrx_word' id='word_1_46' title='bbox 1249 496 1401 539; x_wconf 86' lang='lat' dir='ltr'><strong>«Deus</strong></span> <span class='ocrx_word' id='word_1_47' title='bbox 1416 528 1427 549; x_wconf 88' lang='lat'>‚</span> 
     </span>
     <span class='ocr_line' id='line_1_6' title="bbox 47 566 1430 628; baseline -0.001 -18"><span class='ocrx_word' id='word_1_48' title='bbox 47 586 70 609; x_wconf 68' lang='lat'><strong>2»</strong></span> <span class='ocrx_word' id='word_1_49' title='bbox 105 569 249 628; x_wconf 91' lang='lat' dir='ltr'><strong>inquit</strong></span> <span class='ocrx_word' id='word_1_50' title='bbox 268 571 456 612; x_wconf 88' lang='lat' dir='ltr'><strong>Joannes</strong></span> <span class='ocrx_word' id='word_1_51' title='bbox 478 566 721 626; x_wconf 84' lang='lat' dir='ltr'><strong>apostolus,</strong></span> <span class='ocrx_word' id='word_1_52' title='bbox 750 566 934 626; x_wconf 89' lang='lat' dir='ltr'><strong>Spiritus</strong></span> <span class='ocrx_word' id='word_1_53' title='bbox 966 568 1073 610; x_wconf 81' lang='lat' dir='ltr'><strong>est1.</strong></span> <span class='ocrx_word' id='word_1_54' title='bbox 1101 585 1120 607; x_wconf 89' lang='lat'>»</span> <span class='ocrx_word' id='word_1_55' title='bbox 1146 569 1202 610; x_wconf 92' lang='lat' dir='ltr'><strong>Et</strong></span> <span class='ocrx_word' id='word_1_56' title='bbox 1230 566 1320 625; x_wconf 92' lang='lat' dir='ltr'><strong>ipse</strong></span> <span class='ocrx_word' id='word_1_57' title='bbox 1352 566 1430 609; x_wconf 84' lang='lat' dir='ltr'><strong>Fi-</strong></span> 
     </span>
     <span class='ocr_line' id='line_1_7' title="bbox 43 635 1425 696; baseline -0.003 -15"><span class='ocrx_word' id='word_1_58' title='bbox 43 637 129 682; x_wconf 89' lang='lat' dir='ltr'><strong>lius</strong></span> <span class='ocrx_word' id='word_1_59' title='bbox 159 653 236 696; x_wconf 90' lang='lat' dir='ltr'><strong>per</strong></span> <span class='ocrx_word' id='word_1_60' title='bbox 269 638 531 696; x_wconf 87' lang='lat' dir='ltr'><strong>Prophetam</strong></span> <span class='ocrx_word' id='word_1_61' title='bbox 556 637 639 681; x_wconf 84' lang='lat' dir='ltr'><strong>ait:</strong></span> <span class='ocrx_word' id='word_1_62' title='bbox 675 636 899 696; x_wconf 90' lang='lat' dir='ltr'><strong>«Spiritus</strong></span> <span class='ocrx_word' id='word_1_63' title='bbox 922 635 1093 680; x_wconf 90' lang='lat' dir='ltr'><strong>Domini</strong></span> <span class='ocrx_word' id='word_1_64' title='bbox 1111 650 1238 694; x_wconf 88' lang='lat' dir='ltr'><strong>super</strong></span> <span class='ocrx_word' id='word_1_65' title='bbox 1268 638 1425 679; x_wconf 74' lang='lat' dir='ltr'><strong>me‘2z»</strong></span> 
     </span>
     <span class='ocr_line' id='line_1_8' title="bbox 45 705 1426 767; baseline -0.002 -17"><span class='ocrx_word' id='word_1_66' title='bbox 45 722 134 752; x_wconf 88' lang='lat' dir='ltr'><strong>non</strong></span> <span class='ocrx_word' id='word_1_67' title='bbox 152 707 227 762; x_wconf 84' lang='lat' dir='ltr'><strong>ait,</strong></span> <span class='ocrx_word' id='word_1_68' title='bbox 244 716 342 767; x_wconf 86' lang='lat' dir='ltr'><strong>post</strong></span> <span class='ocrx_word' id='word_1_69' title='bbox 359 723 444 762; x_wconf 88' lang='lat' dir='ltr'><strong>me,</strong></span> <span class='ocrx_word' id='word_1_70' title='bbox 462 717 512 752; x_wconf 90' lang='lat' dir='ltr'><strong>ut</strong></span> <span class='ocrx_word' id='word_1_71' title='bbox 524 717 778 767; x_wconf 89' lang='lat' dir='ltr'><strong>sequentem</strong></span> <span class='ocrx_word' id='word_1_72' title='bbox 793 723 894 751; x_wconf 86' lang='lat' dir='ltr'><strong>eum</strong></span> <span class='ocrx_word' id='word_1_73' title='bbox 911 705 1087 761; x_wconf 80' lang='lat' dir='ltr'><strong>faceret,</strong></span> <span class='ocrx_word' id='word_1_74' title='bbox 1107 705 1177 749; x_wconf 85' lang='lat' dir='ltr'><strong>vel</strong></span> <span class='ocrx_word' id='word_1_75' title='bbox 1192 706 1426 749; x_wconf 88' lang='lat' dir='ltr'><strong>minorem:</strong></span> 
     </span>
     <span class='ocr_line' id='line_1_9' title="bbox 43 773 1426 836; baseline -0.002 -15"><span class='ocrx_word' id='word_1_76' title='bbox 43 776 120 821; x_wconf 89' lang='lat' dir='ltr'><strong>sed</strong></span> <span class='ocrx_word' id='word_1_77' title='bbox 140 777 224 831; x_wconf 83' lang='lat' dir='ltr'><strong>ait,</strong></span> <span class='ocrx_word' id='word_1_78' title='bbox 245 792 374 836; x_wconf 89' lang='lat' dir='ltr'><strong>super</strong></span> <span class='ocrx_word' id='word_1_79' title='bbox 401 793 483 821; x_wconf 87' lang='lat' dir='ltr'><strong>me.</strong></span> <span class='ocrx_word' id='word_1_80' title='bbox 519 776 644 822; x_wconf 90' lang='lat' dir='ltr'><strong>Unde</strong></span> <span class='ocrx_word' id='word_1_81' title='bbox 666 786 708 823; x_wconf 84' lang='lat' dir='ltr'><strong>et</strong></span> <span class='ocrx_word' id='word_1_82' title='bbox 736 777 912 835; x_wconf 83' lang='lat' dir='ltr'><strong>angelus</strong></span> <span class='ocrx_word' id='word_1_83' title='bbox 936 775 1109 821; x_wconf 85' lang='lat' dir='ltr'><strong>Gabriel</strong></span> <span class='ocrx_word' id='word_1_84' title='bbox 1131 773 1187 819; x_wconf 89' lang='lat' dir='ltr'><strong>ad</strong></span> <span class='ocrx_word' id='word_1_85' title='bbox 1216 774 1395 820; x_wconf 88' lang='lat' dir='ltr'><strong>Mariam</strong></span> <span class='ocrx_word' id='word_1_86' title='bbox 1416 792 1426 818; x_wconf 77' lang='lat' dir='ltr'>z</span> 
     </span>
     <span class='ocr_line' id='line_1_10' title="bbox 49 842 1430 907; baseline -0.001 -19"><span class='ocrx_word' id='word_1_87' title='bbox 49 866 70 889; x_wconf 88' lang='lat'>«</span> <span class='ocrx_word' id='word_1_88' title='bbox 97 848 277 906; x_wconf 85' lang='lat' dir='ltr'><strong>Spiritus</strong></span> <span class='ocrx_word' id='word_1_89' title='bbox 314 856 501 902; x_wconf 82' lang='lat' dir='ltr'><strong>sanctus,</strong></span> <span class='ocrx_word' id='word_1_90' title='bbox 538 848 711 907; x_wconf 82' lang='lat' dir='ltr'><strong>inquit,</strong></span> <span class='ocrx_word' id='word_1_91' title='bbox 750 847 1025 906; x_wconf 88' lang='lat' dir='ltr'><strong>superveniet</strong></span> <span class='ocrx_word' id='word_1_92' title='bbox 1056 846 1102 890; x_wconf 86' lang='lat' dir='ltr'><strong>in</strong></span> <span class='ocrx_word' id='word_1_93' title='bbox 1136 845 1225 889; x_wconf 77' lang='lat' dir='ltr'><strong>te3.</strong></span> <span class='ocrx_word' id='word_1_94' title='bbox 1244 862 1264 885; x_wconf 82' lang='lat'>»</span> <span class='ocrx_word' id='word_1_95' title='bbox 1288 842 1430 888; x_wconf 88' lang='lat' dir='ltr'><strong>David</strong></span> 
     </span>
     <span class='ocr_line' id='line_1_11' title="bbox 46 913 1432 977; baseline -0.003 -17"><span class='ocrx_word' id='word_1_96' title='bbox 46 932 223 976; x_wconf 88' lang='lat' dir='ltr'><strong>quoque</strong></span> <span class='ocrx_word' id='word_1_97' title='bbox 243 917 456 977; x_wconf 87' lang='lat' dir='ltr'><strong>propheta</strong></span> <span class='ocrx_word' id='word_1_98' title='bbox 475 936 483 962; x_wconf 74' lang='grc' dir='ltr'>ε</span> <span class='ocrx_word' id='word_1_99' title='bbox 510 937 528 959; x_wconf 89' lang='lat'>«</span> <span class='ocrx_word' id='word_1_100' title='bbox 551 920 648 970; x_wconf 88' lang='lat' dir='ltr'><strong>Quo</strong></span> <span class='ocrx_word' id='word_1_101' title='bbox 668 917 743 962; x_wconf 91' lang='lat' dir='ltr'><strong>ibo</strong></span> <span class='ocrx_word' id='word_1_102' title='bbox 766 934 790 962; x_wconf 88' lang='lat' dir='ltr'><strong>a</strong></span> <span class='ocrx_word' id='word_1_103' title='bbox 811 917 975 977; x_wconf 86' lang='lat' dir='ltr'><strong>Spiritu</strong></span> <span class='ocrx_word' id='word_1_104' title='bbox 993 925 1088 971; x_wconf 90' lang='lat' dir='ltr'><strong>tuo,</strong></span> <span class='ocrx_word' id='word_1_105' title='bbox 1119 925 1163 960; x_wconf 89' lang='lat' dir='ltr'><strong>et</strong></span> <span class='ocrx_word' id='word_1_106' title='bbox 1185 931 1208 959; x_wconf 88' lang='lat' dir='ltr'><strong>a</strong></span> <span class='ocrx_word' id='word_1_107' title='bbox 1231 913 1340 958; x_wconf 88' lang='lat' dir='ltr'><strong>facie</strong></span> <span class='ocrx_word' id='word_1_108' title='bbox 1356 922 1432 957; x_wconf 87' lang='lat' dir='ltr'><strong>tua</strong></span> 
     </span>
     <span class='ocr_line' id='line_1_12' title="bbox 52 982 1439 1046; baseline -0.001 -18"><span class='ocrx_word' id='word_1_109' title='bbox 52 1006 69 1028; x_wconf 94' lang='lat'>»</span> <span class='ocrx_word' id='word_1_110' title='bbox 106 1003 195 1046; x_wconf 91' lang='lat' dir='ltr'><strong>quo</strong></span> <span class='ocrx_word' id='word_1_111' title='bbox 215 986 411 1044; x_wconf 82' lang='lat' dir='ltr'><strong>fugiam?</strong></span> <span class='ocrx_word' id='word_1_112' title='bbox 435 989 476 1031; x_wconf 91' lang='lat' dir='ltr'><strong>Si</strong></span> <span class='ocrx_word' id='word_1_113' title='bbox 499 988 731 1032; x_wconf 80' lang='lat' dir='ltr'><strong>ascendero</strong></span> <span class='ocrx_word' id='word_1_114' title='bbox 760 989 805 1032; x_wconf 92' lang='lat' dir='ltr'><strong>in</strong></span> <span class='ocrx_word' id='word_1_115' title='bbox 835 988 998 1032; x_wconf 89' lang='lat' dir='ltr'><strong>coelum</strong></span> <span class='ocrx_word' id='word_1_116' title='bbox 1014 1022 1025 1042; x_wconf 90' lang='lat'>‚</span> <span class='ocrx_word' id='word_1_117' title='bbox 1046 996 1094 1030; x_wconf 89' lang='lat' dir='ltr'><strong>tu</strong></span> <span class='ocrx_word' id='word_1_118' title='bbox 1117 986 1176 1030; x_wconf 93' lang='lat' dir='ltr'><strong>ibi</strong></span> <span class='ocrx_word' id='word_1_119' title='bbox 1195 1001 1262 1043; x_wconf 79' lang='lat' dir='ltr'><strong>es3</strong></span> <span class='ocrx_word' id='word_1_120' title='bbox 1287 984 1321 1028; x_wconf 91' lang='lat' dir='ltr'><strong>si</strong></span> <span class='ocrx_word' id='word_1_121' title='bbox 1343 982 1439 1027; x_wconf 89' lang='lat' dir='ltr'><strong>des-</strong></span> 
     </span>
     <span class='ocr_line' id='line_1_13' title="bbox 51 1053 1438 1110; baseline -0.001 -14"><span class='ocrx_word' id='word_1_122' title='bbox 51 1073 72 1096; x_wconf 78' lang='lat'>»</span> <span class='ocrx_word' id='word_1_123' title='bbox 108 1055 296 1099; x_wconf 85' lang='lat' dir='ltr'><strong>cendero</strong></span> <span class='ocrx_word' id='word_1_124' title='bbox 314 1057 359 1097; x_wconf 90' lang='lat' dir='ltr'><strong>in</strong></span> <span class='ocrx_word' id='word_1_125' title='bbox 376 1057 596 1110; x_wconf 84' lang='lat' dir='ltr'><strong>abyssum,</strong></span> <span class='ocrx_word' id='word_1_126' title='bbox 622 1067 672 1096; x_wconf 84' lang='lat' dir='ltr'><strong>tu</strong></span> <span class='ocrx_word' id='word_1_127' title='bbox 691 1058 834 1095; x_wconf 74' lang='lat' dir='ltr'><strong>adee4.</strong></span> <span class='ocrx_word' id='word_1_128' title='bbox 858 1077 875 1092; x_wconf 86' lang='lat'>»</span> <span class='ocrx_word' id='word_1_129' title='bbox 901 1059 1017 1108; x_wconf 83' lang='lat' dir='ltr'><strong>Ergo</strong></span> <span class='ocrx_word' id='word_1_130' title='bbox 1034 1057 1067 1094; x_wconf 83' lang='lat' dir='ltr'><strong>si</strong></span> <span class='ocrx_word' id='word_1_131' title='bbox 1091 1055 1275 1108; x_wconf 84' lang='lat' dir='ltr'><strong>Spiritus</strong></span> <span class='ocrx_word' id='word_1_132' title='bbox 1298 1053 1373 1096; x_wconf 82' lang='lat' dir='ltr'><strong>Dei</strong></span> <span class='ocrx_word' id='word_1_133' title='bbox 1395 1060 1438 1095; x_wconf 80' lang='lat' dir='ltr'><strong>et</strong></span> 
     </span>
     <span class='ocr_line' id='line_1_14' title="bbox 47 1118 1437 1178; baseline -0.002 -11"><span class='ocrx_word' id='word_1_134' title='bbox 47 1125 93 1167; x_wconf 91' lang='lat' dir='ltr'><strong>in</strong></span> <span class='ocrx_word' id='word_1_135' title='bbox 114 1123 230 1167; x_wconf 85' lang='lat' dir='ltr'><strong>coelo</strong></span> <span class='ocrx_word' id='word_1_136' title='bbox 245 1132 288 1166; x_wconf 91' lang='lat' dir='ltr'><strong>et</strong></span> <span class='ocrx_word' id='word_1_137' title='bbox 305 1123 349 1165; x_wconf 90' lang='lat' dir='ltr'><strong>in</strong></span> <span class='ocrx_word' id='word_1_138' title='bbox 369 1132 482 1166; x_wconf 88' lang='lat' dir='ltr'><strong>terra</strong></span> <span class='ocrx_word' id='word_1_139' title='bbox 503 1131 546 1165; x_wconf 92' lang='lat' dir='ltr'><strong>et</strong></span> <span class='ocrx_word' id='word_1_140' title='bbox 567 1123 613 1165; x_wconf 92' lang='lat' dir='ltr'><strong>in</strong></span> <span class='ocrx_word' id='word_1_141' title='bbox 633 1119 806 1164; x_wconf 86' lang='lat' dir='ltr'><strong>inferno</strong></span> <span class='ocrx_word' id='word_1_142' title='bbox 826 1120 947 1164; x_wconf 86' lang='lat' dir='ltr'><strong>adest</strong></span> <span class='ocrx_word' id='word_1_143' title='bbox 969 1135 1069 1163; x_wconf 91' lang='lat' dir='ltr'><strong>cum</strong></span> <span class='ocrx_word' id='word_1_144' title='bbox 1098 1119 1174 1163; x_wconf 90' lang='lat' dir='ltr'><strong>illo</strong></span> <span class='ocrx_word' id='word_1_145' title='bbox 1204 1120 1280 1178; x_wconf 91' lang='lat' dir='ltr'><strong>qui</strong></span> <span class='ocrx_word' id='word_1_146' title='bbox 1303 1118 1409 1164; x_wconf 88' lang='lat' dir='ltr'><strong>dicit</strong></span> <span class='ocrx_word' id='word_1_147' title='bbox 1428 1139 1437 1164; x_wconf 90' lang='lat'>:</span> 
     </span>
     <span class='ocr_line' id='line_1_15' title="bbox 51 1188 1444 1249; baseline 0 -15"><span class='ocrx_word' id='word_1_148' title='bbox 51 1211 71 1234; x_wconf 89' lang='lat'>«</span> <span class='ocrx_word' id='word_1_149' title='bbox 97 1191 274 1237; x_wconf 82' lang='lat' dir='ltr'><strong>Coelum</strong></span> <span class='ocrx_word' id='word_1_150' title='bbox 293 1201 336 1235; x_wconf 89' lang='lat' dir='ltr'><strong>et</strong></span> <span class='ocrx_word' id='word_1_151' title='bbox 353 1201 511 1236; x_wconf 85' lang='lat' dir='ltr'><strong>terram</strong></span> <span class='ocrx_word' id='word_1_152' title='bbox 528 1205 606 1248; x_wconf 84' lang='lat' dir='ltr'><strong>ego</strong></span> <span class='ocrx_word' id='word_1_153' title='bbox 623 1189 810 1249; x_wconf 85' lang='lat' dir='ltr'><strong>impleo⁵</strong></span> <span class='ocrx_word' id='word_1_154' title='bbox 830 1205 839 1230; x_wconf 75' lang='grc' dir='ltr'>ε</span> <span class='ocrx_word' id='word_1_155' title='bbox 860 1208 880 1230; x_wconf 87' lang='lat'>»</span> <span class='ocrx_word' id='word_1_156' title='bbox 907 1192 1024 1247; x_wconf 85' lang='lat' dir='ltr'><strong>Ergo</strong></span> <span class='ocrx_word' id='word_1_157' title='bbox 1044 1188 1229 1232; x_wconf 82' lang='lat' dir='ltr'><strong>Trinitas</strong></span> <span class='ocrx_word' id='word_1_158' title='bbox 1247 1204 1362 1233; x_wconf 91' lang='lat' dir='ltr'><strong>unus</strong></span> <span class='ocrx_word' id='word_1_159' title='bbox 1379 1198 1444 1234; x_wconf 87' lang='lat' dir='ltr'><strong>est</strong></span> 
     </span>
     <span class='ocr_line' id='line_1_16' title="bbox 46 1258 1443 1317; baseline -0.002 -12"><span class='ocrx_word' id='word_1_160' title='bbox 46 1265 175 1306; x_wconf 89' lang='lat' dir='ltr'><strong>Deus.</strong></span> <span class='ocrx_word' id='word_1_161' title='bbox 205 1261 289 1305; x_wconf 89' lang='lat' dir='ltr'><strong>Sed</strong></span> <span class='ocrx_word' id='word_1_162' title='bbox 313 1260 413 1304; x_wconf 84' lang='lat' dir='ltr'><strong>audi</strong></span> <span class='ocrx_word' id='word_1_163' title='bbox 429 1259 835 1314; x_wconf 77' lang='lat' dir='ltr'><strong>adhuc‚haeretice‚</strong></span> <span class='ocrx_word' id='word_1_164' title='bbox 860 1258 980 1302; x_wconf 90' lang='lat' dir='ltr'><strong>unde</strong></span> <span class='ocrx_word' id='word_1_165' title='bbox 997 1259 1267 1302; x_wconf 89' lang='lat' dir='ltr'><strong>convincaris</strong></span> <span class='ocrx_word' id='word_1_166' title='bbox 1284 1292 1295 1312; x_wconf 91' lang='lat'><strong><em>‚</em></strong></span> <span class='ocrx_word' id='word_1_167' title='bbox 1319 1259 1443 1317; x_wconf 90' lang='lat' dir='ltr'><strong>quod</strong></span> 
     </span>
     <span class='ocr_line' id='line_1_17' title="bbox 47 1327 1442 1389; baseline -0.001 -15"><span class='ocrx_word' id='word_1_168' title='bbox 47 1331 353 1375; x_wconf 83' lang='lat' dir='ltr'><strong>Trinitasunus</strong></span> <span class='ocrx_word' id='word_1_169' title='bbox 363 1331 417 1373; x_wconf 88' lang='lat' dir='ltr'><strong>sit</strong></span> <span class='ocrx_word' id='word_1_170' title='bbox 428 1333 554 1373; x_wconf 90' lang='lat' dir='ltr'><strong>Deus.</strong></span> <span class='ocrx_word' id='word_1_171' title='bbox 572 1333 622 1373; x_wconf 89' lang='lat' dir='ltr'><strong>In</strong></span> <span class='ocrx_word' id='word_1_172' title='bbox 637 1330 729 1389; x_wconf 87' lang='lat' dir='ltr'><strong>ipso</strong></span> <span class='ocrx_word' id='word_1_173' title='bbox 739 1329 950 1388; x_wconf 87' lang='lat' dir='ltr'><strong>principio</strong></span> <span class='ocrx_word' id='word_1_174' title='bbox 962 1327 1064 1373; x_wconf 85' lang='lat' dir='ltr'><strong>libri</strong></span> <span class='ocrx_word' id='word_1_175' title='bbox 1077 1329 1308 1381; x_wconf 81' lang='lat' dir='ltr'><strong>Geneseos,</strong></span> <span class='ocrx_word' id='word_1_176' title='bbox 1321 1327 1442 1388; x_wconf 91' lang='lat' dir='ltr'><strong>quod</strong></span> 
     </span>
     <span class='ocr_line' id='line_1_18' title="bbox 45 1397 1439 1460; baseline -0.001 -15"><span class='ocrx_word' id='word_1_177' title='bbox 45 1401 233 1446; x_wconf 83' lang='lat' dir='ltr'><strong>diximus</strong></span> <span class='ocrx_word' id='word_1_178' title='bbox 258 1401 467 1460; x_wconf 86' lang='lat' dir='ltr'><strong>scriptum</strong></span> <span class='ocrx_word' id='word_1_179' title='bbox 490 1410 555 1445; x_wconf 88' lang='lat' dir='ltr'><strong>est</strong></span> <span class='ocrx_word' id='word_1_180' title='bbox 579 1419 588 1444; x_wconf 88' lang='lat'>:</span> <span class='ocrx_word' id='word_1_181' title='bbox 612 1419 630 1441; x_wconf 93' lang='lat'>«</span> <span class='ocrx_word' id='word_1_182' title='bbox 656 1402 707 1443; x_wconf 92' lang='lat' dir='ltr'><strong>In</strong></span> <span class='ocrx_word' id='word_1_183' title='bbox 726 1399 941 1458; x_wconf 90' lang='lat' dir='ltr'><strong>principio</strong></span> <span class='ocrx_word' id='word_1_184' title='bbox 959 1397 1060 1442; x_wconf 89' lang='lat' dir='ltr'><strong>fecit</strong></span> <span class='ocrx_word' id='word_1_185' title='bbox 1081 1402 1193 1442; x_wconf 85' lang='lat' dir='ltr'><strong>Deus</strong></span> <span class='ocrx_word' id='word_1_186' title='bbox 1214 1397 1378 1442; x_wconf 84' lang='lat' dir='ltr'><strong>coelum</strong></span> <span class='ocrx_word' id='word_1_187' title='bbox 1396 1407 1439 1443; x_wconf 89' lang='lat' dir='ltr'><strong>et</strong></span> 
     </span>
     <span class='ocr_line' id='line_1_19' title="bbox 49 1469 1443 1527; baseline -0.001 -13"><span class='ocrx_word' id='word_1_188' title='bbox 49 1490 69 1513; x_wconf 71' lang='grc' dir='ltr'><strong>υ</strong></span> <span class='ocrx_word' id='word_1_189' title='bbox 95 1481 253 1515; x_wconf 89' lang='lat' dir='ltr'><strong>terram</strong></span> <span class='ocrx_word' id='word_1_190' title='bbox 267 1472 299 1513; x_wconf 72' lang='lat'><strong>⁶.</strong></span> <span class='ocrx_word' id='word_1_191' title='bbox 321 1489 338 1510; x_wconf 88' lang='lat'>»</span> <span class='ocrx_word' id='word_1_192' title='bbox 357 1472 468 1513; x_wconf 86' lang='lat' dir='ltr'><strong>Ecce</strong></span> <span class='ocrx_word' id='word_1_193' title='bbox 484 1473 596 1513; x_wconf 90' lang='lat' dir='ltr'><strong>Deus</strong></span> <span class='ocrx_word' id='word_1_194' title='bbox 610 1473 737 1512; x_wconf 88' lang='lat' dir='ltr'><strong>Pater</strong></span> <span class='ocrx_word' id='word_1_195' title='bbox 748 1503 758 1522; x_wconf 88' lang='lat'>‚</span> <span class='ocrx_word' id='word_1_196' title='bbox 779 1477 822 1511; x_wconf 90' lang='lat' dir='ltr'><strong>et</strong></span> <span class='ocrx_word' id='word_1_197' title='bbox 834 1469 1096 1527; x_wconf 88' lang='lat' dir='ltr'><strong>principium</strong></span> <span class='ocrx_word' id='word_1_198' title='bbox 1111 1469 1246 1512; x_wconf 91' lang='lat' dir='ltr'><strong>Filius</strong></span> <span class='ocrx_word' id='word_1_199' title='bbox 1262 1503 1272 1521; x_wconf 86' lang='lat'>‚</span> <span class='ocrx_word' id='word_1_200' title='bbox 1291 1484 1443 1512; x_wconf 88' lang='lat' dir='ltr'><strong>secun-</strong></span> 
     </span>
     <span class='ocr_line' id='line_1_20' title="bbox 47 1539 1442 1599; baseline -0.002 -14"><span class='ocrx_word' id='word_1_201' title='bbox 47 1541 153 1585; x_wconf 86' lang='lat' dir='ltr'><strong>dum</strong></span> <span class='ocrx_word' id='word_1_202' title='bbox 176 1540 296 1599; x_wconf 91' lang='lat' dir='ltr'><strong>quod</strong></span> <span class='ocrx_word' id='word_1_203' title='bbox 322 1556 365 1583; x_wconf 88' lang='lat' dir='ltr'><strong>se</strong></span> <span class='ocrx_word' id='word_1_204' title='bbox 383 1540 489 1583; x_wconf 82' lang='lat' dir='ltr'><strong>dixit</strong></span> <span class='ocrx_word' id='word_1_205' title='bbox 507 1555 596 1583; x_wconf 87' lang='lat' dir='ltr'><strong>esse</strong></span> <span class='ocrx_word' id='word_1_206' title='bbox 617 1539 897 1598; x_wconf 87' lang='lat' dir='ltr'><strong>principium.</strong></span> <span class='ocrx_word' id='word_1_207' title='bbox 927 1539 968 1583; x_wconf 88' lang='lat' dir='ltr'><strong>Si</strong></span> <span class='ocrx_word' id='word_1_208' title='bbox 996 1548 1141 1582; x_wconf 88' lang='lat' dir='ltr'><strong>autem</strong></span> <span class='ocrx_word' id='word_1_209' title='bbox 1165 1548 1207 1582; x_wconf 89' lang='lat' dir='ltr'><strong>et</strong></span> <span class='ocrx_word' id='word_1_210' title='bbox 1231 1539 1442 1598; x_wconf 89' lang='lat' dir='ltr'><strong>Spiritum</strong></span> 
     </span>
     <span class='ocr_line' id='line_1_21' title="bbox 48 1608 1439 1670; baseline -0.002 -14"><span class='ocrx_word' id='word_1_211' title='bbox 48 1622 247 1656; x_wconf 86' lang='lat' dir='ltr'><strong>sanctum</strong></span> <span class='ocrx_word' id='word_1_212' title='bbox 264 1611 443 1670; x_wconf 82' lang='lat' dir='ltr'><strong>quaeris:</strong></span> <span class='ocrx_word' id='word_1_213' title='bbox 467 1610 705 1669; x_wconf 81' lang='lat' dir='ltr'><strong>«Spiritus,</strong></span> <span class='ocrx_word' id='word_1_214' title='bbox 725 1609 889 1668; x_wconf 80' lang='lat' dir='ltr'><strong>inquit,</strong></span> <span class='ocrx_word' id='word_1_215' title='bbox 909 1609 986 1652; x_wconf 89' lang='lat' dir='ltr'><strong>Dei</strong></span> <span class='ocrx_word' id='word_1_216' title='bbox 1003 1608 1357 1667; x_wconf 86' lang='lat' dir='ltr'><strong>superferebatur</strong></span> <span class='ocrx_word' id='word_1_217' title='bbox 1373 1624 1439 1653; x_wconf 87' lang='lat' dir='ltr'><strong>su-</strong></span> 
     </span>
     <span class='ocr_line' id='line_1_22' title="bbox 51 1678 1444 1740; baseline 0 -18"><span class='ocrx_word' id='word_1_218' title='bbox 51 1700 71 1724; x_wconf 88' lang='lat'>»</span> <span class='ocrx_word' id='word_1_219' title='bbox 95 1697 172 1740; x_wconf 87' lang='lat' dir='ltr'><strong>per</strong></span> <span class='ocrx_word' id='word_1_220' title='bbox 189 1683 364 1740; x_wconf 83' lang='lat' dir='ltr'><strong>aquas⁷.</strong></span> <span class='ocrx_word' id='word_1_221' title='bbox 385 1699 404 1721; x_wconf 89' lang='lat'>»</span> <span class='ocrx_word' id='word_1_222' title='bbox 425 1682 536 1725; x_wconf 88' lang='lat' dir='ltr'><strong>Cum</strong></span> <span class='ocrx_word' id='word_1_223' title='bbox 557 1694 658 1736; x_wconf 85' lang='lat' dir='ltr'><strong>ergo</strong></span> <span class='ocrx_word' id='word_1_224' title='bbox 673 1679 717 1722; x_wconf 92' lang='lat' dir='ltr'><strong>in</strong></span> <span class='ocrx_word' id='word_1_225' title='bbox 734 1679 1102 1738; x_wconf 83' lang='lat' dir='ltr'><strong>consequentibus</strong></span> <span class='ocrx_word' id='word_1_226' title='bbox 1120 1678 1278 1736; x_wconf 86' lang='lat' dir='ltr'><strong>legitur</strong></span> <span class='ocrx_word' id='word_1_227' title='bbox 1299 1698 1307 1723; x_wconf 89' lang='lat'>:</span> <span class='ocrx_word' id='word_1_228' title='bbox 1338 1698 1356 1720; x_wconf 91' lang='lat'>«</span> <span class='ocrx_word' id='word_1_229' title='bbox 1374 1680 1444 1722; x_wconf 89' lang='lat' dir='ltr'><strong>Di-</strong></span> 
     </span>
     <span class='ocr_line' id='line_1_23' title="bbox 51 1749 1436 1808; baseline 0.001 -16"><span class='ocrx_word' id='word_1_230' title='bbox 51 1770 71 1792; x_wconf 83' lang='lat'>»</span> <span class='ocrx_word' id='word_1_231' title='bbox 97 1753 161 1795; x_wconf 86' lang='lat' dir='ltr'><strong>xit</strong></span> <span class='ocrx_word' id='word_1_232' title='bbox 182 1755 294 1795; x_wconf 91' lang='lat' dir='ltr'><strong>Deus</strong></span> <span class='ocrx_word' id='word_1_233' title='bbox 321 1770 329 1796; x_wconf 90' lang='lat'><strong>:</strong></span> <span class='ocrx_word' id='word_1_234' title='bbox 356 1751 452 1795; x_wconf 90' lang='lat' dir='ltr'><strong>Fiat</strong></span> <span class='ocrx_word' id='word_1_235' title='bbox 474 1750 578 1808; x_wconf 78' lang='lat' dir='ltr'><strong>lux3</strong></span> <span class='ocrx_word' id='word_1_236' title='bbox 603 1759 667 1804; x_wconf 85' lang='lat' dir='ltr'><strong>et,</strong></span> <span class='ocrx_word' id='word_1_237' title='bbox 696 1750 840 1794; x_wconf 83' lang='lat' dir='ltr'><strong>Finxit</strong></span> <span class='ocrx_word' id='word_1_238' title='bbox 862 1753 973 1793; x_wconf 88' lang='lat' dir='ltr'><strong>Deus</strong></span> <span class='ocrx_word' id='word_1_239' title='bbox 994 1749 1049 1793; x_wconf 88' lang='lat' dir='ltr'><strong>de</strong></span> <span class='ocrx_word' id='word_1_240' title='bbox 1066 1759 1178 1794; x_wconf 85' lang='lat' dir='ltr'><strong>terra</strong></span> <span class='ocrx_word' id='word_1_241' title='bbox 1198 1771 1209 1807; x_wconf 72' lang='grc' dir='ltr'><strong>ς</strong></span> <span class='ocrx_word' id='word_1_242' title='bbox 1235 1759 1292 1804; x_wconf 88' lang='lat' dir='ltr'><strong>et,</strong></span> <span class='ocrx_word' id='word_1_243' title='bbox 1316 1751 1436 1794; x_wconf 85' lang='lat' dir='ltr'><strong>Fecit</strong></span> 
     </span>
     <span class='ocr_line' id='line_1_24' title="bbox 50 1820 1439 1880; baseline 0.001 -18"><span class='ocrx_word' id='word_1_244' title='bbox 50 1841 70 1862; x_wconf 84' lang='lat'>»</span> <span class='ocrx_word' id='word_1_245' title='bbox 99 1825 211 1866; x_wconf 90' lang='lat' dir='ltr'><strong>Deus</strong></span> <span class='ocrx_word' id='word_1_246' title='bbox 227 1857 237 1877; x_wconf 55' lang='lat' dir='ltr'><strong>a</strong></span> <span class='ocrx_word' id='word_1_247' title='bbox 259 1840 277 1862; x_wconf 71' lang='lat' dir='ltr'>n</span> <span class='ocrx_word' id='word_1_248' title='bbox 304 1823 388 1866; x_wconf 92' lang='lat' dir='ltr'><strong>hoc</strong></span> <span class='ocrx_word' id='word_1_249' title='bbox 405 1821 730 1865; x_wconf 86' lang='lat' dir='ltr'><strong>demonstratur</strong></span> <span class='ocrx_word' id='word_1_250' title='bbox 751 1820 870 1880; x_wconf 93' lang='lat' dir='ltr'><strong>quod</strong></span> <span class='ocrx_word' id='word_1_251' title='bbox 892 1821 1190 1880; x_wconf 84' lang='lat' dir='ltr'><strong>inseparabilia</strong></span> <span class='ocrx_word' id='word_1_252' title='bbox 1213 1830 1314 1864; x_wconf 88' lang='lat' dir='ltr'><strong>sunt</strong></span> <span class='ocrx_word' id='word_1_253' title='bbox 1336 1835 1439 1880; x_wconf 90' lang='lat' dir='ltr'><strong>ope-</strong></span> 
     </span>
     <span class='ocr_line' id='line_1_25' title="bbox 48 1890 1438 1951; baseline -0.001 -16"><span class='ocrx_word' id='word_1_254' title='bbox 48 1908 94 1935; x_wconf 86' lang='lat' dir='ltr'><strong>ra</strong></span> <span class='ocrx_word' id='word_1_255' title='bbox 119 1893 352 1936; x_wconf 81' lang='lat' dir='ltr'><strong>Trinitatis.</strong></span> <span class='ocrx_word' id='word_1_256' title='bbox 386 1891 642 1936; x_wconf 84' lang='lat' dir='ltr'><strong>Evidentius</strong></span> <span class='ocrx_word' id='word_1_257' title='bbox 668 1891 815 1935; x_wconf 89' lang='lat' dir='ltr'><strong>hocin</strong></span> <span class='ocrx_word' id='word_1_258' title='bbox 836 1890 1206 1951; x_wconf 85' lang='lat' dir='ltr'><strong>consequentibus</strong></span> <span class='ocrx_word' id='word_1_259' title='bbox 1231 1891 1438 1935; x_wconf 89' lang='lat' dir='ltr'><strong>demons-</strong></span> 
     </span>
     <span class='ocr_line' id='line_1_26' title="bbox 49 1959 1434 2016; baseline -0.001 -11"><span class='ocrx_word' id='word_1_260' title='bbox 49 1971 202 2006; x_wconf 88' lang='lat' dir='ltr'><strong>tratur.</strong></span> <span class='ocrx_word' id='word_1_261' title='bbox 225 1965 332 2007; x_wconf 89' lang='lat' dir='ltr'><strong>Nam</strong></span> <span class='ocrx_word' id='word_1_262' title='bbox 352 1977 452 2006; x_wconf 92' lang='lat' dir='ltr'><strong>cum</strong></span> <span class='ocrx_word' id='word_1_263' title='bbox 472 1971 655 2005; x_wconf 88' lang='lat' dir='ltr'><strong>ventum</strong></span> <span class='ocrx_word' id='word_1_264' title='bbox 671 1970 779 2004; x_wconf 86' lang='lat' dir='ltr'><strong>esset</strong></span> <span class='ocrx_word' id='word_1_265' title='bbox 801 1960 854 2004; x_wconf 85' lang='lat' dir='ltr'><strong>ad</strong></span> <span class='ocrx_word' id='word_1_266' title='bbox 872 1959 916 2003; x_wconf 92' lang='lat' dir='ltr'><strong>id</strong></span> <span class='ocrx_word' id='word_1_267' title='bbox 940 1970 989 2004; x_wconf 87' lang='lat' dir='ltr'><strong>ut</strong></span> <span class='ocrx_word' id='word_1_268' title='bbox 1007 1962 1137 2005; x_wconf 91' lang='lat' dir='ltr'><strong>homo</strong></span> <span class='ocrx_word' id='word_1_269' title='bbox 1155 1960 1434 2016; x_wconf 85' lang='lat' dir='ltr'><strong>formaretur,</strong></span> 
     </span>
     <span class='ocr_line' id='line_1_27' title="bbox 51 2030 1442 2089; baseline 0.001 -15"><span class='ocrx_word' id='word_1_270' title='bbox 51 2032 108 2075; x_wconf 87' lang='lat' dir='ltr'><strong>ait</strong></span> <span class='ocrx_word' id='word_1_271' title='bbox 129 2033 348 2089; x_wconf 81' lang='lat' dir='ltr'><strong>Scriptura</strong></span> <span class='ocrx_word' id='word_1_272' title='bbox 367 2051 375 2075; x_wconf 88' lang='lat'>:</span> <span class='ocrx_word' id='word_1_273' title='bbox 402 2051 421 2073; x_wconf 90' lang='lat'>«</span> <span class='ocrx_word' id='word_1_274' title='bbox 438 2034 495 2075; x_wconf 91' lang='lat' dir='ltr'><strong>Et</strong></span> <span class='ocrx_word' id='word_1_275' title='bbox 512 2031 620 2076; x_wconf 85' lang='lat' dir='ltr'><strong>dixit</strong></span> <span class='ocrx_word' id='word_1_276' title='bbox 633 2035 747 2075; x_wconf 86' lang='lat' dir='ltr'><strong>Deus</strong></span> <span class='ocrx_word' id='word_1_277' title='bbox 764 2051 772 2075; x_wconf 83' lang='lat' dir='ltr'>z</span> <span class='ocrx_word' id='word_1_278' title='bbox 792 2031 1020 2075; x_wconf 81' lang='lat' dir='ltr'><strong>Faciamus</strong></span> <span class='ocrx_word' id='word_1_279' title='bbox 1032 2031 1252 2075; x_wconf 87' lang='lat' dir='ltr'><strong>hominem</strong></span> <span class='ocrx_word' id='word_1_280' title='bbox 1267 2030 1319 2074; x_wconf 86' lang='lat' dir='ltr'><strong>ad</strong></span> <span class='ocrx_word' id='word_1_281' title='bbox 1342 2032 1442 2075; x_wconf 88' lang='lat' dir='ltr'><strong>ima-</strong></span> 
     </span>
     <span class='ocr_line' id='line_1_28' title="bbox 53 2100 1438 2159; baseline 0.001 -17"><span class='ocrx_word' id='word_1_282' title='bbox 53 2118 74 2142; x_wconf 89' lang='lat'>»</span> <span class='ocrx_word' id='word_1_283' title='bbox 108 2102 251 2159; x_wconf 86' lang='lat' dir='ltr'><strong>ginem</strong></span> <span class='ocrx_word' id='word_1_284' title='bbox 270 2110 312 2144; x_wconf 89' lang='lat' dir='ltr'><strong>et</strong></span> <span class='ocrx_word' id='word_1_285' title='bbox 330 2101 658 2144; x_wconf 87' lang='lat' dir='ltr'><strong>similitudinem</strong></span> <span class='ocrx_word' id='word_1_286' title='bbox 680 2103 917 2145; x_wconf 63' lang='lat' dir='ltr'><strong>nostramss.</strong></span> <span class='ocrx_word' id='word_1_287' title='bbox 937 2120 956 2141; x_wconf 90' lang='lat'>»</span> <span class='ocrx_word' id='word_1_288' title='bbox 982 2103 1079 2145; x_wconf 91' lang='lat' dir='ltr'><strong>Non</strong></span> <span class='ocrx_word' id='word_1_289' title='bbox 1109 2100 1241 2144; x_wconf 87' lang='lat' dir='ltr'><strong>dixit:</strong></span> <span class='ocrx_word' id='word_1_290' title='bbox 1265 2101 1438 2144; x_wconf 81' lang='lat' dir='ltr'><strong>Faciam</strong></span> 
     </span>
     <span class='ocr_line' id='line_1_29' title="bbox 54 2170 1445 2228; baseline -0.001 -13"><span class='ocrx_word' id='word_1_291' title='bbox 54 2171 107 2215; x_wconf 86' lang='lat' dir='ltr'><strong>ad</strong></span> <span class='ocrx_word' id='word_1_292' title='bbox 129 2171 358 2228; x_wconf 85' lang='lat' dir='ltr'><strong>imaginem</strong></span> <span class='ocrx_word' id='word_1_293' title='bbox 382 2179 425 2213; x_wconf 89' lang='lat' dir='ltr'><strong>et</strong></span> <span class='ocrx_word' id='word_1_294' title='bbox 446 2170 774 2213; x_wconf 83' lang='lat' dir='ltr'><strong>similitudinem</strong></span> <span class='ocrx_word' id='word_1_295' title='bbox 807 2186 970 2224; x_wconf 87' lang='lat' dir='ltr'><strong>meam,</strong></span> <span class='ocrx_word' id='word_1_296' title='bbox 1002 2181 1050 2214; x_wconf 92' lang='lat' dir='ltr'><strong>ut</strong></span> <span class='ocrx_word' id='word_1_297' title='bbox 1085 2170 1200 2215; x_wconf 75' lang='lat' dir='ltr'><strong>solus</strong></span> <span class='ocrx_word' id='word_1_298' title='bbox 1227 2174 1354 2215; x_wconf 88' lang='lat' dir='ltr'><strong>Pater</strong></span> <span class='ocrx_word' id='word_1_299' title='bbox 1375 2170 1445 2214; x_wconf 88' lang='lat' dir='ltr'><strong>in-</strong></span> 
     </span>
     <span class='ocr_line' id='line_1_30' title="bbox 55 2239 1444 2300; baseline 0 -16"><span class='ocrx_word' id='word_1_300' title='bbox 55 2240 349 2300; x_wconf 84' lang='lat' dir='ltr'><strong>telligeretur:</strong></span> <span class='ocrx_word' id='word_1_301' title='bbox 376 2255 456 2284; x_wconf 90' lang='lat' dir='ltr'><strong>nec</strong></span> <span class='ocrx_word' id='word_1_302' title='bbox 485 2239 595 2284; x_wconf 92' lang='lat' dir='ltr'><strong>dixit</strong></span> <span class='ocrx_word' id='word_1_303' title='bbox 624 2259 632 2284; x_wconf 91' lang='lat'>:</span> <span class='ocrx_word' id='word_1_304' title='bbox 661 2239 781 2294; x_wconf 85' lang='lat' dir='ltr'><strong>Fiat,</strong></span> <span class='ocrx_word' id='word_1_305' title='bbox 801 2249 851 2283; x_wconf 92' lang='lat' dir='ltr'><strong>ut</strong></span> <span class='ocrx_word' id='word_1_306' title='bbox 874 2240 984 2284; x_wconf 90' lang='lat' dir='ltr'><strong>Filio</strong></span> <span class='ocrx_word' id='word_1_307' title='bbox 1016 2241 1151 2285; x_wconf 90' lang='lat' dir='ltr'><strong>veluti</strong></span> <span class='ocrx_word' id='word_1_308' title='bbox 1170 2241 1345 2300; x_wconf 83' lang='lat' dir='ltr'><strong>juberet</strong></span> <span class='ocrx_word' id='word_1_309' title='bbox 1378 2240 1444 2284; x_wconf 84' lang='lat' dir='ltr'><strong>fa-</strong></span> 
     </span>
     <span class='ocr_line' id='line_1_31' title="bbox 55 2311 1443 2372; baseline 0.001 -16"><span class='ocrx_word' id='word_1_310' title='bbox 55 2328 174 2367; x_wconf 87' lang='lat' dir='ltr'><strong>cere,</strong></span> <span class='ocrx_word' id='word_1_311' title='bbox 200 2328 278 2372; x_wconf 88' lang='lat' dir='ltr'><strong>per</strong></span> <span class='ocrx_word' id='word_1_312' title='bbox 299 2327 429 2371; x_wconf 88' lang='lat' dir='ltr'><strong>quem</strong></span> <span class='ocrx_word' id='word_1_313' title='bbox 456 2311 565 2355; x_wconf 83' lang='lat' dir='ltr'><strong>faeta</strong></span> <span class='ocrx_word' id='word_1_314' title='bbox 587 2320 689 2355; x_wconf 89' lang='lat' dir='ltr'><strong>sunt</strong></span> <span class='ocrx_word' id='word_1_315' title='bbox 711 2311 856 2354; x_wconf 86' lang='lat' dir='ltr'><strong>omnia</strong></span> <span class='ocrx_word' id='word_1_316' title='bbox 879 2330 888 2355; x_wconf 89' lang='lat'><strong>:</strong></span> <span class='ocrx_word' id='word_1_317' title='bbox 914 2327 994 2356; x_wconf 85' lang='lat' dir='ltr'><strong>nec</strong></span> <span class='ocrx_word' id='word_1_318' title='bbox 1016 2312 1179 2356; x_wconf 86' lang='lat' dir='ltr'><strong>dictum</strong></span> <span class='ocrx_word' id='word_1_319' title='bbox 1199 2322 1261 2355; x_wconf 83' lang='lat' dir='ltr'><strong>est</strong></span> <span class='ocrx_word' id='word_1_320' title='bbox 1280 2332 1289 2357; x_wconf 71' lang='grc' dir='ltr'>ε</span> <span class='ocrx_word' id='word_1_321' title='bbox 1316 2315 1443 2357; x_wconf 83' lang='lat' dir='ltr'><strong>Fece·</strong></span> 
     </span>
     <span class='ocr_line' id='line_1_32' title="bbox 57 2379 1443 2440; baseline -0.001 -13"><span class='ocrx_word' id='word_1_322' title='bbox 57 2392 182 2436; x_wconf 82' lang='lat' dir='ltr'><strong>runt,</strong></span> <span class='ocrx_word' id='word_1_323' title='bbox 207 2392 256 2425; x_wconf 87' lang='lat' dir='ltr'><strong>ut</strong></span> <span class='ocrx_word' id='word_1_324' title='bbox 279 2380 436 2440; x_wconf 84' lang='lat' dir='ltr'><strong>singuli</strong></span> <span class='ocrx_word' id='word_1_325' title='bbox 459 2381 627 2440; x_wconf 80' lang='lat' dir='ltr'><strong>singula</strong></span> <span class='ocrx_word' id='word_1_326' title='bbox 651 2381 696 2424; x_wconf 90' lang='lat' dir='ltr'><strong>in</strong></span> <span class='ocrx_word' id='word_1_327' title='bbox 719 2396 770 2424; x_wconf 87' lang='lat' dir='ltr'><strong>eo</strong></span> <span class='ocrx_word' id='word_1_328' title='bbox 793 2379 1043 2424; x_wconf 86' lang='lat' dir='ltr'><strong>conferrent</strong></span> <span class='ocrx_word' id='word_1_329' title='bbox 1066 2397 1196 2440; x_wconf 84' lang='lat' dir='ltr'><strong>opera</strong></span> <span class='ocrx_word' id='word_1_330' title='bbox 1216 2397 1292 2426; x_wconf 83' lang='lat' dir='ltr'><strong>sna</strong></span> <span class='ocrx_word' id='word_1_331' title='bbox 1325 2402 1332 2426; x_wconf 94' lang='lat'><strong>:</strong></span> <span class='ocrx_word' id='word_1_332' title='bbox 1369 2382 1443 2427; x_wconf 86' lang='lat' dir='ltr'><strong>scd</strong></span> 
     </span>
    </p>
   </div>
   <div class='ocr_carea' id='block_1_3' title="bbox 60 2481 1438 2581">
    <p class='ocr_par' dir='ltr' id='par_1_3' title="bbox 60 2481 1438 2581">
     <span class='ocr_line' id='line_1_33' title="bbox 104 2481 1438 2525; baseline 0.001 -9"><span class='ocrx_word' id='word_1_333' title='bbox 104 2487 115 2504; x_wconf 79' lang='lat'>¹</span> <span class='ocrx_word' id='word_1_334' title='bbox 134 2487 225 2516; x_wconf 86' lang='lat' dir='ltr'><strong>Joan.</strong></span> <span class='ocrx_word' id='word_1_335' title='bbox 245 2493 291 2525; x_wconf 85' lang='lat' dir='ltr'><strong>lv,</strong></span> <span class='ocrx_word' id='word_1_336' title='bbox 320 2483 374 2523; x_wconf 66' lang='lat'><strong>24.</strong></span> <span class='ocrx_word' id='word_1_337' title='bbox 402 2501 442 2505; x_wconf 89' lang='grc'>-</span> <span class='ocrx_word' id='word_1_338' title='bbox 461 2491 472 2505; x_wconf 80' lang='lat'>²</span> <span class='ocrx_word' id='word_1_339' title='bbox 497 2485 567 2515; x_wconf 78' lang='lat' dir='ltr'><strong>lsai.</strong></span> <span class='ocrx_word' id='word_1_340' title='bbox 594 2494 644 2515; x_wconf 77' lang='lat' dir='ltr'><strong>in</strong></span> <span class='ocrx_word' id='word_1_341' title='bbox 660 2508 668 2524; x_wconf 92' lang='lat'>,</span> <span class='ocrx_word' id='word_1_342' title='bbox 698 2495 726 2514; x_wconf 93' lang='lat'><strong>1.</strong></span> <span class='ocrx_word' id='word_1_343' title='bbox 745 2500 786 2506; x_wconf 94' lang='lat'><strong>——</strong></span> <span class='ocrx_word' id='word_1_344' title='bbox 809 2481 821 2505; x_wconf 86' lang='lat'>3</span> <span class='ocrx_word' id='word_1_345' title='bbox 844 2485 922 2516; x_wconf 92' lang='lat' dir='ltr'><strong>Luc.</strong></span> <span class='ocrx_word' id='word_1_346' title='bbox 949 2495 978 2523; x_wconf 87' lang='lat'><strong>1,</strong></span> <span class='ocrx_word' id='word_1_347' title='bbox 1007 2482 1048 2516; x_wconf 71' lang='lat'><strong>35</strong></span> <span class='ocrx_word' id='word_1_348' title='bbox 1066 2501 1107 2507; x_wconf 89' lang='lat'><em>-</em></span> <span class='ocrx_word' id='word_1_349' title='bbox 1126 2482 1141 2512; x_wconf 78' lang='grc'>4</span> <span class='ocrx_word' id='word_1_350' title='bbox 1168 2484 1247 2515; x_wconf 82' lang='lat' dir='ltr'><strong>Psal.</strong></span> <span class='ocrx_word' id='word_1_351' title='bbox 1274 2494 1412 2517; x_wconf 70' lang='lat' dir='ltr'><strong>cxxxviii</strong></span> <span class='ocrx_word' id='word_1_352' title='bbox 1431 2511 1438 2521; x_wconf 78' lang='grc'>,</span> 
     </span>
     <span class='ocr_line' id='line_1_34' title="bbox 60 2537 1366 2581; baseline 0 -10"><span class='ocrx_word' id='word_1_353' title='bbox 60 2551 90 2581; x_wconf 80' lang='lat'><strong>7,</strong></span> <span class='ocrx_word' id='word_1_354' title='bbox 108 2544 138 2571; x_wconf 83' lang='lat'><strong>8.</strong></span> <span class='ocrx_word' id='word_1_355' title='bbox 164 2558 200 2563; x_wconf 85' lang='lat'>—</span> <span class='ocrx_word' id='word_1_356' title='bbox 221 2539 232 2561; x_wconf 75' lang='lat'><em>⁵</em></span> <span class='ocrx_word' id='word_1_357' title='bbox 253 2543 369 2571; x_wconf 78' lang='lat' dir='ltr'><strong>Jerein.</strong></span> <span class='ocrx_word' id='word_1_358' title='bbox 394 2550 486 2578; x_wconf 57' lang='lat' dir='ltr'><strong>xxiii„</strong></span> <span class='ocrx_word' id='word_1_359' title='bbox 505 2540 556 2576; x_wconf 62' lang='lat'><em>¹221.</em></span> <span class='ocrx_word' id='word_1_360' title='bbox 580 2556 619 2561; x_wconf 88' lang='lat'><em>-</em></span> <span class='ocrx_word' id='word_1_361' title='bbox 638 2537 652 2560; x_wconf 72' lang='lat'><strong>0&#39;</strong></span> <span class='ocrx_word' id='word_1_362' title='bbox 672 2541 737 2570; x_wconf 75' lang='lat' dir='ltr'><strong>Gen</strong></span> <span class='ocrx_word' id='word_1_363' title='bbox 770 2550 790 2573; x_wconf 77' lang='grc' dir='ltr'><strong>ι,</strong></span> <span class='ocrx_word' id='word_1_364' title='bbox 821 2552 905 2570; x_wconf 78' lang='lat'><strong>1.-</strong></span> <span class='ocrx_word' id='word_1_365' title='bbox 930 2547 940 2569; x_wconf 60' lang='grc' dir='ltr'><em>Τ</em></span> <span class='ocrx_word' id='word_1_366' title='bbox 962 2539 1044 2571; x_wconf 73' lang='lat' dir='ltr'><strong>thid.</strong></span> <span class='ocrx_word' id='word_1_367' title='bbox 1064 2548 1095 2569; x_wconf 71' lang='lat'><strong>¹2.</strong></span> <span class='ocrx_word' id='word_1_368' title='bbox 1114 2556 1152 2561; x_wconf 46' lang='grc' dir='ltr'><strong>ο-</strong></span> <span class='ocrx_word' id='word_1_369' title='bbox 1173 2538 1186 2560; x_wconf 83' lang='lat'>8</span> <span class='ocrx_word' id='word_1_370' title='bbox 1213 2540 1291 2571; x_wconf 71' lang='lat' dir='ltr'><strong>thid.</strong></span> <span class='ocrx_word' id='word_1_371' title='bbox 1314 2541 1366 2571; x_wconf 65' lang='lat' dir='ltr'><strong>ati.</strong></span> 
     </span>
    </p>
   </div>
  </div>
 </body>
</html>
