1729 3143
197 198 280 238 586
631 205 665 236 s.
700 205 932 235 Aueus‘rnu
964 208 1145 237 nnscom

193 291 290 320 mus
309 275 423 320 enim
446 282 489 317 et
507 272 690 318 vocibus
711 274 920 318 sentimus
934 308 945 330 ,
969 289 1071 319 cum
1092 274 1242 320 dolore
1261 278 1370 322 mori
1389 280 1576 326 animan·

192 348 280 403 tia,
314 345 434 407 quod
461 344 639 406 quidem
668 346 801 391 homo
829 346 1071 392 contemnit
1091 347 1137 391 in
1166 348 1301 393 bestia
1320 384 1330 404 ,
1363 365 1464 395 cum
1492 368 1578 412 qua

192 418 353 464 scilicet
385 417 639 462 rationalem
665 418 854 462 animam
876 433 965 463 non
989 419 1180 463 habente
1199 454 1210 475 ‚
1236 419 1358 465 nulla
1378 421 1486 482 legis
1499 427 1578 469 'so-

191 490 345 533 cietate
368 487 610 545 copulatur.
640 489 726 534 Sed
747 488 920 534 eosdem
942 498 1106 535 vestros
1128 505 1275 536 sensus
1296 491 1342 536 in
1358 492 1580 539 intuendis

190 559 418 605 arboribus
444 574 594 621 quaero
612 595 623 616 ‚
652 570 695 605 et
719 576 794 606 vos
815 576 953 606 caecos
973 577 1147 622 prorsus
1164 563 1359 609 invenio.
1385 567 1442 609 Ut
1463 567 1578 610 enim

190 631 388 677 omittam
405 666 416 687 ,
438 632 560 692 quod
582 630 711 676 nullis
729 634 921 679 motibus
940 633 987 678 in
1008 633 1129 694 ligno
1151 649 1300 680 sensus
1317 634 1478 682 doloris
1499 652 1579 698 ap-

188 712 339 763 paret,
383 702 492 762 quid
523 702 793 749 manifestius
832 719 966 764 quam
1002 713 1109 749 tunc
1141 720 1186 749 se
1221 707 1386 766 optime
1418 707 1580 752 habere

190 775 408 828 arborem,
429 789 529 819 cum
544 774 678 834 viget,
698 789 796 818 cum
814 774 1006 830 frondet,
1024 791 1125 820 cum
1137 775 1319 821 floribus
1336 777 1454 831 laeta,
1466 777 1579 824 fruc-

189 845 306 889 tibus
328 845 537 905 opulenta
558 847 651 890 est?
682 848 736 890 At
757 845 842 890 hoc
859 845 898 889 ei
918 848 1179 906 plerumque
1197 862 1246 891 ac
1259 848 1444 893 maxime
1458 859 1580 908 puta-

189 917 310 962 tione
327 926 572 977 praestatur.
594 916 719 970 Quod
734 916 769 960 si
784 915 950 960 ferrum
965 916 1024 961 510
1039 918 1234 973 sentiret,
1252 927 1304 963 ut
1314 918 1463 976 vultis,
1480 936 1582 966 con-

191 989 433 1034 tabesceret
455 988 599 1048 potius
626 996 691 1032 tot
715 988 934 1048 tantisque
953 988 1107 1033 affecta
1138 987 1393 1054 vulneribus
1409 1024 1421 1046 ,
1447 1006 1579 1051 quam

195 1074 246 1103 ex
259 1059 342 1104 illis
366 1058 586 1119 pullulans
606 1058 727 1115 10015,
752 1068 842 1103 13111
860 1068 977 1104 certa
997 1059 1264 1105 exultatione
1285 1063 1575 1107 reviresceret.

246 1132 338 1175 LX.
378 1133 692 1175 Verumtamen
729 1145 808 1175 cur
844 1135 982 1192 maJ'us
1023 1130 1145 1177 nefas
1185 1133 1346 1191 putatis
1377 1133 1576 1178 animalia

186 1218 319 1263 quam
348 1202 501 1262 stirpes
528 1201 695 1247 caedere
712 1237 723 1258 ,
759 1218 860 1247 cum
880 1202 967 1247 illae
987 1203 1113 1248 vobis
1135 1204 1357 1264 puriorem
1388 1205 1577 1249 animam

185 1289 318 1335 quam
337 1290 486 1319 carnes
503 1275 665 1319 habere
683 1275 947 1320 videantur?
967 1276 1039 1320 Fit
1056 1310 1067 1332 ,
1088 1276 1256 1336 inquit,
1282 1277 1578 1335 compensatio

186 1346 387 1408 quaedam
407 1382 417 1401 ,
454 1361 556 1391 cum
578 1362 756 1403 eorum,
793 1362 893 1408 quae
926 1347 981 1392 de
1017 1347 1127 1406 agris
1157 1347 1444 1403 auferuntur,
1479 1363 1577 1407 pars

147 1414 150 1419 ’
185 1417 329 1479 aliqua
360 1418 489 1463 datur
517 1417 664 1463 electis
695 1418 943 1479 sanctisque
977 1417 1220 1478 purganda.
1252 1420 1348 1463 Jam
1381 1419 1578 1478 superius

184 1490 265 1534 ista
287 1488 490 1534 frustrata
512 1498 640 1545 sunt,
669 1490 859 1550 satisque
880 1488 1228 1534 demonstratum
1246 1498 1336 1545 est,
1360 1498 1578 1549 quantum

184 1561 381 1605 existimo
400 1596 410 1617 ,
444 1560 566 1605 nulla
595 1561 762 1605 ratione
783 1560 869 1605 dici
885 1596 897 1617 ‚
923 1558 1022 1621 plus
1043 1575 1133 1605 esse
1156 1560 1202 1604 in
1225 1559 1427 1620 frugibus
1443 1561 1577 1620 partis

183 1631 298 1676 illius
321 1632 449 1676 bonae
472 1646 604 1692 quarn
626 1631 670 1675 in
699 1631 917 1676 carnibus.
946 1630 1031 1676 Sed
1052 1632 1086 1676 si
1107 1630 1348 1676 vendendis
1370 1632 1574 1676 carnibus

184 1703 349 1748 victum
365 1704 554 1763 quisque
571 1710 802 1758 sustentet,
820 1713 951 1762 atque
969 1717 1098 1747 omne
1113 1701 1209 1747 talis
1223 1702 1389 1762 negotii
1405 1701 1577 1747 lucrum

184 1775 228 1818 in
251 1773 446 1817 emendis
465 1773 706 1818 electorum
731 1782 973 1818 vestrorum
996 1773 1104 1818 cibis
1126 1783 1355 1818 consumat
1372 1809 1384 1830 ‚
1408 1773 1577 1833 plures-

184 1861 269 1907 que
301 1846 389 1890 istis
419 1845 573 1889 afferat
607 1845 763 1890 sanctis
791 1860 906 1890 escas
932 1861 1066 1906 quam
1094 1844 1278 1904 agricola
1303 1855 1346 1890 et
1363 1846 1572 1903 rusticus,

183 1932 330 1962 nonne
361 1916 513 1961 eadem
543 1918 896 1977 compensatione
926 1917 1006 1961 sibi
1030 1917 1264 1961 animantia
1297 1916 1426 1962 licere
1454 1919 1573 1978 peri-

182 2004 300 2033 mere
325 1988 596 2033 clamitabit?
623 1990 725 2044 Est,
757 1988 927 2049 inquit,
954 1988 1035 2032 alia
1061 1987 1263 2049 quaedam
1292 1989 1574 2034 secretissima

182 2061 305 2105 ratio.
331 2062 430 2106 Non
452 2060 570 2104 enim
588 2059 709 2105 deest
722 2060 892 2105 homini
910 2059 1069 2105 callido
1087 2058 1292 2105 adversus
1311 2060 1509 2106 indoctos
1527 2063 1572 2106 in

182 2142 350 2178 naturae
372 2133 637 2178 obscuritate
649 2132 916 2192 perfugium.
944 2132 1152 2178 Coelestes
1175 2133 1307 2189 enim,
1334 2133 1419 2188 ait,
1449 2133 1573 2193 prin-

182 2205 296 2265 cipes
310 2239 321 2260 ,
342 2204 418 2265 qui
442 2203 497 2248 de
515 2213 642 2262 gente
659 2204 938 2248 tenebrarum
957 2204 1072 2263 capti
1091 2213 1223 2264 atque
1239 2203 1376 2249 vincti
1390 2239 1402 2260 ,
1428 2220 1453 2249 a
1469 2219 1577 2249 con-

185 2276 325 2321 ditore
362 2275 516 2321 mundi
549 2276 595 2320 in
626 2275 709 2320 illis
744 2274 932 2321 ordinati
967 2283 1067 2320 sunt
1100 2275 1207 2320 locis
1231 2311 1242 2332 ,
1281 2276 1369 2320 sua'
1390 2276 1577 2336 quisque

184 2347 374 2407 possidet
396 2347 442 2390 in
460 2356 575 2391 terra
594 2345 796 2391 animalia
814 2381 826 2401 ,
852 2347 908 2390 de
929 2361 1008 2391 suo
1029 2346 1191 2391 scilicet
1209 2361 1365 2406 genere
1381 2361 1430 2391 ac
1446 2348 1578 2408 stirpe

184 2417 402 2462 venientia
435 2436 443 2462 ε
475 2417 552 2477 qui
583 2425 883 2477 peremptores
909 2432 1061 2462 eorum
1092 2432 1184 2462 reos
1207 2426 1359 2461 tenent
1378 2452 1389 2472 ,
1419 2432 1501 2462 nec
1521 2417 1576 2461 de

186 2489 269 2532 hoc
296 2486 462 2533 mundo
482 2488 596 2532 exire
618 2488 877 2548 permittunt
895 2523 905 2544 ,
932 2489 1158 2549 poenisque
1180 2488 1277 2533 illos
1298 2488 1456 2549 quibus
1473 2503 1570 2545 pos-

187 2567 290 2605 sunt
310 2593 320 2612 ,
353 2568 396 2604 et
415 2559 682 2605 cruciatibus
700 2567 908 2605 atterunt.
930 2560 1036 2613 Quis
1053 2560 1355 2619 imperitorum
1372 2559 1465 2604 haec
1481 2573 1570 2605 non
