1729 3143
246 131 326 170 164
462 139 495 169 S·
532 139 761 167 AUGth'rml
793 138 973 163 Eplscom
1008 137 1061 162 DE
1091 134 1381 163 CATAGLYSMO.

237 216 346 251 esset
364 220 558 265 corpore,
585 204 694 247 viam
720 201 821 245 vitae
838 200 927 245 filio
949 199 1277 245 demonstrabat
1298 202 1344 244 in
1365 198 1511 245 corde.
1541 198 1622 242 Ille

236 291 336 322 eum
356 291 490 320 manu
507 271 696 317 ducebat
712 271 758 314 in
775 279 887 314 terra
902 305 913 325 ,
934 279 977 314 et
1003 279 1125 329 pater
1154 270 1376 315 monendo
1397 285 1498 315 eum
1517 284 1622 328 per-
1688 279 1693 306 ἱ

235 346 426 391 ducebat
446 343 502 387 ad
520 339 697 385 coelum.
724 340 958 384 Imitentur
986 339 1279 384 adolescentes
1305 341 1466 399 Joseph
1497 353 1624 383 sanc·
1689 329 1692 344 ⁴

234 425 329 460 tum
346 449 357 469 ,
382 412 616 473 pulchrum
636 425 843 470 corpore,
863 410 1160 470 pulchriorem
1175 419 1322 454 mente
1345 429 1354 454 ε
1377 423 1510 469 quem
1527 425 1621 453 cas-

232 485 332 528 titas
353 483 412 526 sic
442 478 691 540 possederat
706 514 718 536 ‚
742 488 792 524 ut
813 480 1026 525 irruentes
1055 480 1185 524 minae
1207 479 1398 525 dominae
1431 478 1626 523 mulieris
1691 531 1695 546 ί

211 560 214 563 ’
232 551 467 611 impudicae
483 565 574 596 non
593 559 772 610 possent
792 565 894 594 eum
912 550 1090 606 violare,
1116 565 1198 595 nec
1219 559 1381 605 mente,
1413 564 1493 593 nec
1522 563 1623 593 cor-

231 636 336 681 pore
353 655 365 677 ‚
390 622 514 681 cujus
530 622 622 681 jam
639 624 753 665 Deus
777 619 1026 680 possederat
1048 629 1257 665 mentem.
1286 620 1520 663 Imitentur
1538 617 1628 662 vir-

230 692 350 751 gines
381 701 544 737 sanctae
575 699 772 736 sanctam
800 691 975 735 Domini
997 691 1064 735 sui
1091 699 1276 735 matrem
1298 690 1495 734 Mariam.
1521 688 1629 731 Imi-

235 770 386 807 tentur
400 760 545 807 viduae
559 761 804 820 religiosam
816 760 994 806 viduam
1006 763 1180 806 Annam
1196 778 1206 804 ι
1225 759 1453 803 imitentur
1470 766 1513 801 et
1529 772 1630 801 con·
1692 770 1696 808 ῑ

224 832 389 891 jugatae
403 842 563 877 castam
576 834 833 877 Susannam.
850 831 985 890 Virgo
997 839 1136 875 mater
1149 827 1415 889 quodvovit‚
1430 825 1629 885 implevit

230 904 358 946 Anna
369 901 505 946 vidua
517 902 563 946 in
580 902 850 947 orationibus
871 909 914 945 et
930 901 1106 961 jejuniis
1119 914 1257 960 usque
1271 899 1318 942 in
1331 898 1466 942 finem
1479 910 1626 955 perse·

234 972 475 1015 verantiam
500 972 640 1015 tenuit
663 990 672 1016 2
699 974 895 1015 Susanna
916 979 1032 1014 casta
1061 985 1140 1028 pro
1171 967 1384 1026 pudicitia
1410 964 1632 1025 conjugali
1694 975 1696 979 '

230 1053 369 1097 usque
385 1038 440 1079 ad
454 1039 698 1094 periculum
717 1036 867 1076 mortis
887 1033 1080 1075 accessit.
1108 1031 1333 1075 Intendite
1357 1034 1601 1092 conjugatae
1617 1067 1629 1088 ‚
1694 1031 1697 1077 i

229 1105 371 1166 qualis
389 1104 514 1149 vobis
535 1103 666 1162 hujus
683 1117 707 1145 a
727 1101 950 1160 Scriptura
969 1109 1117 1145 sancta
1134 1100 1321 1146 imitatio
1337 1110 1626 1160 proponatur.

231 1179 332 1223 Non
353 1176 472 1219 enim
493 1188 590 1218 eam
612 1171 837 1232 praedicat,
861 1170 983 1232 quod
1004 1171 1140 1216 fuerit
1161 1186 1285 1227 auro,
1306 1171 1544 1216 monilibus
1562 1171 1632 1216 vel

231 1255 351 1291 veste
371 1245 558 1304 pretiosa
576 1243 815 1287 forinsecus
836 1250 1011 1301 compta
1026 1276 1036 1296 ‚
1072 1256 1175 1285 cum
1205 1239 1338 1286 fuerit
1369 1241 1632 1286 intrinsecus
1696 1247 1698 1265 ff

233 1315 404 1376 pudore
425 1313 630 1359 castitatis
649 1322 816 1357 ornata.
841 1312 1058 1356 Omnibus
1079 1311 1215 1356 vitam
1233 1310 1431 1367 donavit,
1454 1312 1530 1371 qui
1548 1313 1630 1356 bo-
1696 1299 1698 1309 ’

235 1402 314 1431 nos
336 1400 476 1429 mores
497 1383 700 1428 instituit.
719 1387 953 1442 Propterea
970 1396 1160 1442 namque
1174 1383 1264 1441 ipse
1287 1382 1351 1426 vir
1370 1381 1425 1426 de
1447 1380 1631 1426 foemina

237 1467 300 1502 est
321 1457 440 1501 nasci
461 1454 662 1514 dignatus
677 1488 689 1511 ‚
714 1454 819 1514 quia
840 1453 895 1498 ab
918 1455 1009 1513 ipso
1031 1462 1217 1512 uterque
1240 1468 1363 1496 sexus
1387 1462 1452 1497 est
1475 1452 1635 1496 libera·
1696 1486 1704 1508 ἡ

236 1538 322 1573 tus.
347 1526 487 1572 Multa
508 1527 711 1581 diximus,
734 1524 1020 1569 intentissime
1043 1523 1244 1579 audistis,
1270 1523 1420 1583 epulas
1440 1523 1632 1568 domini·
1697 1554 1700 1569 .

240 1614 311 1644 cas
332 1596 615 1642 libentissime
636 1595 881 1641 comedistis
908 1611 918 1636 ε
943 1593 1171 1654 rependite
1192 1594 1330 1638 vicem
1351 1593 1634 1637 ministratori

242 1677 403 1724 vestro,
423 1676 473 1713 ut
493 1667 528 1712 si
543 1682 633 1713 non
654 1666 804 1724 verbo,
829 1665 983 1712 saltem
1003 1666 1154 1711 vestris
1176 1664 1448 1711 orationibus
1464 1677 1628 1723 pascar.
