1729 3143
176 181 259 221 294
607 194 637 217 s.
675 190 905 218 Auousmm
939 193 1119 220 muscon

173 271 399 316 nunquam
437 270 513 298 nos
535 253 667 296 fuisse
687 254 901 312 sapientes
926 274 934 299 :
961 255 1149 300 attendis
1171 258 1286 300 enim
1313 266 1483 317 tempus
1503 273 1554 302 ex

173 326 318 385 quoin
333 326 443 367 hanc
458 323 588 366 vitam
604 323 872 368 natisumus.
897 325 979 369 Sed
1002 340 1102 368 cum
1124 325 1334 384 sapientia
1348 326 1394 370 in
1411 328 1554 372 animo

170 397 247 450 sit,
273 405 419 438 utrum
448 401 549 436 ante
575 393 842 438 consortium
868 395 997 454 hujus
1029 394 1335 469 corporis-alia
1367 397 1556 455 quadam

169 466 257 509 vita
289 462 442 506 vixerit
480 462 676 517 animus,
711 473 754 507 et
788 479 843 507 an
875 463 1112 524 aliquando
1136 466 1354 524 sapienter
1374 466 1552 521 vixerit,

171 548 324 590 magna
347 532 528 591 quaestio
551 541 634 587 est,
669 549 878 592 magnum
910 545 1124 579 secretum
1143 570 1154 590 ‚
1186 545 1229 579 et
1249 551 1328 580 suo
1356 537 1556 580 conside-

169 603 355 648 randum
375 602 471 647 loco
494 622 503 648 :
528 619 672 664 neque
691 605 790 649 ideo
813 614 959 649 tamen
973 607 1057 650 hoc
1074 608 1196 666 quod
1213 621 1331 650 nunc
1344 607 1557 651 habemus

169 674 215 717 in
238 674 438 717 manibus
455 672 693 732 impeditur
709 709 720 729 ‚
745 676 979 734 quominus
1002 677 1219 735 aperiatur
1236 685 1284 719 ut
1302 684 1459 734 potest.

228 745 369 787 XXV.
386 745 495 788 Nam
513 759 663 802 quaero
687 744 761 787 abs
783 753 842 798 te,
867 745 1000 788 sit-ne
1019 744 1163 804 aliqua
1183 745 1310 789 nobis
1329 744 1560 788 voluntas?

170 815 222 857 Ε.
246 812 415 856 Nescio.
439 816 491 857 A.
510 813 668 856 Vis-ne
684 813 768 857 hoc
783 814 920 857 scire?
942 817 994 857 E.
1016 817 1073 858 Et
1089 816 1173 859 hoc
1188 815 1349 859 nescio.
1372 818 1425 858 A.
1442 813 1561 858 Nihil

168 897 268 938 ergo
293 882 497 938 deinceps
520 897 589 923 me
610 883 865 937 interroges.
892 886 943 922 E.
970 886 1146 931 Quare?
1170 887 1225 924 Α.
1256 883 1368 933 Quia
1391 884 1562 937 roganti

167 953 249 995 tibi
272 950 533 1010 respondere
553 965 643 993 non
666 949 833 1004 debeo,
859 949 940 992 nisi
960 949 1125 993 volenti
1146 950 1255 994 scire
1277 949 1398 1010 quod
1420 965 1558 1008 rogas.

168 1020 336 1066 Deinde
358 1021 438 1064 nisi
452 1019 556 1063 velis
574 1018 628 1061 ad
646 1018 901 1077 sapientiam
918 1019 1160 1077 pervenire,
1183 1035 1324 1064 sermo
1347 1029 1490 1064 tecum
1507 1020 1561 1064 de

166 1090 418 1149 hujusmodi
440 1089 569 1132 rebus
592 1104 681 1132 non
700 1098 762 1132 est
783 1088 1027 1132 habendus.
1060 1092 1285 1134 Postremo
1310 1105 1432 1134 meus
1455 1091 1562 1134 ami·
1627 1086 1629 1088 ¹

166 1175 241 1204 cus
265 1174 355 1202 esse
377 1174 467 1201 non
490 1158 650 1217 poteris
664 1193 674 1212 ⁷
701 1158 783 1201 nisi
805 1157 908 1201 velis
930 1168 981 1201 ut
1002 1159 1115 1202 bene
1138 1159 1192 1203 sit
1209 1159 1330 1203 mihi.
1355 1162 1559 1205 Jamvero

166 1229 221 1273 de
243 1239 285 1272 te
308 1238 355 1272 tu
377 1229 468 1287 ipse
490 1227 648 1272 videris
668 1263 678 1282 ‚
700 1238 848 1272 utrum
872 1228 952 1272 tibi
982 1229 1182 1273 voluntas
1205 1229 1327 1274 nulla
1348 1231 1402 1274 sit
1422 1231 1561 1274 beatae

166 1299 268 1343 vitae
283 1307 387 1341 tuae.
412 1300 463 1340 E.
485 1301 643 1341 Fateor
665 1332 676 1352 ‚
701 1297 849 1354 negari
863 1312 952 1340 non
969 1307 1112 1356 potest
1130 1299 1291 1341 habere
1309 1314 1387 1343 nos
1406 1300 1561 1344 volun-

164 1378 300 1414 tatem
325 1384 334 1409 ε
367 1383 499 1426 perge
510 1369 601 1426 jam
617 1401 628 1420 ,
652 1367 876 1410 videamus
900 1367 1008 1426 quid
1031 1368 1132 1411 hinc
1150 1369 1371 1413 conficias.
1393 1373 1444 1414 A.
1472 1373 1559 1414 Fa-

166 1439 275 1482 ciam
295 1456 305 1481 :
325 1434 399 1479 sed
426 1435 496 1479 dic
522 1436 654 1479 etiam
686 1436 806 1494 prius
821 1470 833 1490 ‚
866 1445 1015 1479 utrum
1039 1446 1082 1480 et
1105 1437 1265 1481 bonam
1288 1438 1561 1483 voluntatem

166 1518 211 1552 te
231 1507 393 1551 habere
415 1505 586 1549 sentias.
609 1508 660 1549 E.
687 1504 805 1558 Quid
827 1515 891 1550 est
915 1506 1031 1551 hona
1056 1507 1292 1552 voluntas?
1314 1512 1367 1553 A.
1394 1508 1595 1563 Volun-⁸,

166 1588 231 1623 tas
266 1592 352 1635 qua
381 1576 624 1635 appetimus
653 1585 770 1620 recte
802 1576 1073 1636 honesteque
1097 1578 1240 1622 vivere
1256 1613 1267 1633 ‚
1291 1588 1335 1622 et
1365 1579 1422 1623 ad
1443 1593 1562 1623 sum·
1585 1582 1595 1619 1

167 1662 283 1692 mam
301 1647 555 1705 sapientiam
577 1647 818 1704 pervenire.
855 1646 988 1692 Modo
1012 1657 1061 1691 tu
1090 1648 1190 1692 vide
1221 1658 1371 1693 utrum
1398 1659 1561 1694 rectam
1588 1681 1596 1710 1

169 1719 486 1775 honestamque
509 1732 598 1760 non
615 1726 792 1775 appetas
812 1717 963 1770 vitam,
985 1727 1059 1760 aut
1077 1733 1168 1760 esse
1185 1719 1355 1777 sapiens
1376 1734 1466 1763 non
1485 1733 1561 1763 ve·
1587 1729 1592 1736 ‘

167 1788 394 1831 hementer
415 1785 520 1829 velis
536 1821 547 1840 ⁷
573 1795 647 1829 aut
664 1795 780 1829 certe
802 1801 960 1843 negare
982 1785 1141 1830 audeas
1159 1820 1169 1841 ,
1195 1802 1297 1830 cum
1315 1788 1410 1831 haec
1434 1787 1561 1832 volu-

166 1871 265 1900 mus
296 1871 376 1899 nos
417 1855 580 1898 habere
620 1855 892 1899 voluntatem
926 1856 1101 1898 bonam.
1148 1858 1201 1899 E.
1248 1855 1367 1902 Nihil
1400 1857 1559 1901 horum

169 1941 283 1984 nego
299 1960 310 1979 ,
333 1934 375 1969 et
400 1934 627 1984 propterea
648 1941 716 1969 me
745 1940 834 1969 non
850 1924 989 1969 solum
1012 1924 1286 1969 voluntatem
1303 1960 1315 1980 ‚
1339 1925 1415 1969 sed
1430 1927 1560 1970 etiam

171 1996 332 2039 bonam
351 1994 623 2039 voluntatem
641 1997 730 2054 jam
753 1995 914 2038 habere
937 1994 1163 2038 confiteor.
1188 1997 1240 2038 A.
1262 1995 1425 2048 Quanti
1453 2011 1563 2054 pen-

173 2065 262 2120 dis,
299 2081 375 2109 oro
402 2074 471 2119 te,
502 2066 614 2109 hanc
637 2065 944 2109 voluntatem?
972 2062 1292 2123 numquidnam
1321 2065 1361 2108 ei
1385 2063 1476 2109 ulla
1508 2080 1562 2109 ex

175 2143 297 2194 parte
319 2135 490 2178 divitias
505 2169 515 2189 ‚
541 2143 618 2178 aut
639 2135 828 2178 honores
844 2168 855 2187 ,
891 2142 966 2177 aut
982 2132 1228 2192 voluptates
1245 2135 1437 2193 corporis
1450 2169 1461 2189 ‚
1487 2144 1563 2179 aut

171 2205 266 2248 haec
309 2204 438 2247 simul
471 2204 616 2248 omnia
657 2202 922 2248 conferenda
961 2203 1182 2247 arbitraris
1201 2205 1217 2244 ?
1258 2206 1309 2246 E.
1346 2204 1563 2248 Averterit

173 2276 287 2316 Deus
327 2274 452 2316 istam
480 2273 731 2317 sceleratam
769 2272 1048 2316 dementiam.
1089 2276 1142 2316 A.
1182 2275 1425 2316 Parum-ne
1457 2288 1560 2331 ergo

174 2341 451 2398 gaudendum
471 2352 532 2385 est
549 2342 707 2386 habere
721 2356 798 2385 nos
817 2341 1025 2402 quiddam
1044 2342 1088 2385 in
1104 2341 1265 2395 animo,
1290 2342 1406 2386 hane
1421 2342 1557 2401 ipsam

175 2411 272 2456 dico
295 2413 455 2457 bonam
478 2412 747 2459 voluntatem
766 2448 778 2469 ,
803 2414 849 2457 in
875 2414 998 2472 cujus
1015 2412 1338 2472 comparatione
1355 2413 1559 2472 abjectis-

172 2481 278 2525 sima
306 2482 390 2526 sint
421 2498 471 2527 ea
495 2500 594 2543 quae
622 2483 1081 2537 commemoravimus,
1105 2497 1184 2542 pro
1213 2482 1373 2542 quibus
1397 2481 1558 2541 adipis-
