1729 3143
60 316 163 420 S.
227 313 560 417 AUR.
621 308 1430 414 AUGUSTINI

381 532 791 573 HIPPONENSIS
825 532 1102 570 EPISCOPI

727 692 767 714 DE

115 850 633 929 TEMPORE
696 846 1360 926 BARBARICO.

47 1045 712 1079 ‘Prssxsssswssflwffss-{fflfflffl-‘ssrffifflrff3⁶&
723 1045 784 1073 ’θ’-Θ
795 1045 855 1073 '‘QX-8
873 1043 1291 1074 Qfflssssecss-Qwss-Qssssuffi-
1296 1040 1435 1075 -ἒζκὲ--ἓῦ-ῗθ

621 1192 652 1241 S
657 1192 696 1239 E
704 1192 743 1239 R
748 1192 844 1239 ΜΟ
853 1228 863 1238 .

110 1366 145 1407 1.
182 1364 400 1407 Amanum
421 1360 632 1406 Dominus
651 1362 767 1404 Deus
788 1367 936 1404 noster
954 1393 965 1414 ,
989 1373 1081 1403 non
1096 1373 1176 1404 nos
1193 1359 1353 1404 debere
1370 1376 1444 1405 ne-

52 1433 212 1492 gligere
245 1441 392 1476 nostra
424 1439 624 1490 peccata,
656 1429 836 1489 quando
869 1429 1000 1473 talem
1035 1427 1303 1474 demonstrat
1337 1430 1446 1476 iram

52 1518 188 1547 suam.
231 1505 328 1561 Ipse
350 1502 514 1560 quippe
543 1502 659 1560 juste
693 1499 822 1558 punit
842 1507 1102 1554 nocentem,
1136 1500 1238 1560 quia
1272 1500 1444 1546 nullum

51 1574 220 1617 invenit
261 1571 565 1630 poenitentem.
599 1569 804 1625 Quoties,
842 1568 1125 1625 dilectissimi,
1155 1569 1446 1616 intonuerunt

53 1653 184 1704 atque
217 1643 419 1686 intonant
446 1643 567 1686 tubae
596 1641 754 1685 divinae
780 1658 790 1685 ε
820 1640 985 1700 «Agite
1007 1640 1311 1700 poenitentiam
1330 1678 1341 1698 ,
1367 1658 1448 1704 ap-

53 1732 74 1754 »
101 1712 413 1772 propinquavit
434 1712 550 1755 enim
573 1709 629 1756 ad
648 1726 724 1755 vos
746 1725 930 1769 regnum
949 1710 1193 1756 coelorum?
1210 1730 1229 1754 »
1253 1715 1311 1757 Et
1327 1712 1446 1758 clau·

50 1784 105 1828 sis
133 1784 309 1827 auribus
331 1781 496 1837 cordis,
521 1782 655 1840 magis
679 1797 912 1842 operamur
938 1781 1052 1827 mala
1069 1817 1080 1838 ,
1113 1792 1156 1828 et
1182 1784 1371 1843 petimus
1392 1794 1443 1830 ut

0 1875 1 1880 ¹
49 1853 226 1898 veniant
246 1853 376 1897 bona.
398 1851 482 1898 Sed
499 1851 651 1896 talium
660 1853 878 1913 judicium
894 1854 1062 1912 justum
1078 1854 1184 1899 dicit
1197 1869 1286 1899 esse
1302 1858 1443 1915 Apos-

0 1894 2 1982 ἱ
50 1923 179 1968 tolus.
207 1926 260 1967 In
281 1938 332 1968 eo
356 1923 474 1967 enim
496 1923 589 1982 ipso
612 1922 733 1983 quod
755 1923 857 1968 talia
878 1924 1053 1983 sapiunt
1076 1925 1151 1985 qui
1176 1924 1282 1970 tales
1311 1936 1413 1971 sunt
1428 1961 1439 1982 ,

50 2009 100 2037 ex
118 1993 239 2037 malis
260 1993 466 2052 operibus
481 2009 603 2053 posse
626 2009 669 2038 se
690 1994 806 2038 bona
827 1995 1044 2054 suscipere
1058 2029 1069 2049 ,
1094 1994 1301 2039 obdurati
1319 2005 1438 2050 sunt,

50 2064 323 2124 poenitentiae
345 2064 492 2108 locum
513 2080 603 2109 non
632 2065 878 2125 requirunt.
905 2066 1062 2111 Merito
1089 2067 1205 2126 juste
1223 2065 1436 2126 judicati,

0 2115 4 2196 ἱ
51 2135 127 2194 qui
151 2149 174 2178 a
195 2134 430 2193 semetipsis
447 2134 731 2179 inveniuntur
753 2151 842 2180 esse
862 2136 1071 2182 damnati.
1093 2139 1214 2182 Licet
1231 2153 1320 2182 non
1343 2153 1440 2182 om-

0 2197 5 2263 }
50 2220 125 2248 nes
141 2213 289 2262 tangat
307 2203 378 2247 hic
394 2213 541 2248 noster
554 2220 711 2261 sermo,
739 2221 889 2251 omnes
914 2216 1062 2252 tamen
1082 2208 1278 2266 astringit
1302 2223 1442 2253 sermo

52 2274 225 2318 divinus
259 2273 406 2318 dicens
434 2293 442 2318 :
485 2276 686 2319 «Omnes
716 2274 1068 2332 declinaverunt,
1104 2277 1235 2322 simul
1264 2278 1439 2323 inutiles

53 2363 74 2385 n
103 2344 207 2388 facti
229 2353 351 2399 sunt,
376 2360 467 2389 non
489 2346 646 2406 estqui
668 2345 798 2391 faciat
818 2347 1009 2403 bonum,
1034 2363 1124 2392 non
1144 2357 1208 2392 est
1226 2363 1365 2408 usque
1382 2348 1434 2393 ad

54 2432 74 2456 »
102 2417 284 2457 unum¹.
305 2432 324 2455 »
350 2415 580 2467 Quomodo
612 2431 784 2472 omnes,
820 2425 862 2460 et
889 2419 1113 2476 quomodo
1145 2433 1236 2462 non
1261 2421 1436 2463 omnes?

52 2482 283 2537 Quomodo
305 2499 394 2529 non
416 2499 565 2530 omnes
583 2488 600 2530 Ρ
622 2486 729 2539 Quia
747 2495 848 2532 sunt
863 2487 990 2532 multi
1004 2488 1077 2547 qui
1097 2499 1277 2547 gemunt
1299 2488 1434 2533 etdo-

99 2575 109 2590 ¹
130 2567 207 2601 psal,
231 2579 304 2609 xm,
319 2569 349 2600 8.

5 2594 7 2618 Ι

5 2622 8 2670 ὲ

6 2672 8 2694 ῐ

6 2696 9 2816 i
