1729 3143
168 193 189 203 ,
219 168 304 208 370
660 176 693 205 s.
729 176 959 206 Aucusnm
990 179 1172 207 El’lscol’l

210 260 301 291 non
322 253 464 305 potest
478 277 489 298 ‚
516 250 648 286 restet
670 251 720 287 ut
740 244 868 287 miser
889 243 957 288 sit.
984 245 1066 297 Qui
1082 253 1231 288 autem
1251 244 1350 303 plus
1373 256 1490 292 amat
1513 261 1602 292 esse
1622 299 1625 302 ,

216 332 347 378 quam
369 315 462 359 odit
482 314 611 357 miser
628 328 739 369 esse,
765 313 1009 392 adjiciendo
1034 316 1090 359 ad
1110 315 1156 359 id
1173 314 1293 375 quod
1317 325 1432 361 amat
1449 351 1460 372 ‚
1485 318 1605 378 quod

221 387 312 432 odit
333 384 566 443 excludat3
585 399 687 429 cum
709 385 825 430 enim
841 386 888 430 in
905 401 983 431 suo
1007 401 1164 446 genere
1185 385 1379 446 perfecte
1399 402 1489 432 esse
1512 403 1606 433 000-

223 457 356 517 perit,
381 455 512 500 miser
533 471 624 500 non
645 458 740 500 erit.

278 528 425 571 XXII.
459 529 570 573 Nam
586 526 700 571 illud
719 526 820 572 vide
836 542 969 587 quam
987 528 1173 572 absurbe
1190 536 1234 572 et
1250 529 1609 574 inconvenienter

223 596 429 642 dicatur:
454 596 631 642 Mallem
652 613 743 643 non
764 613 854 642 esse
871 614 1003 659 quam
1024 600 1153 643 miser
1174 615 1278 644 esse.
1299 600 1384 653 Qui
1403 600 1519 645 enim
1539 599 1610 644 di-

220 668 280 712 cit
299 686 308 713 :
332 667 510 713 Mallem
531 670 614 714 hoc
636 684 769 729 quam
786 669 919 724 illud,
939 669 1061 729 eligit
1082 670 1266 732 aliquid.
1287 673 1385 717 Non
1409 686 1499 715 esse
1529 686 1611 715 au-
1660 722 1666 727 .
1728 680 1729 684 ’

221 748 310 783 tem
330 755 421 784 non
443 749 507 784 est
527 740 692 800 aliquid
706 775 718 796 ‚
742 740 818 784 sed
840 740 950 784 nihil
972 760 981 786 ε
1007 751 1050 786 et
1071 743 1169 787 ideo
1191 742 1315 786 nullo
1340 751 1467 801 pacto
1489 751 1612 801 potes

221 820 336 854 recte
358 810 531 870 eligere,
556 811 734 872 quando
763 811 885 868 quod
907 811 1037 870 eligas
1060 829 1150 865 non
1179 823 1257 858 est.
1283 814 1396 858 Dicis
1428 812 1540 858 velle
1570 804 1618 857 te*

221 881 400 942 quidem
422 898 511 927 esse
527 917 538 936 ‚
559 898 660 927 cum
683 884 739 928 sis
762 883 912 938 miser,
937 883 1013 927 sed
1035 900 1125 929 non
1143 885 1227 929 hoc
1250 883 1363 929 velle
1391 884 1608 928 debuisse.

223 953 339 1006 Quid
360 954 493 1012 igitur
520 952 632 997 velle
664 951 855 997 debuisti
877 957 894 997 Ξ)
917 957 1014 999 Non
1037 970 1149 1010 esse,
1178 955 1321 1015 inquis
1338 989 1350 1009 ‚
1384 956 1542 1013 potius.
1571 955 1615 1000 Si

221 1024 306 1069 hoc
322 1024 434 1069 velle
451 1024 642 1068 debuisti
659 1059 670 1080 ‚
693 1025 778 1069 hoc
795 1033 859 1069 est
879 1024 1035 1069 melius
1057 1045 1067 1071 ε
1092 1026 1212 1086 quod
1224 1034 1384 1069 *autem
1413 1040 1503 1069 non
1520 1034 1583 1069 est
1599 1059 1611 1080 ‚

222 1096 376 1140 melius
399 1111 488 1141 esse
505 1111 595 1141 non
613 1105 755 1156 potest
778 1116 786 1142 z
807 1113 897 1141 non
918 1112 1021 1156 ergo
1049 1097 1093 1141 id
1121 1097 1234 1142 velle
1256 1096 1470 1154 debuisti3
1492 1112 1617 1141 vera·
1686 1142 1687 1159 ζ

222 1168 401 1228 ciorque
417 1183 566 1213 sensus
579 1177 642 1213 est
656 1185 745 1229 quo
761 1169 807 1212 id
825 1184 915 1212 non
932 1169 1011 1222 vis,
1029 1184 1163 1228 quam
1181 1169 1372 1228 opinatio
1390 1183 1466 1227 per
1483 1181 1617 1228 quam
1686 1168 1688 1218 ῤ
1727 1184 1729 1200 ⁵

224 1248 267 1284 te
283 1238 330 1282 id
348 1238 459 1283 velle
481 1240 682 1297 debuisse
704 1240 941 1284 arbitraris.
965 1239 1134 1283 Deinde
1148 1239 1268 1299 quod
1288 1240 1473 1300 quisque
1500 1246 1616 1282 recte

224 1308 344 1367 eligit
375 1310 695 1368 appetendum,
735 1325 836 1355 cum
870 1310 925 1353 ad
960 1309 1006 1352 id
1040 1310 1285 1369 pervenerit
1300 1344 1310 1364 ‚
1348 1324 1521 1353 necesse
1553 1316 1615 1352 est

224 1378 376 1423 melior
397 1380 473 1423 fiat
493 1399 504 1426 ε
530 1380 684 1425 melior
705 1389 852 1424 autem
874 1395 964 1424 esse
986 1395 1075 1424 non
1093 1380 1278 1439 poterit,
1299 1379 1375 1440 qui
1393 1394 1483 1423 non
1503 1379 1584 1422 erit
1603 1396 1613 1422 ε
1688 1429 1689 1435 ¹

225 1465 354 1494 nemo
375 1450 508 1508 igitur
532 1460 647 1495 recte
676 1459 818 1510 potest
849 1451 1008 1510 eligere
1040 1460 1090 1495 ut
1112 1466 1202 1495 non
1224 1450 1293 1495 sit.
1327 1453 1478 1511 Neque
1501 1449 1619 1493 enim
1688 1462 1689 1503 ζ

225 1520 391 1565 moveri
421 1535 500 1565 nos
528 1530 701 1581 oportet
732 1537 883 1566 eorum
906 1521 1091 1582 judicio,
1128 1521 1205 1581 qui
1233 1530 1416 1580 urgente
1448 1519 1619 1564 miseria

222 1606 311 1635 sese
334 1592 665 1638 interemerunt.
693 1595 779 1638 Aut
801 1594 919 1637 enim
941 1608 993 1637 eo
1011 1592 1334 1652 confugerunt,
1367 1591 1446 1636 ubi
1464 1588 1618 1635 melius

223 1661 319 1706 fore
339 1663 420 1706 sibi
438 1673 679 1723 putarunt3
705 1673 747 1708 et
770 1679 860 1709 non
877 1674 939 1708 est
961 1664 1230 1709 contrarium
1253 1663 1412 1708 rationi
1429 1671 1588 1707 nostrae
1603 1695 1615 1716 ‚
1651 1682 1659 1683 ff
1723 1677 1729 1703 ε

225 1749 404 1794 quoquo
422 1735 554 1780 modo
573 1736 824 1794 putaverint
846 1755 855 1781 :
877 1745 952 1780 aut
974 1737 1009 1780 si
1026 1735 1170 1780 nullos
1188 1751 1232 1780 se
1247 1734 1419 1779 futuros
1436 1734 1618 1778 omnino

225 1804 532 1861 crediderunt,
558 1806 699 1850 multo
731 1807 874 1851 minus
907 1805 1013 1851 falsa
1046 1806 1200 1850 electio
1231 1805 1341 1850 nihil
1363 1804 1620 1864 eligentium

223 1877 527 1921 commovebit.
550 1877 783 1931 Quomodo
805 1878 922 1922 enim
951 1892 1107 1936 sequar
1127 1876 1360 1935 eligentem
1376 1909 1387 1929 ‚
1422 1890 1445 1918 a
1468 1890 1558 1934 quo
1585 1874 1620 1918 si
1725 1910 1729 1917 .

219 1963 413 2007 quaeram
436 1949 542 2010 quid
562 1950 712 2008 eligat,
739 1949 1022 2009 respondebit
1044 1968 1052 1993 :
1078 1948 1230 1994 Nihil?
1253 1950 1363 1993 Nam
1390 1947 1467 2007 qui
1499 1946 1621 2005 eligit
1726 1978 1729 1988 t

221 2033 310 2063 non
331 2035 419 2064 esse
434 2055 445 2076 ,
471 2020 668 2080 profecto
685 2036 729 2066 se
747 2019 857 2066 nihil
876 2020 1056 2080 eligere,
1078 2019 1210 2064 etiam
1232 2019 1266 2063 si
1285 2019 1371 2064 hoc
1392 2017 1505 2063 nolit
1527 2032 1621 2062 res-

226 2090 442 2148 pondere,
463 2092 762 2137 convincitur.

282 2164 452 2207 XXIII.
490 2165 802 2208 Verumtamen
823 2170 872 2206 ut
889 2162 944 2206 de
960 2162 1042 2206 hac
1060 2170 1151 2206 tota
1167 2176 1235 2216 re,
1254 2160 1288 2205 si
1304 2169 1459 2220 potero
1478 2159 1621 2203 dicam
1692 2208 1695 2214 ¹

223 2234 344 2293 quod
362 2234 516 2279 sentio.
545 2237 684 2280 Nemo
704 2234 811 2278 mihi
829 2232 1024 2289 videtur,
1049 2248 1150 2278 cum
1172 2247 1216 2276 se
1233 2232 1376 2291 ipsum
1399 2238 1527 2274 necat
1544 2235 1622 2273 aut
1643 2248 1646 2249 ⁷
1694 2225 1698 2283 ’,

227 2306 579 2365 quolibetsmodo
600 2306 737 2351 emori
756 2304 878 2365 cupit
894 2342 905 2363 ,
935 2305 1095 2348 habere
1111 2304 1159 2347 in
1179 2317 1308 2346 sensu
1325 2337 1337 2357 ‚
1371 2301 1494 2362 quod
1525 2307 1621 2359 post

229 2387 413 2422 mortem
435 2394 526 2423 non
547 2378 600 2422 sit
622 2376 795 2422 futurus
815 2398 826 2435 3
858 2376 1030 2421 tametsi
1051 2375 1324 2436 aliquantum
1348 2373 1432 2417 hoc
1458 2372 1503 2416 in
1527 2370 1620 2429 opi-

233 2446 364 2491 nione
386 2449 558 2493 habeat.
583 2451 694 2495 Nam
717 2448 865 2508 opinio
893 2456 968 2492 aut
993 2447 1038 2491 in
1059 2461 1231 2501 errore,
1269 2453 1344 2489 aut
1365 2444 1413 2487 in
1439 2441 1620 2487 veritate

238 2518 530 2563 ratiocinantis
553 2529 642 2573 est,
667 2519 737 2563 vel
751 2517 966 2564 credentis
988 2535 997 2563 ε
1019 2532 1167 2563 sensus
1185 2524 1330 2560 autem
1344 2523 1420 2558 aut
1437 2526 1621 2556 consue-
