1729 3143
573 227 626 255 nn
657 226 826 266 Gunzsr,
862 227 945 255 nn.
981 228 1012 253 1.
1399 213 1481 254 447

101 289 309 336 viridibus
326 326 337 346 ,
363 291 409 336 id
429 299 494 336 est
513 326 523 347 ,
548 292 795 351 vigentibus
809 326 820 346 ,
844 306 944 351 quae
964 289 1088 335 nullo
1104 298 1211 335 aestu
1232 289 1484 335 tribulatio-

99 375 206 405 num
229 362 392 421 possint
411 377 615 407 arescere.
641 362 726 407 Sed
743 361 945 421 spiritalis
966 361 1026 406 sic
1048 360 1139 406 istis
1156 360 1372 405 alimentis
1393 375 1487 420 pas-

100 431 213 475 citur
231 467 241 487 ,
278 442 326 477 ut
350 432 488 477 multa
515 432 731 492 intelligat
755 451 764 477 :
791 432 973 477 carnalis
1001 442 1146 477 autem
1163 467 1174 488 ‚
1199 432 1244 476 id
1267 440 1330 477 est
1349 467 1361 487 ,
1385 447 1486 491 par-

100 501 228 547 vulus
257 503 301 547 in
331 504 531 558 Christo,
556 512 765 564 tanquam
797 518 930 562 pecus
952 504 1054 559 Dei,
1092 512 1142 548 ut
1173 501 1311 547 multa
1341 503 1489 547 credat

99 587 200 632 quae
214 571 457 632 intelligere
477 573 678 619 nondum
699 580 841 633 potest
862 592 871 618 :
896 582 1042 617 tamen
1064 572 1238 618 eosdem
1256 573 1377 618 cibos
1398 587 1490 618 om-

99 657 176 687 nes
192 642 376 688 habent.

156 715 275 758 XLI.
303 715 441 774 Hujus
465 723 610 759 autem
633 715 770 759 aetatis
797 714 921 775 quasi
949 728 1155 774 vespera,
1186 729 1285 774 quae
1319 715 1490 758 utinam

99 798 178 828 nos
195 799 285 829 non
298 785 493 830 inveniat
508 821 519 841 ,
542 786 576 830 si
597 795 744 830 tamen
762 786 961 830 nondum
978 786 1114 844 coepit
1130 820 1140 840 ,
1161 784 1233 828 illa
1251 793 1313 829 est
1331 783 1386 829 de
1403 799 1491 845 qua

98 856 310 900 Dominus
330 855 436 901 dicit
459 876 466 901 :
493 875 512 898 «
533 860 663 901 Putas
686 872 785 901 cum
808 856 953 901 veniet
977 855 1111 900 Filius
1132 855 1317 900 hominis
1334 890 1344 909 ‚
1370 855 1491 899 inve-

104 946 122 968 »
148 927 239 971 niet
270 927 402 972 fidem
439 944 568 985 super
597 937 756 969 terram
775 931 786 950 ¹
804 929 823 966 ἵ
841 943 862 966 »
890 929 990 968 Post
1010 927 1136 968 istam
1159 941 1385 985 vesperam
1417 927 1493 970 fiet

98 1011 226 1041 mane
240 1032 253 1051 ‚
277 1012 377 1041 cum
399 997 490 1056 ipse
514 995 723 1040 Dominus
744 996 789 1039 in
810 994 1004 1039 claritate
1026 1003 1238 1039 venturus
1263 1005 1327 1040 est
1349 1015 1356 1041 :
1386 1005 1492 1041 tunc

99 1068 374 1128 requiescent
396 1084 496 1112 cum
520 1067 693 1113 Christo
713 1067 767 1111 ab
790 1066 993 1111 omnibus
1013 1067 1216 1126 operibus
1238 1067 1324 1112 suis
1341 1067 1369 1111 ii
1392 1068 1494 1129 qui-

99 1138 182 1183 bus
205 1138 373 1183 dictum
396 1148 460 1184 est
481 1159 490 1185 :
525 1158 544 1181 «
565 1141 715 1183 Estote
736 1136 917 1198 perfecti
935 1173 945 1192 ,
971 1138 1082 1182 sieut
1106 1141 1232 1182 Pater
1252 1146 1394 1182 vester
1415 1138 1509 1199 qui'

103 1226 124 1252 »
150 1209 196 1252 in
217 1208 337 1253 coelis
358 1218 422 1253 est
438 1212 471 1252 ².
500 1228 520 1250 »
550 1208 672 1253 Tales
697 1209 812 1252 enim
847 1207 1015 1252 faciunt
1049 1224 1179 1267 opera
1209 1209 1325 1253 bona
1347 1209 1489 1254 valde.

103 1281 203 1324 Post
225 1279 341 1322 enim
363 1279 464 1323 talia
487 1295 617 1339 opera
640 1278 852 1339 speranda
872 1287 935 1323 est
958 1280 1126 1340 requies
1149 1280 1195 1324 in
1217 1279 1287 1323 die
1309 1281 1493 1339 septimo

102 1350 178 1410 qui
196 1365 421 1409 vesperam
443 1365 534 1394 non
556 1350 703 1394 habet.
729 1349 861 1395 Nullo
879 1365 982 1410 ergo
1004 1348 1136 1395 modo
1153 1350 1296 1395 verbis
1313 1350 1399 1395 dici
1414 1366 1495 1410 po-

102 1429 185 1465 test
220 1420 595 1481 quemadmodum
628 1424 742 1465 Deus
773 1420 952 1477 fecerit,
987 1430 1031 1466 et
1057 1421 1301 1467 condiderit
1331 1421 1494 1467 coelum

104 1500 148 1536 et
174 1501 332 1536 terram
364 1500 407 1536 et
435 1507 611 1536 omnem
634 1501 877 1537 creaturam
899 1507 1031 1553 quam
1062 1491 1260 1538 condidit
1282 1512 1292 1538 z
1317 1492 1393 1537 sed
1414 1493 1496 1538 ista

104 1563 317 1623 expositio
340 1578 416 1622 per
438 1562 636 1607 ordinem
655 1562 825 1608 dierum
855 1563 915 1608 sic
941 1564 1106 1608 indicat
1130 1573 1339 1624 tanquam
1360 1563 1496 1609 histo-

103 1635 212 1678 riam
254 1649 400 1678 rerum
439 1633 652 1679 factarum
680 1669 691 1691 ,
744 1643 793 1679 ut
847 1634 1203 1695 praedicationem
1243 1633 1495 1680 futurorum

105 1705 290 1749 maxime
306 1707 522 1750 observet.

163 1777 301 1820 XLII.
339 1776 382 1821 Si
411 1787 552 1821 autem
584 1774 773 1835 aliquem
808 1784 953 1822 movet
974 1775 1094 1836 quod
1116 1776 1162 1820 in
1183 1776 1273 1821 istis
1295 1776 1495 1821 aetatibus

104 1846 251 1891 saeculi
283 1846 390 1891 duas
424 1856 571 1892 aetates
600 1847 759 1907 primas
781 1846 903 1892 denis
934 1849 1287 1907 generationibus
1308 1847 1497 1894 adverti-

106 1932 203 1961 mus
222 1917 426 1976 explicari
443 1953 454 1972 ,
479 1927 564 1962 tres
583 1928 729 1962 autem
747 1927 1063 1979 consequentes
1085 1919 1268 1978 singulae
1285 1928 1496 1979 quatuor-

106 1987 246 2033 decim
274 1989 624 2048 generationibus
659 1999 975 2045 contexuntur,
1001 2000 1116 2035 sexta
1139 2006 1241 2035 vero
1263 1991 1342 2035 ista
1371 1989 1496 2037 nullo

108 2060 440 2118 generationum
476 2074 660 2104 numero
698 2058 875 2104 definita
913 2069 976 2105 est
1002 2082 1013 2119 3
1053 2059 1179 2105 facile
1217 2070 1280 2105 est
1310 2060 1460 2107 videre
1481 2096 1492 2118 ,

107 2131 235 2174 etiam
259 2130 304 2174 in
334 2146 605 2191 unoquoque
627 2132 804 2176 homine
828 2131 935 2176 duas
969 2132 1129 2192 primas
1156 2141 1326 2188 aetates,
1351 2132 1496 2178 infan-

107 2201 211 2247 tiam
229 2211 272 2247 et
288 2202 519 2262 pueritiam
538 2237 548 2258 ‚
573 2203 766 2263 corporis
783 2204 978 2248 sensibus
996 2205 1224 2250 inhaerere.
1245 2205 1331 2258 Qui
1348 2220 1496 2250 sensus

108 2274 298 2333 corporis
320 2274 517 2335 quinque
539 2283 642 2318 sunt
660 2294 670 2332 3
693 2274 810 2319 visus
827 2309 838 2330 ‚
874 2274 1048 2319 auditus
1066 2311 1076 2331 ,
1108 2275 1317 2332 olfactus,
1345 2287 1495 2337 gustus

109 2353 152 2389 et
168 2354 308 2390 tactus
328 2365 336 2391 ε
359 2346 582 2406 quinarius
599 2354 743 2390 autem
762 2361 969 2391 numerus
986 2346 1234 2408 duplicatus
1250 2384 1260 2404 ‚
1287 2350 1494 2409 quoniam

109 2414 270 2475 duplex
298 2425 361 2460 est
384 2432 507 2461 sexus
528 2418 768 2473 humanus,
793 2417 913 2462 unde
936 2419 1232 2477 generationes
1254 2420 1360 2466 tales
1384 2420 1494 2465 exis·

109 2495 210 2531 tunt
226 2522 236 2542 ,
261 2487 524 2532 masculinus
546 2497 588 2531 et
601 2487 879 2548 foemiuinu33
905 2489 1128 2550 quinarius
1152 2505 1281 2551 ergo,
1308 2500 1356 2537 ut
1378 2491 1487 2546 dixi,

161 2580 165 2591 ¹
189 2575 263 2606 Luc.
284 2584 376 2615 svm,
395 2578 426 2607 8v
444 2592 482 2597 -
496 2582 505 2596 ²
527 2574 639 2607 Matth.
661 2585 691 2617 v,
711 2575 763 2617 318.
