1729 3143
250 201 336 242 476
675 212 708 241 ε.
746 212 977 240 AUGUSTINI
1010 214 1190 241 zmscom

250 280 389 326 donec
418 282 463 324 in
492 279 714 323 meliorem
741 287 908 338 partem
946 278 1216 323 consuetudo
1248 279 1462 324 flectatur.
1498 280 1628 334 Quod

249 367 349 396 cum
371 351 643 409 provenerit,
669 350 792 410 quasi
812 358 936 394 natus
959 358 1021 393 est
1038 349 1151 394 filius
1168 385 1178 405 ‚
1203 349 1250 394 id
1273 359 1336 394 est
1351 385 1362 405 ‚
1387 349 1441 394 ad
1463 351 1628 395 bonum

250 437 357 481 opus
379 430 553 481 paratus
573 430 636 465 est
657 422 839 466 affectus
856 437 933 481 per
949 421 1308 466 consuetudinem
1323 421 1498 466 bonam.
1522 425 1630 475 Quae
1679 426 1682 432 ’
1720 447 1724 454 v

249 491 519 536 consuetudo
537 500 587 535 ut
603 501 864 548 nasceretur,
883 507 982 536 cum
1005 491 1154 537 dolore
1168 492 1430 537 reluctatum
1448 501 1512 536 est
1523 508 1630 537 con-

249 561 469 605 suetudini
491 561 630 605 malae.
657 564 765 608 Nam
789 571 832 606 et
864 561 974 606 illud
997 562 1117 622 quod
1138 571 1234 621 post
1267 571 1441 622 partum
1465 563 1631 606 dictum

249 642 313 677 est
331 652 340 677 z
372 652 388 673 «
409 634 504 677 Erit
520 633 601 677 tibi
623 634 845 678 conversio
870 633 925 678 ad
943 634 1086 678 virum
1108 643 1257 689 tuum,
1291 642 1334 678 et
1353 633 1444 693 ipse
1462 633 1528 678 tui
1550 633 1632 678 do-

255 724 272 745 »
298 703 561 748 minabitur:
587 723 606 746 »
645 719 790 749 nonne
826 703 977 748 multae
1003 720 1052 749 ac
1085 719 1221 764 prope
1254 719 1404 749 omnes
1433 703 1634 748 mulieres

250 773 505 818 absentibus
533 774 634 818 viris
663 775 749 818 suis
779 775 982 833 pariunt,
1008 783 1051 818 et
1071 783 1169 833 post
1189 783 1364 833 partum
1391 789 1435 818 se
1462 773 1517 817 ad
1538 773 1635 818 illos

250 858 341 888 non
363 846 660 888 convertunt?
684 846 793 895 Quae
822 853 966 887 autem
988 845 1186 902 superbae
1208 853 1310 888 sunt
1331 843 1532 887 mulieres
1549 879 1560 898 ‚
1593 851 1636 887 et

250 913 533 958 dominantur
555 914 655 957 viris
670 947 680 966 ‚
705 913 923 971 numquid
938 921 1035 970 post
1056 923 1228 970 partum
1246 923 1394 958 carent
1409 914 1492 958 hoc
1509 913 1633 968 vino,

250 993 299 1029 ut
319 985 400 1029 viri
422 999 569 1028 earum
595 983 907 1027 dominentur?
930 986 1023 1027 Imo
1046 984 1168 1043 quasi
1190 984 1443 1043 dignitatem
1468 984 1549 1028 sibi
1566 983 1637 1028 ad-

251 1056 385 1100 ditam
410 1054 593 1099 credunt
610 1088 620 1108 ‚
647 1054 766 1113 quod
790 1063 946 1098 matres
968 1055 1106 1109 fiunt,
1132 1064 1174 1099 et
1200 1055 1457 1115 plerumque
1487 1071 1638 1114 super-

252 1127 392 1170 biores
420 1125 622 1169 existunt.
655 1124 772 1178 Quid
801 1125 881 1169 sibi
918 1140 1020 1184 ergo
1055 1126 1172 1180 vult,
1207 1126 1327 1186 quod
1354 1136 1637 1186 posteaquam

256 1197 422 1241 dictum
444 1205 508 1240 est
531 1215 539 1240 :
559 1215 577 1237 «
593 1198 642 1239 In
661 1194 884 1240 doloribus
902 1196 1039 1255 paries
1057 1195 1182 1251 filios,
1202 1214 1222 1237 »
1244 1195 1442 1240 additum
1460 1206 1539 1250 est,
1561 1206 1638 1241 «et

257 1288 274 1308 »
302 1268 382 1310 erit
405 1266 484 1311 tibi
508 1267 734 1310 conversio
762 1267 817 1310 ad
838 1267 978 1310 virum
1000 1276 1143 1327 tuum,
1169 1276 1212 1311 et
1234 1267 1323 1326 ipse
1347 1267 1412 1311 tui
1439 1267 1638 1312 domina-

256 1356 276 1378 »
304 1338 423 1381 bitur
439 1372 449 1391 ‚
474 1355 494 1378 »
520 1337 599 1380 nisi
621 1337 723 1396 quia
746 1336 819 1381 illa
835 1352 932 1395 pars
950 1338 1121 1392 animae,
1147 1353 1246 1397 quae
1268 1337 1514 1382 carnalibus
1533 1353 1639 1396 gau-

254 1407 335 1451 diis
358 1416 532 1451 tenetur
549 1442 559 1461 ,
585 1422 686 1451 cum
712 1406 902 1466 aliquam
925 1407 1082 1450 malam
1105 1407 1465 1452 consuetudinem
1489 1406 1638 1452 volens

251 1478 441 1532 vincere,
467 1493 588 1537 passa
610 1477 743 1521 fuerit
764 1477 1067 1522 difficultatem
1096 1493 1145 1522 ac
1173 1477 1369 1523 dolorem
1384 1513 1395 1533 ‚
1425 1487 1557 1537 atque
1578 1479 1638 1523 ita

253 1549 470 1609 pepererit
492 1547 853 1593 consuetudinem
878 1548 1038 1592 bonam
1058 1583 1069 1602 ‚
1100 1549 1267 1593 cautius
1280 1550 1369 1609 jam
1392 1557 1435 1592 et
1453 1547 1638 1608 diligen-

254 1620 338 1664 tius
369 1619 526 1663 rationi
549 1618 822 1678 obtemperat
838 1627 1048 1678 tanquam
1070 1619 1180 1675 viro,
1211 1628 1253 1663 et
1274 1619 1374 1678 ipsis
1397 1612 1519 1679 quasi
1539 1634 1640 1664 eru-

254 1689 343 1734 dita
366 1689 590 1734 doloribus
612 1690 882 1734 convertitur
904 1688 959 1733 ad
981 1690 1190 1735 rationem
1204 1725 1215 1745 ‚
1239 1698 1281 1734 et
1304 1689 1490 1734 libenter
1509 1690 1639 1735 servit

249 1761 445 1820 jubenti,
471 1775 526 1803 ne
544 1761 700 1803 iterum
715 1760 759 1802 in
773 1757 959 1819 aliquam
979 1759 1263 1817 perniciosam
1278 1758 1639 1805 consuetudinem

255 1831 419 1875 defluat
437 1832 454 1874 {³
470 1833 557 1874 Ista
569 1845 671 1889 ergo
686 1845 785 1889 quae
799 1828 1003 1873 videntur
1017 1829 1265 1885 maledicta,
1284 1839 1502 1889 praecepta
1518 1840 1636 1886 sunt,

255 1903 289 1946 si
311 1917 401 1946 non
423 1901 652 1946 carnaliter
679 1900 886 1960 spiritalia
907 1900 1116 1960 legamus.
1148 1920 1164 1941 «
1184 1904 1271 1945 Lex
1303 1902 1419 1945 enim
1440 1902 1640 1962 spiritalis

258 1992 278 2014 »
304 1975 412 2017 est1.
438 1991 458 2014 ))

314 2046 456 2088 ΧΧΧ.
494 2046 606 2088 Item
627 2043 682 2087 de
705 2043 918 2088 sententia
939 2044 1035 2099 ista,
1060 2058 1159 2104 quae
1180 2042 1348 2103 prolata
1362 2052 1425 2088 est
1437 2043 1483 2088 in
1496 2044 1639 2103 ipsum

256 2115 414 2170 virum,
436 2114 543 2175 quid
561 2113 791 2158 dicemus?
813 2114 1037 2174 Numquid
1053 2112 1163 2158 forte
1178 2114 1347 2169 divites,
1367 2114 1527 2174 quibus
1541 2130 1641 2174 pro-

257 2185 376 2229 venit
397 2184 629 2229 facillimus
646 2185 784 2229 victus
801 2219 811 2239 ‚
839 2199 981 2244 neque
998 2185 1044 2228 in
1061 2193 1173 2228 terra
1192 2193 1442 2244 operantur,
1462 2185 1641 2229 evasisse

258 2256 383 2300 istam
415 2270 593 2315 poenam
627 2254 898 2299 existimandi
932 2264 1033 2298 sunt
1054 2289 1065 2309 ‚
1104 2270 1189 2314 qua
1216 2254 1375 2299 dicitur
1411 2275 1419 2300 :
1463 2274 1483 2297 «
1505 2255 1636 2300 Male-

259 2344 279 2366 »
307 2325 421 2370 dicta
441 2335 553 2369 terra
571 2325 651 2369 erit
672 2325 751 2368 tibi
769 2325 812 2368 in
831 2325 1034 2369 omnibus
1052 2325 1254 2384 operibus
1277 2325 1377 2380 tuis,
1403 2325 1447 2368 in
1470 2325 1641 2370 tristitia

259 2413 279 2436 »
306 2405 348 2439 et
373 2397 537 2455 gemitu
559 2405 636 2440 tuo
661 2395 944 2439 manducabis
977 2411 1027 2438 ex
1051 2411 1100 2440 ea
1126 2395 1330 2440 omnibus
1357 2395 1510 2439 diebus
1539 2396 1641 2439 vitre

261 2483 281 2506 »
309 2475 393 2510 tuae
414 2482 422 2508 :
447 2467 588 2526 spinas
605 2476 649 2511 et
666 2465 848 2512 tribulos
865 2466 1002 2526 pariet
1022 2466 1101 2511 >tibi
1113 2501 1124 2521 ‚
1147 2475 1189 2511 et
1207 2465 1307 2511 edes
1325 2465 1535 2525 pabulum
1548 2467 1639 2523 agri

307 2556 314 2571 ¹
336 2551 426 2582 Rom.
446 2562 505 2591 vn,
525 2551 576 2592 14.
