1729 3143
238 203 320 243 384
668 218 699 242 s.
736 215 966 243 Aucuszrrm
999 217 1180 245 EPISCOPI

294 282 500 325 XXXIX.
529 278 777 323 Videndum
795 289 859 324 est
875 280 1003 325 etiam
1020 280 1147 337 illud,
1163 290 1312 325 utrum
1328 298 1427 327 vere
1444 283 1613 329 dicatur
1656 263 1662 269 ι
1684 272 1687 321 Ᾰ
1728 292 1729 305 ’

232 350 423 410 aliquam
450 358 650 393 naturam
679 358 848 394 naturae
876 351 1051 395 alterius
1080 351 1185 396 vitio
1209 353 1430 412 corrumpi
1448 388 1460 409 ‚
1490 354 1614 399 nullo

235 419 439 479 adjuncto
456 419 560 463 vitio
586 434 679 464 suo.
703 419 746 464 Si
773 421 888 464 enim
910 430 1066 465 natura
1086 437 1186 482 quae
1202 421 1369 467 accedit
1389 438 1490 467 cum
1509 424 1614 469 vitio

231 505 308 534 suo
330 490 385 533 ad
409 489 536 534 aliam
554 490 918 551 corrumpendam
933 526 944 547 ‚
976 507 1067 537 non
1087 492 1134 536 in
1155 508 1206 537 ea
1226 493 1510 553 corruptibile
1533 493 1616 538 ali-

231 559 338 620 quid
359 560 549 616 invenit‚
580 576 670 606 non
687 577 781 608 eam
803 564 1058 623 corrumpit.
1087 565 1130 609 Si
1154 573 1299 609 autem
1315 564 1508 620 invenit,
1538 563 1616 609 ad-

224 631 379 690 juncto
410 631 501 691 ejus
524 632 630 677 vitio
655 634 981 693 corruptionem
1012 635 1102 694 ejus
1130 643 1349 694 operatur.
1389 634 1614 679 Potentior

230 702 347 746 enim
370 703 425 746 ab
444 703 680 749 infirmiore
701 705 736 748 si
762 705 983 764 corrumpi
1003 705 1139 760 nolit,
1171 721 1262 750 non
1287 706 1581 765 corrumpitur
1602 725 1610 750 ε

229 773 264 817 si
303 781 449 817 autem
479 772 606 829 velit,
638 774 756 834 prius
793 774 945 834 incipit
980 790 1057 820 suo
1083 775 1189 820 vitio
1221 776 1441 836 corrumpi
1479 790 1613 836 quam

232 842 387 888 alieno.
404 843 600 905 AEqualis
615 854 762 889 autem
780 844 835 889 ab
860 844 1017 904 aequali
1037 845 1320 890 nihilominus
1342 846 1376 889 si
1398 845 1618 905 corrumpi

229 914 369 970 nolit,
403 930 493 960 non
526 924 682 973 potest.
714 918 826 959 Nam
862 930 1153 975 quaecumque
1184 925 1340 960 natura
1375 932 1475 960 cum
1512 916 1618 962 vitio
1721 909 1729 948 i

229 984 285 1030 ad
302 1001 396 1030 eam
414 1001 514 1045 quae
537 985 627 1028 sine
645 984 749 1029 vitio
777 994 861 1039 est,
887 995 937 1029 ut
962 995 1213 1045 corrumpat
1238 986 1426 1041 accedit,
1458 1002 1509 1031 eo
1525 987 1619 1046 ipso

228 1072 320 1102 non
350 1056 516 1102 accedit
539 1055 738 1115 aequaIiS‚
775 1055 851 1100 sed
877 1055 1090 1101 infirmior
1111 1057 1217 1102 vitio
1235 1072 1329 1101 suo.
1355 1057 1398 1102 Si
1415 1072 1518 1102 vero
1536 1073 1618 1117 po-

228 1129 389 1174 tentior
413 1127 715 1172 invalidiorem
736 1128 1002 1187 corrumpit,
1039 1138 1114 1173 aut
1144 1129 1370 1188 utriusque
1397 1129 1504 1173 vitio
1531 1129 1581 1172 fit
1601 1163 1612 1183 ‚

229 1199 263 1243 si
280 1198 509 1259 utriusque
526 1213 657 1257 prava
680 1198 919 1257 cupiditate
936 1199 1008 1255 fit3
1041 1207 1117 1242 aut
1143 1198 1248 1242 vitio
1271 1197 1527 1257 potentioris
1544 1232 1554 1251 ,
1583 1199 1617 1242 si

226 1278 395 1314 naturae
417 1278 535 1313 tanta
553 1268 801 1328 praestantia
820 1277 903 1322 est,
930 1276 979 1312 ut
995 1265 1246 1311 inferiorem
1262 1283 1395 1327 quam
1417 1282 1616 1312 corrum-

225 1342 311 1399 pit,
346 1340 474 1384 etiam
496 1339 648 1384 vitiosa
674 1338 908 1398 praecedat.
936 1339 1038 1391 Quis
1061 1338 1177 1382 enim
1201 1347 1316 1381 recte
1333 1338 1613 1397 vituperave-

228 1411 283 1454 rit
303 1410 473 1454 fructus
501 1419 648 1464 terrae,
681 1408 801 1469 quod
833 1408 1031 1452 homines
1055 1409 1112 1451 eis
1139 1423 1229 1452 non
1256 1416 1436 1451 utantur
1471 1408 1582 1452 bene
1600 1443 1611 1463 ‚

227 1480 510 1540 corruptique
526 1480 632 1524 vitio
649 1494 728 1523 suo
740 1514 756 1534 ,
775 1487 1058 1537 corrumpant
1081 1493 1151 1522 eos
1169 1477 1392 1522 abutendo
1410 1477 1463 1522 ad
1486 1478 1616 1522 luxu·

226 1552 334 1595 riam
361 1568 372 1594 .·
397 1565 497 1595 cum
531 1559 679 1594 tamen
713 1549 916 1593 dubitare
945 1549 1157 1594 dementis
1188 1549 1242 1593 sit
1268 1550 1616 1608 praestantiorem

226 1622 605 1682 potentioremque
641 1636 731 1665 esse
759 1620 948 1665 hominis
978 1629 1179 1664 naturam
1215 1621 1346 1664 etiam
1381 1620 1580 1665 vitiosam
1601 1656 1612 1676 ‚

226 1709 358 1752 quam
380 1708 470 1737 non
491 1692 663 1737 vitiosas
684 1707 881 1752 quasque
903 1690 1081 1750 fruges?

284 1766 376 1807 XL.
404 1766 551 1807 Potest
568 1763 696 1806 etiam
718 1762 812 1805 fieri
834 1771 883 1805 ut
905 1761 1094 1820 aliquam
1119 1761 1370 1806 inferiorem
1394 1762 1614 1820 potentior

227 1843 382 1878 natura
399 1842 678 1892 corrumpat,
703 1841 746 1876 et
764 1833 846 1876 hoc
868 1831 1030 1875 nullius
1054 1847 1202 1876 earum
1229 1832 1332 1875 vitio
1355 1832 1430 1875 fiat
1450 1850 1459 1874 :
1486 1831 1614 1892 siqui-

226 1903 326 1948 dem
359 1904 515 1948 vitium
551 1903 732 1947 dicimus
750 1937 761 1958 ,
801 1900 918 1961 quod
959 1902 1275 1961 vituperatione
1313 1901 1496 1960 dignum
1528 1911 1607 1946 est.

226 1975 332 2028 Quis
347 1984 491 2019 autem
504 1973 572 2018 vel
588 1973 804 2034 frugalem
821 1974 1043 2018 hominem
1061 1973 1170 2016 nihil
1185 1972 1304 2016 aliud
1322 1973 1376 2016 de
1391 1972 1608 2032 frugibus,

225 2061 357 2105 quam
392 2044 692 2105 supplementa
721 2053 889 2089 naturae
922 2043 1229 2103 quaeritantem
1261 2044 1508 2103 vituperare
1531 2059 1612 2088 au-

225 2117 325 2161 deat
342 2151 353 2172 ‚
389 2125 465 2161 aut
481 2115 654 2160 easdem
675 2113 818 2173 fruges
837 2113 958 2174 quod
979 2130 1059 2158 usu
1082 2114 1283 2159 ciborum
1305 2115 1395 2174 ejus
1413 2129 1613 2158 corrum-

224 2188 420 2246 pantur?
448 2185 560 2230 Talis
594 2185 710 2229 enim
741 2200 822 2229 nec
856 2184 1010 2228 usitate
1039 2185 1260 2244 corruptio
1291 2185 1477 2240 dicitur,
1508 2185 1612 2244 quia

223 2257 408 2301 maxime
425 2256 517 2302 vitii
538 2271 698 2300 nomen
723 2255 834 2301 solet
855 2270 945 2299 esse
967 2257 1204 2315 corruptio.
1235 2258 1344 2300 Nam
1368 2265 1412 2300 et
1432 2254 1544 2299 illud
1565 2255 1612 2299 in

224 2328 354 2372 rebus
376 2327 501 2372 facile
524 2325 811 2372 animadverti
828 2335 996 2386 potest,
1022 2326 1142 2387 quod
1162 2325 1420 2386 plerumque
1441 2326 1486 2369 in
1508 2325 1610 2369 nul-

223 2396 287 2441 los
315 2415 417 2443 usus
440 2396 663 2457 explendae
693 2396 943 2455 indigentiae
969 2412 1056 2439 suae
1079 2405 1233 2439 natura
1256 2396 1473 2454 potentior
1495 2394 1608 2438 infe-

225 2467 382 2512 riorem
407 2469 646 2527 corrumpit
662 2503 672 2523 ⁷
697 2467 767 2511 vel
784 2467 963 2527 justitiae
990 2466 1142 2510 ordine
1164 2467 1270 2510 dum
1293 2466 1481 2510 vindicat
1511 2464 1606 2508 cul-

226 2551 323 2595 pam
345 2573 355 2592 ⁷
381 2553 429 2581 ex
454 2554 540 2597 qua
563 2536 711 2596 regula
731 2571 742 2592 ‚
777 2535 888 2580 illud
905 2536 1069 2581 dictum
1094 2544 1157 2580 est
1179 2537 1231 2580 ab
1252 2534 1458 2594 Apostolo
1482 2553 1490 2578 :
1520 2553 1539 2576 «
1564 2535 1608 2578 Si
