1729 3143
209 207 261 245 38
632 209 664 238 s.
703 203 932 236 Aucvsrrm
965 202 1146 234 Episcopi

200 279 359 325 addere
376 278 498 338 quasi
520 274 696 320 tertium
714 275 853 314 Deum
873 289 883 315 z
907 270 1010 330 'quia
1029 273 1158 314 Pater
1174 278 1219 314 et
1235 269 1370 314 Filius
1391 279 1434 314 et
1453 270 1590 330 Spiri-

200 360 269 393 tus
283 356 454 391 sanetus
473 359 583 389 unus
601 349 664 385 cst
684 344 810 383 Deus.
832 339 900 383 Sic
916 339 1093 382 credite.

256 421 375 462 XIV.
415 415 618 473 Sequitur
637 419 732 470 post
753 410 971 454 Trinitatis
1001 409 1442 465 commendationem,
1467 424 1592 454 sanc-

195 498 283 533 tam
308 485 556 531 Ecclesiam.
579 484 912 524 Demonstratus
929 488 993 523 est
1009 482 1123 523 Deus
1140 488 1183 523 et
1198 479 1414 538 templum
1440 479 1589 537 ipsius.

198 576 220 600 «
257 552 487 612 Templum
522 550 639 594 enim
661 550 738 593 Dei
761 558 962 593 sanctum
991 558 1070 603 est,
1100 550 1160 592 ait
1192 549 1442 608 Apostolus,
1472 548 1594 608 quod

195 644 216 667 »
252 625 351 667 estis
375 623 492 666 vos1.
515 624 647 679 »Ipsa
670 628 734 663 est
757 617 950 663 Ecclesia
971 628 1135 674 sancta,
1159 619 1353 663 Ecclesia
1374 634 1479 673 una,
1506 616 1593 662 Ec·-

191 694 321 739 clesia
340 708 457 747 vera,
484 691 678 736 Ecclesia
697 689 926 744 catholica,
945 699 1096 734 contra
1114 705 1262 734 omnes
1284 691 1468 734 haereses
1484 702 1596 748 pug-

188 776 297 809 nans
314 779 322 804 :
345 777 545 823 pugnare
558 771 723 821 potest,
743 761 982 820 expugnari
999 769 1146 803 tamen
1165 773 1254 804 non
1271 768 1428 818 potest.
1447 761 1595 803 Haere-

193 850 257 880 ses
285 850 436 879 omnes
465 834 520 877 de
547 833 620 877 illa
639 833 852 887 exierunt,
874 841 1085 891 tanquam
1109 840 1323 875 sarmenta
1351 830 1522 874 inutilia
1540 830 1595 874 de

198 907 288 950 vite
303 905 503 965 praecisa:
522 904 611 962 ipsa
627 913 771 947 autem
783 912 932 947 manet
948 903 995 945 in
1013 903 1157 946 radice
1170 917 1263 956 sua,
1279 901 1325 944 in
1341 901 1428 945 vite
1443 915 1535 956 sua,
1552 901 1599 945 in

198 976 411 1020 charitate.
423 990 513 1019 sua.
534 976 677 1017 Portae
689 973 933 1017 inferorum
945 988 1034 1017 non
1052 973 1229 1017 vincent
1246 985 1356 1016 eam.

263 1042 363 1091 XV.
414 1044 728 1088 Remissionem
768 1051 1062 1103 peccatorum.
1113 1043 1292 1086 Habetis
1339 1041 1597 1098 Symbolum

193 1117 394 1176 perfecte
413 1116 458 1159 in
479 1114 619 1170 vobis,
645 1113 825 1174 quando
847 1115 1145 1172 baptizamini.
1165 1117 1304 1157 Nemo
1321 1112 1458 1156 dicat:
1479 1111 1598 1156 Illud

192 1186 293 1240 feci,
330 1186 445 1229 forte
478 1191 568 1226 non
602 1184 710 1227 mihi
744 1182 997 1226 dimittitur.
1024 1181 1142 1234 Quid
1175 1181 1348 1226 fecisti?
1382 1190 1600 1241 quantum

194 1255 364 1299 fecisti?
386 1254 465 1297 Dic
487 1253 679 1295 immane
700 1252 869 1311 aliquid
891 1252 1012 1311 quod
1028 1252 1296 1307 commisisti,
1323 1267 1470 1311 grave,
1494 1254 1600 1297 hor-

195 1326 400 1377 rendum,
419 1324 542 1383 quod
556 1322 686 1366 etiam
703 1322 895 1380 cogitare
908 1323 1059 1365 horres
1079 1341 1087 1366 :
1112 1322 1331 1382 quidquid
1345 1324 1408 1366 vis
1425 1323 1594 1378 feceris,

196 1393 417 1454 numquid
451 1392 675 1437 Christum
705 1390 924 1435 occidisti?
951 1393 1051 1436 Non
1087 1399 1151 1435 est
1185 1392 1268 1435 isto
1292 1391 1406 1435 facto
1431 1392 1600 1452 aliquid

196 1466 335 1524 pejus,
357 1462 461 1522 quia
478 1470 520 1506 et
538 1460 714 1505 Christo
732 1459 842 1504 nihil
865 1469 928 1503 est
949 1460 1119 1504 melius.
1146 1464 1370 1513 Quantum
1393 1460 1515 1506 nefas
1537 1471 1600 1507 est

200 1532 400 1579 occidere
430 1531 653 1575 Christum
674 1531 692 1572 Ρ
735 1529 880 1573 Judaei
919 1537 1066 1573 tamen
1099 1543 1200 1573 eum
1239 1529 1494 1574 occiderunt
1509 1566 1520 1586 ,
1556 1539 1601 1575 et

199 1603 327 1647 multi
347 1602 393 1644 in
413 1615 512 1644 eum
531 1607 681 1658 postea
702 1597 1000 1654 crediderunt,
1019 1606 1063 1642 et
1084 1599 1294 1644 biberunt
1310 1601 1402 1659 ejus
1425 1601 1601 1658 sangui-

200 1689 303 1719 nem
323 1692 332 1717 ι
370 1671 599 1715 dimissum
636 1679 700 1714 est
733 1669 816 1713 illis
849 1677 1079 1728 peccatum
1111 1670 1233 1730 quod
1269 1671 1596 1717 commiserunt.

200 1747 313 1791 Cum
342 1741 546 1801 baptizati
574 1741 758 1795 fueritis,
796 1748 942 1784 tenete
964 1740 1100 1784 vitam
1125 1740 1285 1784 bonam
1308 1740 1354 1784 in
1372 1743 1600 1801 praeceptis

198 1815 297 1870 Dei,
322 1822 370 1857 ut
392 1811 660 1871 baptismum
683 1809 936 1855 custodiatis
954 1820 1094 1870 usque
1116 1811 1163 1854 in
1185 1811 1332 1855 finem.
1354 1814 1453 1857 Non
1474 1812 1600 1857 vobis

203 1884 319 1940 dico,
344 1884 446 1943 quia
468 1883 560 1927 sine
577 1888 758 1941 peceato
780 1881 851 1925 hic
872 1881 1023 1926 vivetis
1042 1900 1050 1925 z
1077 1881 1151 1925 sed
1170 1890 1272 1925 sunt
1287 1882 1486 1937 venialia,
1507 1883 1599 1927 sine

201 1957 361 2018 quibus
383 1954 470 1998 vita
491 1954 571 1998 ista
592 1963 683 1998 non
700 1961 779 1999 est.
798 1956 981 2012 Propter
999 1953 1145 1996 omnia
1162 1961 1341 2012 peccata
1357 1953 1598 2013 baptismus

201 2028 406 2072 inventus
418 2035 480 2069 est
496 2044 505 2069 ε
523 2033 703 2084 propter
718 2023 845 2078 levia,
861 2024 951 2067 sine
963 2023 1124 2083 quibus
1140 2037 1230 2067 esse
1243 2039 1332 2067 non
1350 2038 1595 2082 possumus,

204 2097 354 2141 Oratio
377 2096 569 2139 inventa.
598 2094 716 2147 Quid
734 2093 867 2137 habet
884 2093 1033 2137 Oratio
1046 2096 1064 2137 P
1077 2094 1284 2137 «Dimitte
1304 2093 1428 2137 nobis
1451 2093 1600 2138 debita

203 2187 224 2210 »
260 2176 424 2222 nostra,
449 2167 560 2210 sicut
581 2173 623 2209 e't
650 2179 728 2209 nos
759 2164 1020 2208 dimittimus
1042 2163 1315 2209 debitoribus
1345 2165 1501 2208 nostris
1513 2167 1548 2208 2.
1574 2181 1596 2206 »

205 2239 347 2285 Semel
367 2238 590 2283 abluimur
613 2237 888 2296 baptismate,
914 2235 1111 2298 quotidie
1133 2236 1355 2280 abluimur
1371 2235 1593 2280 Oratione.

203 2310 286 2354 Sed
324 2309 458 2354 nolite
493 2309 567 2352 illa
605 2308 894 2362 committere,
935 2322 1014 2366 pro
1037 2308 1198 2367 quibus
1221 2316 1394 2352 necesse
1416 2315 1480 2350 est
1501 2313 1552 2351 ut
1573 2322 1597 2350 a

202 2380 361 2424 Christi
380 2395 560 2438 corpore
579 2379 835 2438 separemini
861 2398 869 2422 2
904 2378 1025 2437 quod
1048 2378 1158 2421 absit
1179 2392 1202 2420 a
1222 2377 1361 2421 vobis.
1388 2375 1457 2420 Illi
1480 2377 1597 2421 enim

201 2466 309 2509 quos
332 2449 486 2494 videtis
510 2466 635 2508 agere
655 2450 974 2509 poenitentiam,
997 2450 1155 2494 scelera
1173 2449 1499 2503 commiserunt,
1521 2456 1596 2492 aut

252 2536 264 2553 ¹
283 2536 423 2574 Cor-111,
446 2545 496 2575 17.
517 2552 555 2557 —-
577 2543 589 2557 2
608 2535 716 2566 Matth
754 2546 799 2573 vr,
823 2541 871 2564 12.
