1729 3143
238 190 322 231 416
663 205 696 231 5.
733 200 962 231 mensum
994 204 1173 232 Emscom

235 268 335 314 dam
357 282 457 313 vere
476 267 820 313 Christianorum
840 269 1052 313 sententia
1068 302 1079 322 ,
1110 269 1186 329 qui
1210 283 1310 314 cum
1337 270 1423 314 sint
1454 269 1613 314 eruditi

233 338 481 383 liberalibus
499 337 667 393 litteris,
687 345 833 382 tamen
853 337 958 383 alios
977 338 1110 384 libros
1128 348 1309 394 nostros,
1334 355 1442 400 quos
1458 340 1612 385 adver—

233 425 302 453 sus
322 408 585 454 Manichaeos
607 407 820 454 edidimus
833 444 845 465 ,
869 424 970 454 cum
991 408 1192 468 legissent
1209 446 1219 465 ,
1245 410 1448 455 viderunt
1469 426 1540 456 eos
1557 411 1612 454 ab
1667 431 1669 469 j
1720 466 1726 479 .-

232 478 571 537 imperitioribus
586 513 597 534 ,
629 488 704 524 aut
722 495 833 535 non,
859 489 935 525 aut
951 479 1128 525 difficile
1150 480 1357 540 intelligi,
1382 489 1425 525 et
1446 496 1515 524 me
1536 481 1614 525 be-

231 548 578 594 nevolentissime
601 561 868 596 monuerunt
883 587 894 607 ,
919 561 970 596 ut
990 567 1269 597 communem
1289 550 1498 611 loquendi
1515 566 1614 596 con-

230 619 508 664 suetudinem
529 636 618 666 non
637 621 894 677 desererem,
911 622 945 667 si
960 637 1123 667 errores
1137 620 1233 667 illos
1250 631 1340 666 tam
1354 622 1613 681 perniciosos

231 689 286 734 ab
309 691 461 736 animis
483 692 613 737 etiam
635 692 937 752 imperitorum
959 692 1174 753 expellere
1196 693 1445 751 cogitarem·
1485 694 1614 736 Hunc

230 761 347 805 enim
368 776 610 808 sermonem
628 764 836 809 usitatum
858 773 900 808 et
917 764 1156 824 simplicem
1175 765 1303 809 etiam
1321 763 1438 809 docti
1453 762 1615 808 intelli-

230 842 363 892 gunt,
387 833 512 879 illum
530 844 676 880 autem
697 835 862 880 indocti
878 851 969 880 non
990 836 1256 894 intelligunt.

286 905 344 947 II.
374 903 524 948 Solent
537 916 641 960 ergo
655 906 886 946 Manichaei
900 906 1140 961 Scripturas
1153 905 1320 949 Veteris
1332 903 1610 959 Testamenti,
1672 946 1673 951 ,
1718 916 1721 970 3

227 988 335 1033 quas
353 987 441 1017 non
462 980 680 1017 noverunt
694 1006 705 1027 ,
730 971 999 1033 vituperare,
1025 981 1068 1017 et
1089 987 1137 1016 ea
1159 972 1477 1032 vituperatione
1493 975 1615 1024 infir-‚

226 1058 319 1088 mos
341 1053 384 1088 et
405 1042 607 1102 parvulos
635 1051 804 1087 nostros
822 1078 832 1098 ,
865 1058 954 1088 11011
981 1042 1251 1088 invenientes
1279 1043 1502 1104 quomodo
1534 1044 1612 1088 sibi

226 1112 542 1172 respondeant,
574 1112 754 1157 irridere
782 1121 914 1173 atque
943 1113 1156 1172 decipere.
1189 1114 1300 1167 Quia
1321 1114 1443 1159 nulla
1467 1115 1612 1174 Scrip-

225 1193 322 1228 tura
344 1192 407 1228 est
428 1199 527 1244 quae
549 1198 636 1228 non
658 1184 776 1243 apud
799 1199 871 1228 eos
894 1184 970 1244 qui
993 1184 1112 1228 illam
1137 1200 1227 1229 non
1245 1185 1519 1243 intelligunt,
1545 1184 1613 1229 fa-

225 1254 305 1300 cile
328 1254 462 1315 possit
483 1254 758 1313 reprehendi.
781 1253 866 1299 Sed
882 1253 980 1299 ideo
997 1253 1144 1299 divina
1161 1254 1433 1314 providentia
1449 1254 1610 1300 multos

224 1324 382 1371 diversi
403 1324 556 1371 erroris
577 1325 801 1370 haereticos
823 1340 912 1369 esse
932 1324 1167 1385 permittit,
1194 1336 1244 1370 ut
1271 1341 1372 1370 cum
1398 1326 1610 1371 insultant

224 1397 348 1442 nobis
363 1432 374 1453 ,
399 1405 442 1441 et
462 1396 732 1456 interrogant
752 1411 830 1441 nos
853 1411 900 1440 ea
917 1412 1018 1456 quae
1039 1396 1254 1441 nescimus
1270 1432 1281 1452 ,
1301 1396 1371 1442 vel
1392 1397 1451 1441 sic
1476 1413 1609 1442 excu-

224 1468 381 1513 tiamus
403 1467 644 1527 pigritiam,
680 1476 723 1511 et
745 1467 910 1512 divinas
941 1467 1182 1527 Scripturas
1213 1483 1338 1512 nosse
1366 1468 1605 1528 cupiamus.

223 1541 458 1599 Propterea
479 1547 522 1583 et
545 1537 776 1598 Apostolus
798 1537 904 1583 dicit
926 1557 935 1583 :
968 1558 987 1581 «
1007 1540 1191 1598 Oportet
1212 1540 1396 1584 haereses
1419 1554 1508 1584 esse
1523 1575 1534 1594 ,
1560 1548 1610 1583 ut

225 1627 245 1651 »
270 1609 442 1669 probati
463 1607 681 1653 manifesti
707 1609 815 1653 fiant
838 1609 950 1653 inter
973 1611 1088 1654 vos1.
1113 1627 1132 1650 »
1158 1608 1227 1653 Illi
1249 1610 1363 1653 enim
1385 1612 1475 1655 Deo
1504 1624 1609 1668 pro-

222 1680 314 1726 bati
335 1681 564 1741 sunt„qui
586 1681 698 1725 bene
719 1690 902 1740 possunt
920 1680 1076 1726 docere
1096 1700 1106 1726 2
1128 1681 1204 1725 sed
1228 1680 1445 1726 manifesti
1464 1681 1609 1725 homi-

222 1751 352 1796 nibus
374 1766 464 1796 esse
486 1765 575 1795 non
597 1759 780 1809 possunt
795 1785 805 1805 ,
831 1750 912 1794 nisi
940 1766 1041 1794 cum
1063 1750 1223 1795 docent
1244 1769 1252 1794 :
1279 1750 1436 1795 docere
1462 1759 1608 1794 autem

222 1820 402 1876 nolunt,
426 1820 508 1865 nisi
529 1835 600 1865 eos
622 1820 699 1879 qui
725 1819 871 1864 doceri
893 1829 1112 1879 quaerunt.
1138 1820 1222 1865 Sed
1245 1819 1373 1864 multi
1398 1820 1453 1864 ad
1482 1837 1607 1880 qua:-

223 1891 407 1936 rendum
431 1891 541 1951 pigri
563 1900 665 1936 sunt
682 1926 693 1946 ,
717 1891 798 1935 nisi
815 1906 891 1950 per
907 1890 1124 1936 molestias
1142 1900 1185 1935 et
1203 1890 1505 1935 insultationes
1518 1892 1610 1935 hae·

221 1964 455 2007 reticorum
477 1962 599 2022 quasi
620 1961 674 2006 de
697 1976 849 2006 somno
871 1962 1140 2017 excitentur,
1169 1971 1213 2006 et
1229 1961 1284 2006 de
1302 1962 1517 2021 imperitia
1532 1978 1609 2007 sua

222 2033 480 2078 erubescant
497 2031 603 2088 sibi,
632 2041 675 2076 et
693 2032 746 2077 de
763 2031 835 2076 illa
855 2032 1069 2092 imperitia
1091 2047 1168 2076 sua
1192 2031 1425 2091 periclitari
1436 2047 1485 2076 se
1507 2048 1608 2076 sen-

222 2104 346 2149 tiant.
373 2103 458 2157 Qui
479 2102 692 2159 homines,
714 2103 747 2147 si
769 2102 897 2147 bonae
918 2112 1019 2146 sunt
1032 2102 1150 2158 fidei,
1176 2117 1267 2147 non
1284 2101 1446 2148 cedunt
1462 2103 1603 2146 haere-

222 2174 338 2230 ticis,
370 2174 446 2218 sed
468 2172 576 2234 quid
596 2173 654 2217 eis
681 2171 974 2232 respondeant
997 2172 1224 2231 diligenter
1245 2173 1489 2233 inquirunt.
1515 2175 1603 2219 Nec

219 2259 291 2289 005
313 2244 468 2290 deserit
490 2247 604 2289 Deus
625 2253 675 2288 ut
703 2252 899 2303 petentes
921 2243 1161 2302 accipiant,
1197 2252 1238 2287 et
1260 2252 1504 2301 quaerentes
1533 2243 1604 2286 in-

219 2315 395 2360 veniant
410 2350 421 2371 ,
446 2325 489 2360 et
509 2314 779 2376 pulsantibus
798 2315 1028 2374 aperiatur.
1053 2314 1136 2367 Qui
1154 2322 1299 2358 autem
1318 2313 1547 2373 desperant
1562 2328 1604 2357 se

220 2399 342 2444 posse
364 2387 407 2429 in
427 2385 639 2431 catholica
657 2385 885 2446 disciplina
902 2385 1096 2429 invenire
1116 2383 1237 2444 quod
1255 2393 1474 2444 quaerunt,
1496 2392 1605 2427 atte-

220 2465 376 2500 11111111]Ί
403 2456 618 2501 erroribus
636 2477 647 2515 5
675 2466 719 2502 et
739 2457 772 2500 si
792 2464 1117 2516 perseveranter
1138 2455 1393 2514 inquirunt,
1415 2453 1468 2498 ad
1490 2454 1603 2512 ipsos

264 2541 277 2562 ¹
299 2551 311 2573 1
328 2542 401 2574 Cor.
418 2551 463 2583 xi,
485 2552 536 2584 19·
