1729 3143
597 235 651 262 DE
686 235 936 263 HAEREsmth.
1375 220 1458 259 213

78 312 129 348 ut
150 309 422 362 exponantur
443 316 467 345 a
488 316 558 346 me
575 336 587 358 ‚
609 302 741 345 miror
763 301 1039 346 luculentum
1057 299 1282 359 ingenium
1303 306 1428 342 tuum
1448 333 1459 353 ‚

78 382 144 418 tot
165 381 474 432 tantarumque
502 385 649 415 rerum
676 379 720 414 et
741 371 859 415 sitire
880 372 1106 416 veritatem
1122 405 1134 426 ,
1166 379 1210 414 et
1240 368 1466 413 fastidium

71 444 162 503 jam
184 443 380 488 timendo
401 456 576 502 poscere
598 441 872 485 brevitatem.
917 442 1001 485 Sed
1038 441 1183 485 vidisti
1218 440 1349 484 etiam
1377 439 1468 497 ipse

77 514 185 574 quid
212 515 296 559 hoc
328 513 424 558 loco
455 527 625 572 possem
658 521 746 556 tuae
779 512 913 571 hujus
947 511 1140 571 epistolae
1172 512 1392 569 cogitare3
1427 518 1472 553 et

77 586 200 644 quasi
217 584 445 642 vigilanter
464 582 692 629 occurristi
708 582 963 641 cogitationi
980 597 1088 626 meae
1104 617 1115 638 ‚
1140 582 1288 627 dicens
1310 600 1320 628 ι
1345 600 1366 623 «
1382 583 1472 626 Nec

79 672 100 696 ω)
126 670 195 698 me
218 663 351 699 tantae
370 653 602 699 Beatitudo
625 656 718 698 Tua
740 654 891 698 credat
910 653 1088 713 ineptiae
1103 687 1115 707 ,
1139 661 1190 696 ut
1221 667 1312 696 non
1340 651 1475 710 inspi-

77 742 100 767 »
123 726 233 770 ciam
254 725 429 784 quantis
450 734 495 769 et
515 740 648 785 quam
671 725 923 785 ingentibus
940 722 1240 769 voluminibus
1258 737 1367 782 opus
1384 722 1438 765 sit
1460 755 1471 775 ,

76 813 98 836 »
127 804 176 839 ut
208 795 374 854 possint
407 795 488 839 ista
517 794 708 841 dissolvi.
735 798 901 840 Verum
929 796 1015 840 hoc
1044 809 1124 853 ego
1153 794 1249 837 fieri
1280 808 1371 837 non
1401 806 1476 834 ex·-

77 884 98 907 »
123 875 251 926 pecto
275 885 283 910 :
310 865 356 910 id
378 866 494 909 enim
516 866 819 926 multipliciter
842 866 1008 912 factum
1025 880 1115 910 esse
1137 879 1228 909 non
1251 864 1473 907 dubito.»

74 939 131 980 Et
152 945 363 996 tanquam
385 936 614 981 consilium
635 937 872 997 subjiciens
887 972 898 992 ‚
923 934 1149 997 quomodo
1170 934 1305 994 possit
1326 940 1370 976 et
1391 946 1475 974 ser-

74 1007 165 1051 vari
187 1007 375 1051 brevitas
393 1042 404 1061 ,
438 1015 481 1051 et
508 1008 666 1052 veritas
693 1006 859 1066 pandi,
893 1006 1094 1066 adjungis
1124 1020 1173 1049 ea
1208 1003 1342 1048 verba
1375 1016 1476 1060 quae

73 1076 205 1135 paulo
228 1086 328 1120 ante
345 1079 436 1135 jam
457 1078 579 1136 posui
598 1113 609 1133 ‚
634 1086 677 1121 et
693 1078 799 1121 dicis
822 1097 831 1122 :
859 1095 881 1121 (ι,
905 1078 990 1121 Sed
1006 1077 1197 1120 breviter
1213 1109 1223 1129 ‚
1249 1072 1477 1132 perstricte

76 1165 95 1187 »
117 1156 247 1206 atque
265 1148 517 1191 summatim
536 1148 763 1207 opiniones
781 1163 887 1198 rogo
905 1146 1142 1197 cujuslibet
1155 1144 1331 1187 haeresis
1348 1142 1471 1201 poni,

75 1235 94 1255 »
116 1227 159 1260 et
176 1217 283 1274 quid
304 1226 455 1261 contra
478 1227 627 1261 teneat
648 1211 842 1260 Ecclesia
865 1208 1080 1252 catholica
1097 1243 1108 1262 ‚
1133 1222 1351 1266 quantum
1379 1214 1471 1252 ins-

76 1303 95 1326 »
117 1284 325 1328 tructioni
354 1286 454 1326 satis
482 1297 572 1335 est,
600 1283 744 1324 subdi.
770 1300 789 1321 »
815 1283 928 1324 Ecce
959 1279 1116 1322 iterum
1140 1277 1274 1319 mittis
1302 1277 1349 1319 in
1379 1277 1477 1321 lon-

73 1368 176 1411 gum
203 1373 211 1397 :
238 1367 326 1396 non
352 1353 455 1412 quia
480 1351 566 1395 dici
597 1351 677 1394 ista
710 1350 901 1393 breviter
934 1349 1021 1392 sive
1057 1362 1148 1391 non
1183 1345 1333 1390 valent
1350 1381 1361 1401 ‚
1388 1347 1478 1391 sive

72 1439 161 1468 non
182 1423 372 1479 debent3
397 1422 472 1467 sed
494 1422 598 1482 quia
620 1431 710 1465 tam
729 1421 869 1464 multa
890 1428 992 1463 sunt
1010 1453 1020 1473 ,
1046 1427 1096 1461 ut
1114 1417 1360 1477 quamlibet
1377 1418 1475 1461 bre-

72 1495 180 1538 viter
202 1493 388 1538 dicenda
409 1491 569 1537 multas
586 1492 749 1535 litteras
771 1491 970 1548 flagitent
990 1506 1000 1532 .-
1031 1508 1051 1530 «
1077 1491 1143 1532 Tu
1166 1496 1312 1531 autem
1335 1496 1385 1531 ut
1402 1503 1478 1532 ve-

75 1582 95 1606 »
121 1564 187 1608 lut
210 1564 403 1623 quodam
421 1597 432 1617 ‚
458 1562 602 1622 inquis
621 1596 632 1617 ,
669 1576 722 1605 ex
750 1560 955 1605 omnibus
985 1567 1199 1617 concepto
1227 1558 1472 1602 commoni-

76 1653 95 1676 »
120 1635 256 1689 torio,
291 1635 325 1678 si
360 1633 457 1693 quis
487 1633 678 1692 aliquam
712 1632 1003 1691 objectionem
1037 1640 1112 1674 aut
1146 1629 1473 1674 convictionem

75 1723 96 1746 »
122 1705 301 1749 uberius
322 1738 332 1758 ‚
358 1703 554 1761 plenius,
594 1718 642 1746 ac
663 1701 835 1762 planius
869 1716 993 1745 nosse
1023 1700 1239 1753 voluerit,
1271 1699 1325 1742 ad
1357 1714 1471 1758 opu-

74 1794 95 1817 »
120 1775 239 1820 lenta
265 1784 308 1819 et
343 1774 574 1833 magnifica
605 1774 831 1819 volumina
866 1773 1185 1818 transmittatur
1203 1807 1213 1827 ,
1250 1771 1411 1830 quibus
1448 1787 1471 1815 a

75 1864 95 1888 »
121 1846 314 1900 diversis,
336 1854 379 1889 et
396 1845 614 1904 praecipue
631 1881 642 1900 ,
667 1845 812 1905 inquis
831 1879 841 1900 ‚
867 1861 890 1889 a
906 1844 1197 1888 Veneratione
1217 1845 1310 1887 Tua
1326 1842 1372 1885 in
1385 1843 1470 1886 hoc

75 1934 96 1958 »
121 1917 264 1975 ipsum
286 1923 456 1960 constat
469 1930 559 1959 esse
581 1914 870 1960 elaboratum.
889 1932 910 1955 »
935 1917 1044 1967 Quae
1067 1929 1168 1958 cum
1191 1912 1312 1967 dicis,
1333 1927 1473 1956 unum

75 1986 199 2046 quasi
219 1986 603 2030 commonitorium
625 1986 679 2029 de
701 1986 768 2029 his
790 1984 995 2029 omnibus
1012 1993 1056 2028 te
1079 1982 1324 2028 desiderare
1344 1982 1471 2041 signi-

74 2057 175 2100 ficas
202 2075 210 2099 :
238 2055 341 2099 audi
363 2071 464 2114 ergo
487 2055 607 2100 unde
629 2056 944 2102 commonearis
961 2054 1070 2115 quid
1091 2062 1228 2113 petas.

134 2125 372 2183 Opiniones
405 2126 604 2170 omnium
626 2127 1017 2186 philosophorum,
1056 2125 1134 2185 qui
1166 2133 1300 2168 sectas
1332 2122 1471 2166 varias

78 2193 371 2240 condiderunt
387 2230 398 2249 ‚
430 2210 570 2254 usque
598 2194 654 2240 ad
686 2205 883 2255 tempora
914 2212 990 2241 sua
1005 2232 1017 2253 ,
1041 2198 1216 2257 (neque
1238 2195 1354 2239 enim
1376 2192 1473 2253 plus

80 2275 250 2326 poterat
267 2269 308 2323 ‚)
328 2280 402 2309 sex
423 2280 513 2309 non
534 2266 678 2324 parvis
699 2265 996 2311 voluminibus
1018 2266 1195 2327 quidam
1217 2264 1368 2310 Celsus
1392 2264 1471 2307 ab·

81 2336 223 2380 solvit.
248 2338 337 2381 Nec
354 2335 578 2395 redarguit
601 2335 790 2395 aliquem
808 2371 819 2392 ‚
846 2336 922 2380 sed
943 2345 1116 2381 tantum
1138 2336 1248 2396 quid
1265 2335 1473 2379 sentirent

83 2405 252 2465 aperuit
269 2440 279 2460 ,
310 2420 359 2449 ea
381 2405 596 2451 brevitate
618 2406 827 2451 sermonis
846 2441 856 2461 ,
877 2414 928 2450 ut
946 2415 1121 2451 tantum
1139 2405 1367 2450 adhiberet
1386 2403 1472 2448 elo-

84 2476 201 2536 quii,
226 2485 442 2536 quantum
463 2477 525 2521 rei
546 2492 626 2522 nec
647 2475 879 2522 laudandae
896 2512 907 2532 ‚
933 2492 1013 2521 nec
1034 2475 1336 2536 vituperandae
1350 2510 1361 2530 ‚
1387 2489 1467 2518 nec

87 2546 356 2591 affirmandae
389 2556 464 2591 aut
493 2546 784 2592 defendendae
799 2582 811 2603 ,
837 2546 913 2592 sed
937 2547 1183 2606 aperiendae
1205 2545 1473 2591 indicandae-
