1729 3143
608 224 662 251 nn
693 223 861 261 (mmm,
897 223 978 250 mn.
1015 223 1044 249 1.
1434 207 1519 249 443

139 288 322 347 septima
354 296 552 347 speretur
580 288 776 348 requies3
811 295 855 331 et
882 285 1053 331 easdem
1081 299 1155 329 sex
1181 292 1328 330 aetates
1348 285 1521 329 -habere
1548 293 1567 380 ἦ

137 356 468 402 similitudinem
484 358 664 403 istorum
683 372 755 401 sex
773 356 958 411 dierum,
977 356 1022 399 in
1036 354 1198 415 quibus
1209 369 1258 399 ea
1271 352 1386 399 facta
1401 364 1519 411 sunt,

137 444 237 487 quae
250 431 390 472 Deum
410 426 559 472 fecisse
576 427 797 487 Scriptura
812 435 1140 471 commemorat.
1155 425 1393 469 Primordia
1408 425 1523 469 enim

136 499 305 557 generis
338 498 544 554 humani,
588 500 633 543 in
669 497 828 557 quibus
862 496 942 540 ista
972 496 1070 540 luce
1099 495 1187 540 frui
1219 495 1379 555 coepit,
1412 496 1523 540 bene

134 577 444 627 comparantur
463 569 605 627 primo
623 567 709 612 diei
730 583 820 627 quo
848 565 952 611 fecit
976 569 1088 610 Deus
1109 567 1268 611 lucem.
1296 569 1399 611 Haec
1420 575 1524 612 aetas

133 647 344 698 tanquam
379 637 562 683 infantia
596 636 849 697 deputanda
881 645 944 681 est
973 637 1105 695 ipsius
1136 637 1326 682 universi
1347 637 1520 694 saeculi,

132 708 254 770 quod
271 717 481 768 tauquam
505 724 643 753 unum
665 709 889 753 hominem
911 709 1192 768 proportione
1213 708 1524 767 magnitudinis

132 782 221 826 'suae
255 781 442 839 cogitare
472 779 681 824 debemus
720 799 729 825 :
766 780 869 840 quia
911 780 1214 840 unusquisque
1250 780 1384 825 homo
1419 795 1524 825 cum

130 852 273 912 primo
297 851 513 907 nascitur,
546 860 589 895 et
618 851 704 895 exit
733 850 787 895 ad
814 851 982 906 lucem,
1018 851 1205 911 primam
1232 860 1405 895 aetatem
1433 851 1524 911 agit

130 921 375 966 infantiam.
425 924 528 966 Haec
565 921 761 962 tenditur
792 921 847 961 ab
876 920 1018 961 Adam
1055 936 1193 978 usque
1234 921 1289 965 ad
1322 924 1414 966 Noe'
1447 937 1524 980 ge-

130 993 428 1036 nerationibus
471 990 638 1032 decem.
679 987 812 1041 Quasi
839 1003 1018 1047 vespera
1058 988 1187 1049 hujus
1215 990 1300 1033 diei
1329 992 1378 1035 fit
1406 991 1524 1037 dilu—

131 1063 250 1106 vium
273 1081 281 1105 :
307 1061 410 1121 quia
439 1069 483 1105 et
499 1058 684 1104 infantia
705 1068 852 1105 nostra
878 1068 1087 1120 tanquam
1106 1060 1335 1106 oblivionis
1358 1062 1523 1110 diluvio

134 1131 323 1176 deletur.

189 1204 395 1247 XXXVI.
432 1203 489 1245 Et
516 1200 668 1260 incipit
696 1215 825 1244 mane
854 1215 878 1244 a
906 1201 1178 1260 temporibus
1212 1202 1304 1246 Noe'
1333 1205 1524 1250 secunda

129 1281 231 1317 aetas
262 1282 474 1332 tanquam
502 1270 711 1331 pueritia,
746 1280 788 1315 et
824 1272 1018 1315 tenditur
1048 1271 1142 1315 haec
1169 1280 1272 1316 aetas
1298 1288 1438 1334 usque
1468 1275 1523 1320 ad

129 1344 351 1388 Abraham
369 1342 461 1387 aliis
480 1342 831 1401 generationibus
853 1343 1019 1387 decem.
1045 1345 1102 1387 Et
1118 1342 1229 1387 bene
1246 1355 1522 1404 comparatur

129 1413 321 1459 secundo
343 1412 430 1458 diei
452 1428 540 1473 quo
564 1411 730 1457 facturn
754 1422 818 1457 est
835 1414 1159 1458 firmamentum
1175 1414 1289 1459 inter
1306 1431 1463 1476 aquam
1479 1427 1522 1462 et

130 1500 287 1546 aquam
306 1519 317 1539 ‚
352 1484 455 1544 quia
486 1492 529 1528 et
557 1498 654 1527 arca
676 1484 721 1527 in
751 1499 837 1544 qua
862 1493 953 1528 erat
987 1486 1078 1530 Noe
1105 1500 1206 1529 cum
1235 1486 1347 1541 suis,
1379 1487 1523 1532 firma-

128 1565 327 1600 mentum
344 1563 435 1599 erat
452 1555 565 1598 inter
582 1569 716 1614 aquas
741 1552 965 1599 inferiores
987 1555 1033 1598 in
1059 1555 1220 1615 quibus
1242 1557 1447 1614 natabat,
1478 1567 1522 1602 et

128 1627 370 1686 superiores
402 1625 560 1686 quibus
590 1624 942 1685 compluebatur.
977 1628 1082 1670 Haec
1113 1635 1217 1671 aetas
1239 1642 1329 1671 non
1356 1628 1522 1674 diluvio

128 1696 300 1742 deletur
316 1731 327 1753 ‚
353 1695 456 1756 quia
479 1704 522 1740 et
544 1696 731 1755 pueritia
750 1705 896 1740 nostra
913 1712 1003 1740 non
1025 1696 1244 1742 oblivione
1267 1699 1450 1758 tergitur
1467 1699 1521 1744 de

128 1767 354 1812 memoria.
375 1766 654 1812 Meminimus
672 1767 787 1810 enim
808 1782 886 1811 nos
901 1765 1032 1811 fuisse
1045 1783 1217 1827 pueros,
1237 1768 1426 1814 infantes
1444 1785 1522 1815 au·

130 1846 221 1881 tem
248 1852 338 1881 non
359 1836 655 1880 meminimus.
679 1837 818 1896 Hujus
835 1852 1012 1897 vespera
1036 1848 1099 1882 est
1119 1837 1319 1884 confusio
1347 1839 1521 1899 lingua-

126 1924 225 1953 rum
245 1908 291 1952 in
308 1908 367 1952 eis
385 1909 461 1968 qui
485 1917 650 1952 turrem
667 1906 885 1953 faciebant
902 1943 914 1964 ‚
939 1918 983 1953 et
999 1910 1048 1953 fit
1066 1924 1193 1954 mane
1209 1910 1264 1955 ab
1281 1911 1516 1957 Abraham.

91 1980 214 2040 sSed
236 1995 317 2024 nec
343 1980 424 2023 ista
444 1988 547 2024 aetas
569 1979 762 2023 secunda
789 1980 1011 2038 generavit
1038 1981 1255 2041 populum
1286 1983 1392 2039 Dei,
1417 1984 1520 2044 quia

126 2066 206 2096 nec
228 2050 413 2109 pueritia
431 2059 531 2109 apta
549 2059 612 2094 est
629 2049 684 2094 ad
706 2049 1021 2108 generandum.

185 2124 415 2166 XXXVII.
452 2123 581 2165 Mane
603 2136 706 2180 ergo
729 2121 778 2165 fit
801 2121 855 2165 ab
873 2123 1118 2179 Abraham,
1142 2132 1185 2168 et
1206 2124 1398 2170 succedit
1414 2134 1518 2171 aetas

127 2193 254 2238 tertia
271 2192 418 2236 similis
437 2191 754 2236 adolescentiae.
776 2195 832 2237 Et
846 2193 958 2237 bene
975 2204 1252 2254 comparatur
1269 2194 1354 2239 diei
1369 2201 1514 2253 tertio,

126 2279 215 2323 quo
229 2263 285 2306 ab
299 2263 420 2323 aquis
436 2272 549 2307 terra
563 2271 756 2321 separata
774 2272 853 2307 est.
872 2263 940 2307 Ab
948 2265 1151 2309 omnibus
1161 2266 1276 2311 enim
1294 2267 1513 2326 gentibus,

124 2350 307 2394 quarum
322 2350 441 2379 error
454 2334 666 2378 instabilis
681 2335 852 2378 etvanis
863 2335 1192 2381 simulacrorum
1204 2336 1411 2383 doctrinis
1429 2348 1516 2385 tan·

123 2419 254 2463 quam
271 2405 409 2449 ventis
426 2405 628 2448 omnibus
641 2403 827 2460 mobilis⁷
843 2406 971 2449 maris
983 2407 1160 2451 nomine
1177 2407 1289 2452 bene
1307 2409 1515 2467 significa·

125 2484 219 2531 tur3
239 2475 293 2518 ab
309 2475 388 2520 hac
406 2490 506 2533 ergo
524 2476 720 2534 gentium
734 2477 925 2521 vanitate
940 2486 984 2522 et
1000 2478 1128 2538 hujus
1141 2479 1289 2525 saeculi
1308 2480 1515 2537 fluctibus

126 2555 347 2606 separatus
361 2556 424 2592 est
438 2546 624 2607 populus
635 2548 710 2592 Dei
729 2548 1050 2608 perAbraham‚
1065 2559 1271 2611 tanquam
1286 2561 1397 2597 terra
1412 2567 1512 2597 cum
