1729 3143
229 216 312 255 390
665 223 696 251 s.
735 224 964 251 umusnm
994 224 1176 252 muscum

231 295 342 335 Deus
359 325 369 343 ‚
395 299 438 332 et
458 301 591 346 quare
617 287 699 329 ista
721 296 864 345 peccet
887 322 897 342 ‚
933 303 1034 347 quae
1065 288 1121 332 ab
1143 286 1219 332 illo
1247 296 1475 347 peccatura
1496 304 1609 348 prae-

229 363 315 405 visa
334 369 412 403 est.
445 360 542 401 Non
564 357 677 400 enim
697 358 784 416 jam
803 367 910 416 puto
928 392 940 412 ‚
963 358 1054 416 ipsa
1078 358 1154 402 Dei
1175 359 1444 417 praescientia
1464 359 1534 404 vet
1552 360 1610 404 is-

227 443 317 477 tam
340 442 544 488 peccare,
569 430 636 471 vel
662 427 779 471 illam
811 444 901 472 non
934 444 1113 487 peccare
1146 429 1259 488 cogi.
1295 428 1378 473 Sed
1410 438 1556 474 tamen
1576 431 1612 474 si

227 501 348 547 nulla
371 514 498 543 causa
521 507 654 553 esset,
682 514 771 543 non
793 498 853 543 ita
874 498 1172 559 dispertiretur
1199 508 1397 544 creatura
1420 499 1612 545 rationa—

225 573 275 617 lis
293 606 304 625 ‚
331 579 379 614 ut
397 569 478 613 alia
501 585 726 629 nunquam
749 579 925 629 peccet,
951 569 1032 614 alia
1049 570 1094 613 in
1112 569 1334 629 peccando
1352 579 1610 628 perseveret,

226 642 308 688 alia
331 641 455 701 quasi
490 641 631 684 media
664 641 777 684 inter
810 651 1042 700 utramque
1072 639 1309 701 aliquando
1330 650 1480 699 peccet
1499 676 1510 696 ‚
1536 640 1614 686 ali-

225 711 405 774 quando
438 711 493 755 ad
522 720 638 755 recte
674 709 924 755 faciendum
952 722 1249 756 convertatur.
1276 713 1384 763 Quae
1409 726 1536 755 causa
1568 711 1616 756 in

224 786 300 829 has
323 794 408 826 tres
428 791 568 841 partes
589 798 685 825 eam
707 781 962 825 distribuit?
991 781 1075 827 Sed
1099 781 1201 826 nolo
1222 782 1327 825 mihi
1350 781 1615 840 respondea-

224 864 297 899 tur
317 873 326 898 :
349 852 561 897 Voluntas
584 872 593 898 :
615 867 694 909 ego
716 852 830 895 enim
854 867 1026 895 causam
1045 867 1195 911 quaero
1214 852 1345 910 ipsius
1362 851 1612 897 voluntatis.

225 927 322 969 Non
355 924 471 966 enim
498 923 589 965 sine
623 937 750 963 causa
783 936 1011 979 nunquam
1044 921 1140 964 vult
1175 921 1247 964 itta
1269 937 1476 979 peccare,
1501 938 1618 966 nun-

226 1009 358 1054 quam
387 993 466 1036 ista
500 1006 587 1035 non
611 990 731 1043 vult,
773 992 976 1050 quaedam
998 1005 1101 1035 vero
1123 989 1357 1050 aliquando
1387 990 1483 1035 vult
1500 1026 1511 1046 ,
1537 992 1618 1036 ali-

225 1063 402 1125 quando
425 1078 514 1106 non
536 1061 655 1116 vult,
681 1077 781 1105 cum
805 1061 999 1121 ejusdem
1023 1062 1192 1120 generis
1223 1077 1374 1107 omnes
1396 1062 1496 1107 sint.
1526 1057 1622 1108 Hoe

227 1136 368 1181 solum
390 1133 506 1176 enim
537 1132 645 1175 mihi
665 1131 813 1176 videre
835 1131 985 1176 videor
1007 1147 1096 1176 non
1119 1132 1210 1176 sine
1231 1148 1360 1177 causa
1381 1148 1471 1177 esse
1493 1134 1620 1178 istam

225 1204 490 1265 tripartitam
506 1202 779 1248 voluntatem
794 1202 1013 1247 rationalis
1030 1212 1241 1247 creaturae
1254 1237 1266 1259 ‚
1284 1203 1360 1248 sed
1376 1219 1476 1264 quae
1492 1219 1621 1249 causa

229 1278 283 1322 sit
304 1276 465 1319 nescio.
1376 1270 1399 1297 ·“

286 1346 492 1390 XLV111.
525 1346 577 1388 A.
603 1343 820 1396 Quoniam
853 1342 1056 1387 voluntas
1093 1350 1158 1387 est
1185 1358 1314 1388 causa
1346 1344 1541 1402 peccati,
1570 1353 1622 1391 tu

232 1427 376 1462 autem
400 1429 573 1459 causam
597 1415 728 1473 ipsius
745 1413 982 1458 voluntatis
1004 1413 1186 1473 inquiris
1204 1448 1215 1468 ‚
1241 1414 1275 1458 si
1293 1415 1406 1458 hane
1427 1415 1622 1460 invenire

230 1498 440 1548 potuero,
476 1500 624 1529 nonne
655 1499 828 1528 causam
858 1484 988 1528 etiam
1020 1485 1110 1543 ejus
1144 1499 1286 1528 causae
1317 1500 1416 1545 quae
1444 1485 1623 1531 inventa

231 1557 365 1603 fuerit
388 1556 651 1615 quaesiturus
672 1556 746 1599 es?
768 1557 825 1598 Et
847 1555 944 1613 quis
966 1553 1048 1598 erit
1071 1555 1298 1614 quaerendi
1317 1554 1473 1600 modus
1489 1590 1500 1610 ,
1525 1555 1622 1616 quis

233 1630 330 1673 finis
364 1625 680 1686 percunctandi
719 1639 767 1669 ac
804 1623 1042 1669 disserendi
1074 1641 1173 1669 cum
1210 1634 1252 1669 te
1286 1624 1402 1670 ultra
1431 1625 1623 1671 radicem

237 1714 431 1760 quaerere
453 1697 562 1741 nihil
590 1705 785 1756 oporteat
804 1698 822 1740 Ρ
851 1698 966 1741 Cave
989 1696 1104 1740 enim
1130 1705 1255 1755 putes
1277 1696 1518 1757 quidquam
1541 1712 1624 1756 po-

234 1770 365 1815 tuisse
398 1768 484 1812 dici
514 1767 656 1811 verius
683 1782 814 1825 quam
837 1766 882 1810 id
909 1766 1029 1826 quod
1052 1766 1218 1811 dictum
1239 1775 1304 1810 est
1330 1785 1339 1811 :
1369 1785 1389 1809 «
1414 1766 1625 1811 Radicem

240 1859 261 1883 »
287 1840 484 1884 omnium
505 1836 721 1881 malorum
745 1852 833 1881 esse
850 1837 1070 1881 avaritiam
1089 1839 1103 1862 ¹
1120 1871 1132 1892 ,
1158 1855 1180 1878 »
1204 1838 1289 1881 hoc
1311 1846 1375 1881 est
1395 1838 1492 1896 plus
1512 1837 1625 1882 velie
1668 1835 1671 1837 ’

237 1922 371 1970 quam
388 1918 451 1952 sat
469 1918 546 1951 est.
570 1910 756 1951 Tantum
779 1916 922 1951 autem
946 1917 1010 1951 sat
1027 1916 1116 1961 est,
1153 1916 1370 1966 quantum
1392 1908 1474 1951 sibi
1495 1907 1625 1966 exigit

238 1991 405 2025 naturae
428 1980 471 2023 in
492 1994 570 2022 suo
590 1992 746 2036 genere
764 1976 1070 2022 conservandae
1090 1978 1261 2021 modus.
1284 1977 1474 2023 Avaritia
1489 1980 1622 2034 enim,

241 2067 340 2111 quae
362 2065 499 2108 graece
522 2038 712 2103 φιῖαργυρία
737 2048 920 2102 dieitur,
952 2063 1042 2091 non
1075 2048 1121 2090 in
1154 2045 1246 2091 solo
1279 2057 1458 2106 argento
1485 2047 1554 2092 vel
1580 2049 1627 2092 in

242 2122 459 2175 nummis,
496 2120 614 2164 unde
647 2119 782 2177 magis
820 2134 979 2162 nomen
1012 2117 1184 2162 duxisse
1219 2127 1417 2176 resonat3
1447 2128 1628 2178 argento

243 2193 359 2237 enirn
385 2193 551 2237 nummi
572 2191 639 2236 vel
672 2191 805 2235 mixto
827 2198 1007 2249 argento
1029 2188 1299 2249 frequentius
1321 2188 1440 2249 apud
1463 2199 1627 2235 veteres

239 2264 404 2310 fiebant
425 2284 434 2308 :
455 2264 530 2308 sed
543 2263 589 2307 in
606 2263 808 2311 omnibus
823 2262 950 2305 rebus
965 2276 1065 2321 quae
1082 2258 1364 2304 immoderate
1383 2261 1625 2320 cupiuntur

239 2333 522 2393 intelligenda
555 2344 647 2388 est,
682 2333 951 2392 ubicumque
976 2333 1154 2376 omnino
1182 2331 1279 2391 plus
1315 2330 1412 2376 vult
1440 2332 1625 2390 quisque

245 2421 375 2464 quam
402 2417 467 2450 sat
488 2415 565 2450 est.
595 2409 696 2450 Haec
728 2415 873 2449 autem
907 2404 1081 2448 avaritia
1099 2403 1312 2463 cupiditas
1336 2412 1430 2460 est3
1453 2401 1624 2461 cupidi-

247 2484 310 2520 tas
327 2492 454 2534 porro
476 2477 678 2536 improba
699 2477 903 2523 voluntas
924 2485 1004 2522 est.
1031 2478 1148 2535 Ergo
1177 2475 1375 2534 improba
1395 2472 1594 2519 voluntas
1609 2507 1620 2527 ‚

298 2565 307 2580 ¹
332 2570 345 2590 1
365 2560 446 2593 Tim.
464 2572 510 2601 vi,
534 2572 583 2594 10.
