1729 3143
220 224 273 263 78
652 230 685 259 s.
721 231 953 260 Aneus'nm
985 233 1167 260 muscom

221 317 242 340 »
266 300 385 358 virga
404 300 459 343 de
475 298 618 342 radice
635 299 753 342 Jesse
769 332 780 353 ,
805 306 849 342 et
864 298 944 343 flos
962 298 1018 342 de
1034 296 1179 342 radice
1196 299 1288 357 ejus
1302 297 1527 342 ascendet1
1547 315 1556 342 :
1574 314 1597 338 η

217 370 379 428 virgam
412 368 655 427 significans
689 367 899 426 virginem
936 369 1117 413 Mariam
1136 402 1147 423 ‚
1178 376 1222 411 et
1257 368 1411 412 florem
1440 367 1573 425 virgae
1587 401 1598 422 ‚

217 439 358 483 filium
394 439 569 495 virginis
591 438 828 482 Dominum
862 441 1011 483 Jesum
1040 438 1277 484 Christum.
1319 438 1464 482 Judaei
1486 446 1605 482 ante-

219 525 352 569 quam
384 510 462 552 ista
494 509 649 553 fierent
666 544 677 565 ‚
707 509 911 568 legebant
928 545 941 565 7
976 519 1019 554 et
1041 525 1131 555 non
1152 509 1456 568 intelligebant
1476 528 1486 554 :
1510 523 1606 553 coe-

218 587 377 639 perunt
407 579 578 639 impleri
607 595 707 640 quae
745 581 955 641 promissa
984 591 1116 636 sunt,
1141 589 1185 625 et
1209 595 1299 625 non
1321 579 1603 639 gaudebant,

218 649 294 693 sed
315 650 460 709 potius
481 649 753 696 invidebant.
785 653 983 697 Nascitur
1011 651 1210 697 Christus
1231 665 1281 693 ex
1302 650 1471 708 virgine
1497 649 1610 694 sicut

219 720 299 764 flos
321 735 372 764 ex
391 721 541 780 virga,
566 722 658 766 sine
674 721 766 766 ullo
788 722 1029 781 composito
1049 722 1225 765 semine.
1251 721 1450 765 Nascitur
1466 719 1611 763 infans

221 805 405 849 parvus,
444 807 517 836 rex
544 807 740 851 magnus.
772 793 1024 838 Procedunt
1044 801 1161 836 certa
1188 791 1348 835 indicia
1368 825 1379 846 ,
1417 799 1461 834 et
1491 790 1613 848 signa

222 861 367 919 magni
386 862 499 920 regis
520 881 529 908 :
551 863 797 922 pastoribus
818 863 1026 907 nuntiant
1043 862 1198 922 Angeli
1216 897 1226 917 ‚
1253 877 1330 921 per
1346 860 1517 906 stellam
1537 875 1614 905 ve·-

220 929 288 973 lut
310 945 387 989 per
408 947 567 976 novam
588 933 785 992 linguam
805 933 995 978 clamant
1017 932 1132 977 coeli.
1159 931 1456 977 Adducuntur
1478 930 1533 974 de
1553 929 1616 975 lo-

222 1000 388 1061 ginquo
417 1005 534 1062 Magi
564 1023 572 1048 :
600 1005 782 1049 veniunt
797 1040 808 1059 ,
833 1014 883 1048 ut
909 1003 1092 1047 adorent
1115 1002 1260 1047 adhuc
1282 1004 1326 1046 in
1349 1001 1531 1061 praesepi
1549 1002 1617 1060 ja·-

222 1079 394 1114 centem
413 1104 424 1124 ‚
450 1072 527 1113 sed
544 1074 635 1129 jam
657 1074 702 1113 in
725 1073 843 1114 coelo
863 1078 906 1113 et
927 1074 974 1114 in
995 1079 1108 1114 terra
1131 1077 1400 1126 regnantem.
1429 1075 1616 1112 Annun-

221 1140 433 1184 tiantibus
462 1140 601 1198 Magis
633 1155 780 1199 regem
802 1149 956 1184 natum
971 1175 983 1196 ‚
1018 1140 1223 1184 turbatur
1246 1138 1440 1184 Herodes
1460 1160 1471 1197 3
1495 1148 1540 1183 et
1560 1153 1616 1183 ne

222 1225 407 1269 regnum
428 1209 583 1270 perdat
604 1210 701 1256 vult
729 1227 830 1256 eum
859 1211 1056 1256 occidere
1075 1246 1086 1266 ‚
1114 1212 1160 1255 in
1182 1225 1314 1271 quem
1336 1211 1369 1254 si
1391 1209 1612 1262 crederet,

223 1289 265 1324 et
286 1281 358 1325 hic
380 1296 580 1336 securus,
606 1291 650 1326 et
677 1282 723 1325 in
743 1281 817 1326 illa
845 1283 933 1326 vita
955 1282 1047 1326 sine
1067 1282 1155 1324 fine
1177 1290 1393 1340 regnaret.
1422 1280 1616 1324 Herodes

223 1365 247 1394 a
275 1353 299 1394 J
304 1351 437 1396 udaeis
457 1352 534 1396 ubi
555 1352 752 1396 Christus
774 1359 978 1394 nascatur
998 1350 1195 1411 inquirit.
1222 1354 1438 1404 Quaerunt
1457 1350 1587 1394 simul
1600 1384 1615 1406 ‚

222 1435 313 1464 non
343 1421 453 1464 sicut
488 1419 602 1475 Magi
635 1418 909 1463 adorandum
926 1455 937 1475 ‚
977 1420 1053 1464 sed
1086 1420 1317 1464 inventum
1346 1419 1611 1465 necandum.

223 1487 338 1541 Quid
356 1488 496 1542 times,
523 1488 733 1543 Herodes,
755 1488 856 1548 quia
874 1488 995 1532 audis
1013 1504 1158 1547 regem
1176 1492 1360 1534 natum?
1381 1493 1480 1536 Non
1497 1490 1616 1535 venit

222 1558 295 1602 ille
317 1567 367 1602 ut
389 1568 431 1603 te
455 1558 659 1603 excludat
674 1594 684 1613 ,
710 1558 786 1603 sed
809 1569 858 1604 ut
880 1559 1106 1605 diabolum
1128 1561 1291 1606 vincat.
1329 1561 1413 1606 Sed
1445 1570 1493 1606 tu
1520 1562 1616 1605 haec

223 1643 314 1672 non
329 1627 578 1687 intelligens
596 1630 784 1673 turbaris
801 1638 845 1674 et
861 1630 982 1675 saevis
999 1652 1010 1688 3
1031 1639 1074 1674 et
1091 1640 1140 1674 ut
1159 1631 1312 1690 perdas
1326 1646 1464 1676 unum
1482 1646 1616 1691 quem

225 1699 383 1758 quaeris
400 1734 411 1754 ,
438 1715 517 1758 per
548 1709 611 1744 tot
643 1700 866 1745 infantum
895 1711 1054 1746 mortes
1078 1717 1231 1760 magus
1254 1707 1272 1729 ²
1298 1702 1412 1747 forte
1434 1703 1616 1747 efficeris

224 1769 427 1813 crudelis.
462 1773 560 1815 Non
595 1780 637 1814 te
669 1771 758 1814 ulla
791 1772 926 1829 pietas
958 1771 1260 1830 plangentium
1288 1782 1504 1831 matrum,
1540 1782 1616 1817 aut

223 1840 469 1899 lugentium
491 1849 666 1899 patrum
694 1841 849 1885 funera
872 1841 1089 1896 filiorum,
1120 1858 1209 1886 non
1241 1843 1434 1902 mugitus
1463 1852 1505 1887 et
1541 1859 1616 1902 ge-

224 1910 354 1954 mitus
376 1921 547 1955 revocat
571 1910 808 1956 infantum.
834 1914 969 1957 Necas
990 1912 1194 1972 parvulos
1216 1928 1397 1973 corpore
1412 1948 1423 1968 ‚
1449 1913 1552 1973 quia
1572 1922 1617 1958 te

225 1990 352 2026 necat
375 1982 505 2027 timor
521 1983 567 2025 in
589 1982 719 2027 corde
739 2002 749 2027 2
768 1991 810 2026 et
828 1992 954 2042 putas
974 1983 1008 2027 si
1030 1985 1112 2028 hoc
1131 1982 1252 2043 quod
1269 1984 1390 2043 cupis
1407 1984 1617 2043 impleve-

225 2052 281 2096 ris
298 2088 309 2108 ‚
335 2052 413 2097 diu
444 2062 488 2097 te
515 2068 639 2112 posse
660 2054 832 2109 vivere,
867 2069 969 2098 cum
995 2055 1133 2114 ipsam
1155 2056 1290 2100 vitam
1312 2070 1481 2116 quaeras
1503 2055 1617 2100 occi-

225 2123 343 2167 dere.
370 2121 449 2166 Ille
471 2132 616 2168 autem
646 2123 743 2168 fons
776 2124 924 2183 gratiae
944 2160 955 2178 ‚
990 2140 1148 2183 parvus
1170 2135 1213 2170 et
1235 2141 1418 2185 magnus
1433 2161 1444 2180 ,
1472 2126 1549 2185 qui
1570 2125 1617 2168 in

226 2194 406 2253 praesepi
420 2195 535 2254 jacet
550 2229 561 2249 ,
586 2195 796 2238 thronum
817 2203 945 2239 tuum
963 2204 1096 2240 terret
1116 2216 1124 2240 :
1145 2197 1234 2255 agit
1249 2211 1327 2256 per
1348 2205 1391 2240 te
1417 2195 1617 2240 nescien-

231 2272 314 2307 tem
337 2280 485 2308 causas
510 2280 606 2309 suas
623 2300 634 2319 ‚
660 2274 702 2309 et
734 2280 757 2308 a
789 2265 1038 2324 captivitate
1060 2265 1223 2311 diaboli
1252 2266 1416 2309 animas
1438 2264 1611 2310 liberat.

230 2335 426 2393 Suscepit
460 2334 570 2379 filios
610 2335 887 2379 inimicorum
923 2335 967 2378 in
1006 2350 1237 2380 numerum
1288 2336 1612 2395 adoptatorum.

230 2404 477 2448 Moriuntur
498 2405 668 2464 parvuli
689 2420 768 2465 pro
787 2404 960 2450 Christo
982 2406 1217 2450 nescientes
1234 2440 1245 2459 ,
1270 2416 1470 2464 parentes
1488 2405 1615 2464 plan-

233 2482 342 2532 gunt
362 2484 571 2532 martyres
589 2477 819 2520 morientes
841 2493 849 2520 :
874 2474 947 2519 ille
968 2476 1167 2521 nondum
1184 2475 1413 2536 loquentes
1434 2476 1615 2521 idoneos

282 2564 289 2581 ¹
316 2558 386 2592 lsai.
403 2569 448 2600 xi,
471 2570 499 2591 1.
519 2575 561 2583 --
576 2565 589 2583 ²
609 2560 713 2592 Forte
730 2558 838 2601 magis.
