1729 3143
236 220 319 260 224
665 231 698 258 s.
735 232 967 260 mensum
999 234 1179 263 EPISCOPI

234 313 286 342 eo
311 299 433 358 quod
454 296 652 342 fabulosa
679 298 871 342 vanitate
892 297 948 343 de
972 301 1130 344 Satana
1155 308 1199 344 et
1224 308 1338 345 terra
1363 303 1621 361 germinasse

229 376 421 413 asserant
451 367 599 410 vitem.
634 367 779 411 Etiam
811 368 892 427 ipsi
920 384 1007 413 non
1031 384 1181 414 sanam
1202 368 1446 415 doctrinam
1465 388 1587 417 suam
1605 407 1616 427 ‚

229 438 389 497 quibus
413 435 570 480 volunt
585 470 596 491 ,
636 435 793 481 inflant
813 439 1067 483 nominibus
1085 439 1336 499 principum
1353 475 1364 496 ‚
1387 443 1526 486 carnis
1548 458 1619 487 re-

229 507 544 552 surrectionem
567 521 669 551 cum
691 510 849 552 Vetere
869 511 1146 554 Testamento
1168 522 1432 570 respuentes.

282 578 423 621 XXV.
457 576 623 622 Tatiani
644 594 668 622 a
692 579 873 624 Tatiano
895 581 1089 640 quodam
1109 581 1324 637 instituti,
1354 583 1432 642 qui
1455 591 1499 626 et
1527 585 1617 627 En-

223 647 388 692 cratitae
410 646 618 707 appellati
639 658 741 693 sunt
758 684 769 704 ‚
800 651 977 709 nuptias
1000 649 1213 695 damnant
1233 685 1244 706 ‚
1276 660 1409 712 atque
1437 653 1619 696 omnino

221 733 346 777 pares
368 733 438 763 eas
459 718 821 764 fornicationibus
845 719 1026 781 aliisque
1045 722 1402 781 corruptionibus
1426 720 1615 767 faciunt:

220 803 302 833 nec
319 789 538 849 recipiunt
555 790 600 833 in
618 805 798 835 suorum
815 806 1048 836 numerum
1068 792 1273 851 conjugio
1295 800 1509 846 utentem,
1530 793 1620 836 sive

220 874 388 905 marem
402 896 414 917 ,
443 861 532 905 sive
552 859 799 906 foeminam.
832 865 932 907 Non
951 871 1186 907 vescuntur
1204 862 1409 906 carnibus
1423 897 1433 917 ‚
1459 877 1620 922 easque

219 945 370 976 omnes
401 932 727 977 abominantur.
763 932 1031 977 Prolationes
1053 933 1265 993 quasdam
1294 932 1514 977 fabulosas
1536 947 1618 975 sae—

218 1000 421 1046 culorum
450 1003 581 1046 etiam
603 1003 674 1046 isti
697 1003 887 1062 sapiunt.
918 1003 1058 1048 Saluti
1079 1003 1209 1062 primi
1230 1002 1420 1046 hominis
1441 1011 1618 1046 contra-

217 1069 388 1115 dicunt.
415 1072 690 1132 Epiphanius
714 1072 917 1117 Tatianos
947 1082 991 1117 et
1023 1073 1266 1117 Encratitas
1293 1072 1354 1116 ita
1382 1071 1588 1116 discernit
1604 1106 1615 1126 ‚

217 1150 267 1184 ut
291 1143 535 1186 Encratitas
560 1144 732 1182 Tatiani
754 1144 1050 1189 schismaticos
1073 1145 1203 1188 dicat.

273 1214 441 1254 XXVI·
477 1208 781 1266 Cataphryg'es
811 1219 914 1252 sunt
949 1227 1141 1270 quorum
1179 1224 1378 1259 auctores
1408 1214 1615 1268 fuerunt,

213 1282 453 1324 Montanus
467 1287 680 1337 tanquam
697 1279 930 1337 paraclitus
943 1314 955 1334 ‚
980 1292 1024 1326 et
1042 1285 1144 1327 duae
1162 1282 1443 1337 prophetissae
1464 1282 1614 1339 ipsius,

215 1351 360 1393 Prisca
382 1357 426 1391 et
440 1347 693 1392 Maximilla.
721 1348 797 1391 His
822 1363 985 1392 nomen
1006 1348 1226 1406 provincia
1248 1344 1439 1407 Phrygia
1461 1350 1611 1406 dedit,

213 1420 317 1479 quia
339 1419 401 1462 ibi
419 1418 673 1471 extiterunt,
689 1417 841 1476 ibique
857 1418 1064 1461 vixerunt
1088 1436 1097 1461 z
1124 1426 1167 1461 et
1187 1419 1317 1462 etiam
1330 1435 1449 1463 nunc
1466 1421 1511 1463 in
1529 1421 1615 1464 eis-

213 1489 313 1534 dem
328 1489 525 1548 partibus
541 1487 728 1547 populos
753 1488 934 1532 habent.
961 1487 1215 1532 Adventum
1237 1489 1422 1548 Spiritus
1440 1492 1578 1535 sancti
1591 1508 1615 1535 a

212 1561 400 1605 Domino
423 1560 701 1619 promissum,
727 1559 774 1603 in
795 1574 839 1602 se
862 1559 1006 1617 potius
1029 1574 1161 1618 quam
1179 1559 1227 1602 in
1244 1559 1463 1618 Apostolis
1482 1560 1613 1605 fuisse

212 1640 408 1676 asserunt
434 1631 671 1674 redditum.
703 1629 924 1674 Secundas
946 1631 1121 1689 nuptias
1144 1645 1222 1689 pro
1246 1630 1612 1677 fornicationibus

210 1702 377 1746 habent
397 1717 406 1741 :
429 1711 472 1745 et
494 1702 594 1744 ideo
617 1702 773 1744 dicunt
795 1716 864 1744 eas
886 1702 1107 1760 pemisisse
1129 1702 1373 1761 apostolum
1397 1704 1607 1759 Paulum,

211 1774 313 1833 quia
335 1788 386 1817 ex
403 1781 525 1831 parte
548 1773 710 1816 sciebat
728 1807 738 1826 ‚
766 1781 808 1815 et
837 1788 887 1814 ex
911 1782 1032 1831 parte
1055 1774 1348 1832 prophetabat
1374 1794 1383 1819 :
1409 1776 1610 1820 nondum

210 1845 326 1889 enim
337 1852 515 1888 venerat
529 1843 650 1903 quod
660 1842 906 1902 perfectum
919 1846 1016 1886 est1.
1037 1845 1131 1887 Hoc
1145 1853 1291 1887 autem
1304 1846 1549 1902 perfectum
1564 1847 1611 1889 in

209 1918 471 1960 Montanum
495 1923 538 1958 et
560 1914 606 1957 in
629 1915 719 1973 ejus
738 1914 1028 1972 prophetissas
1045 1914 1213 1958 venisse
1236 1913 1438 1958 delirant.
1467 1918 1610 1960 Sacra-

210 1994 357 2030 menta
379 1985 669 2045 perhibentur
691 1983 853 2027 habere
876 1982 1049 2027 funesta
1072 2003 1079 2028 ;
1101 1999 1203 2027 nam
1221 1983 1275 2027 de
1293 1984 1472 2029 infantis
1490 1987 1609 2030 anni-

208 2056 296 2100 culi
327 2057 552 2114 sanguine,
584 2070 717 2115 quem
740 2053 794 2098 dc
818 2063 911 2099 toto
935 2056 1026 2114 ejus
1054 2069 1236 2113 empore
1267 2055 1446 2101 minutis
1467 2071 1608 2115 punc-

209 2127 380 2172 tionum
402 2125 658 2171 vulneribus
686 2133 969 2186 extorquent,
1007 2125 1129 2184 quasi
1157 2126 1461 2170 eucharistiam
1485 2141 1608 2170 suam

208 2199 423 2244 conficere
445 2197 734 2258 perhibentur
752 2231 762 2250 ‚
788 2197 1017 2239 miscentes
1036 2210 1136 2239 eum
1160 2193 1332 2250 farinae,
1358 2210 1607 2256 panemque

211 2270 313 2313 inde
335 2269 542 2314 facientes
566 2288 574 2313 ι
601 2269 674 2328 qui
699 2282 807 2327 puer
828 2267 862 2310 si
882 2276 1081 2311 mortuus
1104 2265 1257 2319 fuerit,
1283 2264 1470 2309 habetur
1488 2266 1606 2325 apud

213 2354 282 2384 eos
310 2356 389 2399 pro
412 2349 604 2397 martyre
624 2360 634 2395 3
660 2339 693 2382 si
715 2347 860 2382 autem
882 2338 1058 2391 vixerit,
1083 2352 1161 2396 pro
1184 2350 1341 2393 magno
1363 2335 1600 2380 sacerdote.

270 2412 458 2455 XXVII.
496 2410 731 2470 Pepuziani
764 2410 852 2453 sive
884 2406 1186 2461 Quintilliani,
1227 2422 1248 2449 a
1282 2406 1379 2451 loco
1412 2407 1605 2466 quodam

215 2481 427 2526 nominati
461 2491 590 2539 sunt,
627 2496 760 2541 quam
788 2479 1007 2525 civitatem
1031 2477 1243 2522 desertam
1276 2476 1380 2521 dicit
1405 2477 1602 2535 Epipha-

263 2572 275 2590 ¹
297 2576 312 2599 1
330 2568 403 2600 Cor.
422 2576 541 2610 xux,9.
