1729 3143
202 168 286 209 330
624 183 657 208 ε.
692 180 925 208 Atreus-nm
955 181 1138 210 muscum

199 258 290 288 esse
326 244 580 303 sapientem.
616 244 668 285 E.
706 243 891 287 Videtur
919 244 1113 288 omnino.
1139 247 1191 289 Α.
1217 245 1335 299 Quid
1355 281 1366 302 ‚
1401 247 1474 292 ille
1502 250 1580 308 qui

193 316 308 376 juste
328 314 456 366 vivit,
480 320 698 371 posset-ne
715 312 775 357 ita
793 314 952 369 vivere,
976 315 1057 358 nisi
1070 314 1237 360 videret
1256 331 1356 376 quae
1375 316 1580 364 inferiora

198 385 359 444 quibus
378 381 620 441 potioribus
642 382 823 438 subdat,
849 392 892 427 et
913 400 1011 444 quae
1029 385 1146 443 paria
1164 385 1355 429 subimet
1375 386 1551 446 copulet
1564 423 1577 444 ,

198 463 240 497 et
262 467 359 511 quae
382 451 553 510 propria
573 451 660 495 suis
677 453 924 513 quibusque
942 453 1174 498 distribuat
1187 457 1206 496 ⁶?
1226 457 1279 499 E.
1300 457 1398 500 Non
1418 466 1575 515 posset.

195 528 247 567 Α.
273 522 359 575 Qui
380 537 483 580 ergo
510 522 605 566 haec
635 524 777 578 videt,
811 540 918 568 num
941 540 1040 569 eum
1064 526 1240 584 negabis
1268 527 1483 585 sapienter
1515 528 1582 572 vi·-

196 592 333 636 dere?
353 595 405 636 E.
431 594 530 636 Non
551 608 679 652 nego.
705 597 758 637 A.
783 594 899 646 Quid
916 629 928 649 ,
963 594 1036 638 ille
1061 595 1138 654 qui
1172 594 1410 654 prudenter
1441 597 1546 641 vivit
1563 631 1577 653 ‚
1599 629 1604 633 -

194 677 342 706 nonne
364 661 484 721 eligit
503 663 899 722 incorruptionem,
925 673 968 708 et
989 679 1083 707 eam
1114 666 1385 724 corruptioni
1410 682 1582 726 praepo-

194 732 384 776 nendam
407 747 496 776 esse
525 731 752 776 decernit?
775 735 826 776 E.
863 733 1225 777 Manifestissime.
1259 737 1311 778 Α.
1345 737 1456 779 Cum
1479 751 1581 794 ergo

192 802 239 846 id
267 803 386 862 eligit
418 818 507 864 quo
540 813 764 848 convertat
796 804 1020 858 animum,
1059 805 1181 863 quod
1212 804 1459 862 eligendum
1491 821 1582 850 esse

193 888 323 917 nemo
366 874 547 931 ambigit
571 908 582 929 ,
622 889 729 917 num
766 874 915 932 negari
956 882 1099 933 potest
1135 874 1351 932 sapienter
1391 874 1582 933 eligere?

193 946 245 987 Ε.
272 942 405 987 Nullo
426 944 558 987 modo
581 943 844 997 negaverim.
879 947 929 986 Α.
956 945 1069 987 Cum
1102 958 1202 1000 ergo
1232 943 1289 986 ad
1309 943 1355 985 id
1373 946 1496 1000 quod
1516 961 1582 990 Sa-

192 1014 362 1072 pienter
383 1011 503 1068 eligit
523 1009 738 1053 convertit
755 1009 967 1064 animum,
993 1011 1208 1069 sapienter
1227 1012 1381 1070 utique
1398 1027 1583 1070 conver-

193 1083 260 1126 tit.
288 1084 339 1125 E.
366 1080 664 1125 Certissimum
687 1088 764 1122 est.
798 1082 849 1122 A.
877 1081 935 1123 Et·
963 1080 1041 1139 qui
1062 1080 1115 1124 ab
1145 1096 1196 1125 eo
1225 1080 1346 1141 quod
1367 1081 1583 1141 sapienter

193 1150 337 1209 eligit,
376 1159 419 1193 et
458 1164 548 1208 quo
590 1164 634 1193 se
665 1149 883 1208 sapienter
918 1151 1148 1205 convertit,
1185 1150 1317 1195 nullis
1347 1152 1584 1196 terroribus

192 1221 423 1279 poenisque
445 1218 701 1279 depellitur,
727 1219 943 1278 sapienter
965 1219 1057 1262 sine
1078 1219 1215 1262 dubio
1237 1219 1358 1263 facit.
1383 1224 1435 1264 E.
1460 1224 1582 1265 Pror-

192 1306 262 1334 sus
284 1291 375 1333 sine
398 1289 549 1334 dubio.
574 1293 626 1333 A.
652 1288 1052 1334 Manifestissimum
1073 1297 1137 1332 est
1157 1289 1288 1346 igitur
1310 1305 1460 1335 omnes
1484 1292 1577 1347 has,

192 1376 300 1420 quas
322 1359 492 1418 regulas
514 1361 700 1403 diximus
722 1368 765 1401 et
783 1357 950 1401 lumina
979 1358 1190 1402 virtutum
1211 1393 1222 1413 ‚
1248 1358 1304 1409 ad
1324 1361 1581 1419 sapientiam

191 1431 408 1490 pertinere
430 1449 438 1473 :
456 1427 817 1487 quandoquidem
831 1436 999 1486 quanto
1020 1428 1153 1485 magis
1171 1430 1356 1488 quisque
1379 1429 1434 1473 ad
1455 1445 1582 1488 agen-

192 1499 293 1544 dam
317 1500 451 1543 vitam
474 1497 532 1540 eis
555 1497 710 1551 utitur,
736 1505 779 1540 et
801 1495 1040 1540 secundum
1062 1498 1156 1542 haec
1178 1498 1267 1557 agit
1289 1499 1438 1555 vitam,
1457 1508 1580 1544 tanto

191 1569 324 1627 magis
345 1568 452 1612 vivit
474 1566 666 1627 facitque
688 1568 903 1627 sapienter
925 1587 934 1612 :
955 1583 1085 1612 omne
1105 1578 1251 1613 autem
1268 1570 1390 1629 quod
1409 1571 1581 1630 sapien-

191 1650 258 1684 ter
279 1640 329 1682 fit
343 1674 354 1694 ‚
386 1654 476 1682 non
499 1647 642 1697 potest
663 1647 778 1682 recte
800 1637 887 1682 dici
916 1655 939 1682 a
960 1639 1170 1698 sapientia
1197 1655 1286 1684 esse
1313 1649 1575 1700 separatum.

191 1712 244 1754 E.
269 1708 459 1752 Omnino
480 1709 539 1752 ita
562 1717 639 1752 est.
666 1711 718 1752 A.
753 1711 894 1760 Quam
919 1724 1019 1766 ergo
1041 1725 1154 1753 verae
1173 1719 1304 1769 atque
1330 1711 1579 1755 incommu-

192 1777 346 1822 tabiles
369 1786 471 1822 sunt
494 1776 654 1835 regulae
675 1792 982 1832 numerorum,
1008 1794 1197 1838 quorum
1217 1781 1429 1824 rationem
1447 1789 1578 1840 atque

192 1847 418 1891 veritatem
454 1845 871 1891 incommutabiliter
900 1856 1031 1906 atque
1060 1848 1348 1891 communiter
1375 1850 1580 1893 omnibus

194 1934 287 1963 eam
308 1917 585 1962 cernentibus
598 1952 609 1972 ‚
630 1911 789 1976 praesto
802 1931 891 1961 esse
903 1917 1067 1972 dixisti,
1092 1927 1180 1961 tam
1201 1927 1304 1962 sunt
1320 1933 1433 1962 verae
1446 1928 1579 1979 atque

194 1982 573 2033 incommutabiles
596 1987 759 2047 regulae
779 1989 1017 2046 sapientiae,
1042 1988 1097 2031 de
1119 1989 1278 2048 quibus
1295 1990 1443 2048 paucis
1459 2005 1577 2034 nunc

194 2057 443 2116 singillatim
469 2058 758 2115 interrogatus
782 2057 1041 2116 respondisti
1069 2072 1157 2102 esse
1182 2073 1303 2102 veras
1327 2068 1457 2117 atque
1481 2074 1577 2102 ma-

195 2129 389 2184 nifestas,
415 2144 571 2188 easque
604 2129 807 2172 omnibus
841 2129 917 2187 qui
947 2129 1041 2172 haec
1068 2130 1227 2172 intueri
1254 2128 1402 2173 valent
1419 2164 1430 2186 ‚
1454 2144 1576 2173 com-

194 2214 347 2243 munes
369 2199 424 2244 ad
445 2198 834 2258 contemplandum
857 2198 1001 2242 adesse
1023 2198 1238 2243 concedis.

251 2272 393 2314 XXX.
428 2273 480 2314 E.
506 2270 716 2315 Dubitare
736 2285 827 2314 non
847 2284 1037 2328 possum.
1066 2269 1151 2313 Sed
1180 2268 1413 2328 pervellem
1440 2270 1573 2325 scire,

196 2349 343 2383 utrum
364 2355 455 2385 uno
477 2339 622 2400 aliquo
647 2355 802 2398 genere
825 2339 1131 2384 contineantur
1152 2339 1245 2383 haec
1262 2338 1352 2383 duo
1366 2372 1378 2392 ‚
1402 2338 1576 2397 sapien-

195 2409 255 2451 tia
277 2411 438 2456 scilicet
453 2421 496 2455 et
511 2426 740 2466 numerus,
760 2411 863 2471 quia
877 2412 1111 2470 conjuncta
1131 2409 1262 2454 etiam
1279 2409 1325 2453 in
1346 2408 1574 2468 Scripturis

197 2480 350 2524 sanctis
370 2481 464 2527 haec
485 2481 624 2540 posita
650 2496 739 2527 esse
761 2480 1107 2526 commemorasti
1137 2498 1146 2524 ε
1184 2495 1239 2524 an
1260 2478 1443 2524 alterum
1465 2477 1565 2522 exie«

1011 2660 1033 2690 ſs
