1729 3143
366 250 448 276 Lm.
484 250 531 276 11.
568 249 621 276 m:
654 249 838 276 Momnus
870 247 1214 276 MANICHAEORUM.
1400 234 1482 273 553

161 315 239 357 xl.
276 314 392 366 Quid
414 314 528 358 enim
549 313 667 358 aliud
688 330 786 358 cum
805 330 970 374 quaero,
989 313 1096 374 quid
1117 313 1172 358 sit
1194 312 1374 367 malum,
1397 327 1483 356 res-

105 384 283 442 ponsuri
307 384 422 439 estis,
447 385 527 428 nisi
545 393 620 429 aut
641 383 762 444 quod
781 394 930 429 contra
950 393 1148 428 naturam
1170 391 1255 438 est,
1277 391 1351 427 aut
1367 381 1488 443 quod

105 463 275 509 noceat,
289 463 363 498 aut
375 455 714 514 corruptionem,
730 464 805 499 aut
819 454 985 514 aliquid
996 452 1270 514 hujusmodi?
1284 457 1351 498 An
1364 453 1409 497 in
1423 453 1489 498 his

106 522 276 568 ostendi
294 533 432 568 vestra
452 523 694 583 naufragia,
720 524 801 568 nisi
823 522 951 580 forte,
977 533 1027 569 ut
1049 523 1192 569 soletis
1219 538 1320 568 cum
1346 523 1489 583 pueris

105 593 332 654 pueriliter
354 610 502 653 agere,
531 593 844 653 respondebitis
869 593 1034 638 malum
1057 609 1146 639 esse
1169 594 1336 653 ignem,
1358 608 1489 638 vene·

107 680 231 720 num,
256 664 391 710 feram
404 701 414 721 ,
437 675 479 710 et
493 675 649 711 caetera
666 665 930 726 hujusmodi.
952 667 1060 711 Nam
1078 666 1206 710 etiam
1225 666 1280 710 de
1297 664 1490 725 quodam

107 733 278 779 dicente
303 735 470 779 nullam
492 736 775 781 substantiam
794 734 959 780 malum
977 750 1066 780 esse
1082 770 1093 790 ,
1118 751 1232 779 unus
1255 735 1309 779 de
1326 736 1490 795 prima—

108 804 224 849 tibus
246 805 375 865 hujus
393 806 566 850 haeresis
583 842 593 860 ,
619 821 751 866 quem
773 805 1025 850 familiarius
1046 806 1327 866 crebriusque
1344 805 1493 851 audie-

108 875 290 930 bamus,
327 875 532 920 dicebat:
560 875 726 919 Vellem
761 876 1032 935 scorpionem
1064 877 1108 920 in
1141 892 1274 921 manu
1307 876 1494 921 hominis

108 961 287 1006 ponere,
312 962 360 991 ac
382 946 529 991 videre
552 955 701 989 utrum
723 962 812 990 non
839 947 1112 991 subtraheret
1141 962 1320 991 manum
1341 963 1350 989 ε
1373 947 1494 1007 quod

110 1017 144 1060 si
168 1015 342 1071 faceret,
369 1032 458 1061 non
482 1016 640 1071 verbis,
666 1016 742 1061 sed
764 1032 810 1061 re
838 1018 927 1077 ipsa
951 1018 1282 1062 convinceretur
1304 1017 1495 1078 aliquam

111 1086 396 1131 substantiam
430 1086 592 1131 malum
628 1102 716 1131 esse
737 1123 747 1142 ,
785 1087 1143 1148 quandoquidem
1185 1087 1296 1132 illud
1337 1087 1497 1132 animal

111 1173 201 1202 esse
217 1158 502 1202 substantiam
524 1173 612 1203 non
635 1168 824 1216 negaret.
852 1161 908 1202 Et
930 1159 1102 1203 dicebat
1126 1160 1209 1204 hoc
1232 1173 1320 1203 non
1351 1173 1497 1203 coram

109 1229 184 1273 illo
199 1264 209 1283 ,
235 1229 311 1273 sed
333 1244 434 1273 cum
458 1228 512 1273 ad
541 1245 640 1273 eum
671 1245 748 1274 nos
775 1231 982 1275 commoti
1005 1230 1262 1274 referremus
1284 1230 1405 1290 quod
1426 1228 1497 1273 ille

110 1300 283 1344 dixisset
305 1318 312 1343 :
338 1299 631 1358 respondebat
647 1316 765 1359 ergo,
787 1311 835 1345 ut
852 1301 954 1357 dixi,
975 1300 1196 1361 pueriliter
1212 1301 1371 1361 pueris.
1393 1300 1499 1354 Quis

111 1370 227 1414 enim
251 1368 504 1413 meliuscule
526 1369 722 1415 imbutus
750 1380 793 1415 et
814 1372 1025 1426 eruditus,
1050 1387 1139 1416 non
1161 1371 1305 1415 videat
1326 1386 1403 1430 per
1432 1371 1501 1414 in-

111 1440 461 1485 convenientiam
493 1441 726 1500 corporalis
764 1443 1088 1501 temperationis
1118 1443 1214 1487 haec
1240 1441 1422 1496 laedere,
1452 1456 1501 1485 ac

111 1526 259 1555 rursus
283 1525 360 1570 per
386 1510 733 1555 convenientiam
765 1526 854 1555 non
875 1510 1050 1565 laedere,
1075 1526 1188 1570 saepe
1215 1512 1345 1555 etiam
1375 1526 1500 1555 com-

114 1582 242 1627 moda
265 1598 354 1627 non
376 1598 506 1642 parva
526 1581 723 1627 conferre
748 1584 765 1624 ?
794 1585 902 1628 Nam
932 1583 967 1626 si
989 1582 1099 1627 illud
1121 1597 1339 1627 venenum
1362 1596 1437 1641 per
1458 1597 1503 1627 se

115 1655 257 1713 ipsum
283 1653 447 1697 malum
471 1663 595 1708 esset,
622 1654 824 1698 eumdem
843 1654 1113 1713 scorpionem
1137 1653 1272 1712 magis
1293 1653 1501 1714 priusque

115 1726 361 1784 perimeret.
388 1728 444 1768 At
462 1734 614 1769 contra
628 1725 663 1769 si
677 1725 716 1768 ei
734 1725 906 1784 penitus
922 1724 1071 1784 aliquo
1090 1733 1215 1783 pacto
1231 1724 1500 1780 detrahatur,

116 1796 207 1839 sine
239 1794 513 1838 dubitatione
543 1795 753 1838 interiret.
787 1797 904 1852 Ergo
926 1793 1040 1838 illius
1061 1794 1231 1852 corpori
1251 1794 1417 1838 malurn
1439 1803 1502 1838 est

119 1864 334 1918 amittere,
351 1862 472 1923 quod
490 1872 638 1907 nostro
656 1864 862 1922 recipere.
881 1866 991 1907 Item
1006 1862 1069 1907 illi
1085 1863 1251 1908 bonum
1265 1872 1327 1907 est
1344 1864 1505 1908 habere

119 1933 181 1988 id,
201 1949 289 1993 quo
311 1933 437 1977 nobis
452 1933 618 1977 bonum
637 1942 700 1977 est
717 1948 877 1978 carere.
894 1935 988 1977 Erit
1005 1949 1107 1992 ergo
1124 1933 1276 1977 eadem
1294 1949 1359 1977 res
1376 1943 1419 1978 et
1430 1934 1504 1979 bo-

120 2018 228 2048 num
250 2012 293 2047 et
313 2002 502 2047 malum?
520 2001 651 2048 Nullo
673 2003 826 2060 modo,
850 2004 925 2047 sed
943 2003 1106 2047 malum
1128 2012 1191 2047 est
1212 2002 1332 2063 quod
1354 2012 1505 2050 contra

121 2084 321 2119 naturam
334 2083 420 2118 est:
440 2074 524 2117 hoc
540 2074 654 2117 enim
673 2082 715 2118 et
732 2073 879 2118 bestiae
897 2072 960 2117 illi
976 2083 1018 2118 et
1036 2073 1161 2118 nobis
1176 2072 1341 2118 malum
1358 2083 1438 2130 est,
1461 2074 1505 2119 id

123 2154 202 2199 est,
216 2144 307 2204 ipsa
319 2143 685 2198 inconvenientia,
703 2159 802 2204 quae
815 2143 904 2188 sine
918 2142 1054 2188 dubio
1067 2159 1157 2188 non
1170 2153 1233 2188 est
1246 2144 1503 2200 substantia,

122 2216 211 2260 imo
226 2224 290 2259 est
305 2215 478 2259 inimica
493 2215 762 2259 substantiae.
791 2214 916 2260 Unde
938 2224 1003 2260 est
1022 2215 1187 2274 igitur?
1211 2216 1398 2260 Attende
1417 2231 1506 2277 quo

125 2295 267 2345 cogat,
288 2294 331 2330 et
355 2285 518 2340 disces,
543 2287 577 2330 si
598 2295 744 2330 tamen
766 2287 811 2330 in
835 2295 875 2330 te
901 2286 1065 2346 aliquid
1087 2287 1301 2331 interioris
1330 2286 1505 2331 luminis

127 2357 247 2401 vivit.
271 2359 367 2402 Non
385 2372 473 2401 esse
492 2357 604 2400 enim
624 2357 741 2415 cogit
765 2372 893 2401 omne
923 2356 1044 2417 quod
1061 2357 1249 2416 perimit.
1273 2359 1385 2402 Deus
1406 2373 1506 2403 vero

128 2436 279 2471 auctor
296 2427 490 2471 essentiae
507 2436 569 2471 est
590 2446 597 2472 :
618 2442 697 2471 nec
720 2426 864 2487 aliqua
886 2427 1067 2471 essentia
1083 2435 1225 2486 potest
1244 2427 1380 2472 videri
1393 2443 1505 2486 esse,

129 2496 250 2558 quod
262 2497 305 2540 in
320 2513 404 2556 qua
421 2496 551 2541 fuerit
563 2497 679 2556 cogit
690 2513 777 2542 non
792 2512 895 2541 esse.
915 2497 1083 2542 Dicitur
1096 2513 1196 2556 ergo
1211 2497 1376 2558 aliquid
1389 2499 1507 2543 unde

132 2584 221 2614 non
244 2569 296 2613 sit
319 2568 682 2624 inconvenientia,
708 2583 806 2613 nam
830 2568 947 2613 unde
964 2570 1032 2621 sit,
1059 2569 1166 2614 nihil
1186 2568 1271 2615 dici
1288 2578 1443 2629 potest.
