1729 3143
223 231 277 270 56
651 240 684 267 s.
722 240 951 267 AUGUSTINI
982 240 1162 267 Emscom

216 310 354 350 Deum
373 314 416 349 et
432 306 652 351 hominem
668 338 679 358 ‚
705 304 808 363 quia
824 302 1066 348 secundum
1088 303 1310 348 hominem
1326 306 1468 349 minor
1485 313 1592 359 erat,

213 376 453 421 secundum
477 375 697 419 hominem
719 375 919 419 subditus
942 384 1055 429 erat,
1082 373 1325 418 secundum
1352 377 1492 418 Deum
1514 390 1598 418 au-

214 456 300 490 tem
323 461 450 504 supra
468 458 616 487 omnes
638 453 729 488 erat
751 463 760 489 ε
789 463 809 487 «
834 444 951 497 Quid
972 445 1079 488 mihi
1100 453 1143 487 et
1163 444 1244 486 tibi
1261 478 1272 498 ‚
1297 444 1441 503 inquit
1459 478 1471 498 ,
1495 459 1594 488 mu-

215 534 235 557 »
260 515 369 558 lier‘?
391 512 590 557 nondum
607 514 727 557 venit
747 515 853 558 hora
875 529 971 558 mea
991 517 1020 557 ¹.
1045 532 1065 555 »
1096 516 1321 572 Tanquam
1344 513 1382 556 ei
1402 512 1566 557 diceret
1585 532 1594 556 :

212 585 366 627 Veniet
387 583 494 627 hora
513 618 523 638 ‚
549 583 727 642 quando
758 584 803 627 id
827 584 947 643 quod
968 593 1121 628 natum
1153 593 1217 627 est
1253 583 1307 626 de
1336 592 1379 626 te
1404 584 1450 626 in
1472 597 1602 627 cruce

193 652 406 713 *pendens
429 663 632 711 agnoscat
649 663 708 708 te,
739 664 782 698 et
803 655 1025 713 Discipulo
1050 654 1210 698 dilecto
1230 653 1509 697 commendet
1529 662 1598 696 te:

211 725 257 766 in
278 725 362 767 hoc
384 732 530 767 autem
552 724 761 768 miraculo
789 723 895 784 quid
924 725 1030 768 mihi
1062 733 1106 768 et
1128 724 1239 768 tibi?
1260 726 1358 769 Non
1380 724 1496 767 euim
1517 724 1602 766 hoc

209 795 418 853 processit
439 809 491 837 ex
514 803 557 838 te
574 828 585 849 ,
611 793 689 838 sed.
711 809 761 838 ex
779 809 830 838 eo
852 794 928 854 qui
950 794 1055 838 iecit
1076 803 1120 838 te
1146 813 1155 838 :
1180 809 1270 838 non
1291 793 1501 852 competit
1521 793 1603 837 tibi

210 872 261 907 ut
284 863 440 922 jubeas
471 866 561 907 Deo
581 898 592 919 ,
629 865 840 923 competit
862 873 1009 908 autem
1031 872 1082 907 ut
1107 863 1283 907 subdita
1304 863 1359 906 sis
1381 865 1486 906 Deo.
1519 861 1605 906 Sed

210 934 282 991 pia
315 942 453 977 mater
486 949 586 992 quae
618 950 708 978 non
747 949 894 992 aspere
927 934 1029 977 tulit
1061 934 1403 977 admonitionem
1424 931 1503 975 filii
1536 930 1605 975 di-

211 1002 346 1046 centis
370 1021 379 1046 z
409 1020 430 1044 «
455 1003 569 1055 Quid
587 1003 695 1046 mihi
717 1012 760 1046 et
777 1003 891 1047 tibi?
916 1021 935 1044 »
961 1002 1108 1047 videat
1134 1003 1179 1046 in
1201 1003 1369 1046 caeteris
1386 999 1605 1045 miraculis

212 1075 353 1115 Deum
369 1081 621 1130 operantem
634 1107 645 1126 ,
670 1088 802 1130 quem
822 1073 1077 1116 intuebatur
1094 1072 1234 1115 filium
1257 1071 1574 1114 adolescentem
1590 1104 1602 1124 ,

212 1141 357 1185 videat
391 1156 607 1185 caecorum
637 1141 1004 1185 illuminationem
1020 1175 1030 1195 ‚
1055 1142 1327 1199 leprosorum
1349 1139 1603 1183 mundatio-

209 1225 310 1253 nem
329 1245 341 1264 ,
366 1210 625 1254 claudorum
650 1224 800 1254 cursus
818 1244 830 1264 ‚
856 1209 1087 1253 surdorum
1117 1208 1291 1252 auditus
1311 1243 1322 1263 ‚
1349 1209 1603 1253 daemonum

210 1279 456 1337 fugationes
474 1314 486 1334 ‚
521 1288 564 1323 et
580 1279 701 1338 quod
719 1280 859 1338 majus
880 1280 945 1322 his
971 1279 1176 1323 omnibus
1192 1312 1203 1332 ,
1239 1287 1514 1323 mortuorum
1536 1294 1605 1321 re-

210 1351 539 1394 surrectionem.
568 1349 654 1393 Sed
684 1349 828 1392 adhuc
856 1358 1060 1406 agnoscat
1080 1349 1175 1393 haec
1198 1358 1335 1392 mater
1356 1383 1367 1403 ‚
1407 1358 1450 1392 et
1471 1364 1603 1408 expa-

211 1429 357 1465 vescat
377 1419 455 1462 filii
474 1418 540 1461 sui
562 1417 690 1461 etiam
707 1420 1000 1476 juventutem.

260 1491 358 1532 XV.
382 1486 496 1540 Quid
508 1496 639 1531 restat
650 1488 819 1546 juveni,
836 1488 916 1530 nisi
930 1496 979 1531 ut
991 1488 1200 1546 procedat
1211 1487 1333 1531 velut
1349 1503 1532 1546 sponsus
1549 1487 1604 1531 de

212 1559 404 1604 thalamo
428 1560 537 1601 suo?
564 1558 760 1616 Accipiat
773 1572 955 1616 sponsus
973 1572 1172 1616 sponsam
1187 1592 1198 1612 ‚
1219 1567 1441 1616 quaeratur
1453 1592 1463 1612 ,
1481 1558 1604 1601 inve-

211 1629 355 1672 niatur
373 1643 472 1687 quae
494 1629 533 1670 ei
550 1629 855 1686 conjungatur.
880 1629 977 1671 Non
999 1636 1063 1670 est
1080 1626 1195 1671 solus
1216 1628 1365 1681 homo,
1393 1627 1468 1671 sed
1489 1629 1602 1671 Deus

212 1707 274 1742 est
290 1706 333 1741 et
353 1697 485 1740 homo
506 1717 516 1754 3
541 1706 763 1755 quaeratur
783 1712 883 1755 quae
901 1696 939 1738 ei
959 1697 1266 1755 conjungatur.
1292 1697 1440 1748 Qualis
1463 1706 1525 1740 est
1547 1696 1601 1740 de

210 1784 298 1828 qua
317 1776 443 1810 natus
462 1776 524 1811 est
541 1801 552 1820 ‚
588 1767 683 1810 talis
701 1767 739 1810 ei
758 1766 1004 1810 inveniatur
1019 1801 1030 1819 ,
1055 1781 1154 1825 quae
1174 1775 1217 1809 et
1236 1775 1418 1809 matrem
1444 1767 1599 1811 reddat

211 1838 465 1881 foecundam
491 1871 502 1891 ‚
543 1844 585 1879 et
616 1835 824 1893 virginem
847 1844 986 1879 servet
1008 1835 1231 1879 intactam.
1264 1836 1400 1880 Filius
1423 1851 1596 1895 perma-

214 1909 355 1952 nentis
367 1906 561 1963 virginis,
584 1906 793 1964 virginem
810 1920 1134 1964 permansuram
1153 1906 1351 1965 accipiat.
1369 1909 1482 1950 Ecce
1492 1915 1602 1949 tem-

212 1993 292 2036 pus
313 1986 376 2020 est
402 1996 411 2020 2
437 1975 567 2020 modo
586 1975 727 2019 Judaei
743 1990 864 2019 suam
883 1974 1096 2033 impleant
1111 1975 1399 2030 voluntatem,
1421 1976 1600 2035 quando

213 2049 419 2105 dignatur
446 2047 537 2104 ipse
569 2045 671 2088 dare
692 2053 965 2104 potestatem.
990 2045 1114 2101 Agite
1131 2079 1141 2098 ‚
1167 2043 1308 2087 Judaei
1326 2080 1335 2098 ‚
1361 2045 1600 2088 nescientes

211 2117 383 2175 nuptias
397 2116 524 2173 Agin,
538 2116 637 2159 date
648 2116 875 2174 praemium
888 2115 1086 2173 pecuniae
1099 2113 1213 2158 malo
1224 2113 1433 2158 nebuloni
1447 2117 1472 2159 J
1476 2115 1574 2158 udae
1587 2133 1597 2159 ς

213 2188 325 2244 agite
341 2195 391 2229 ut
412 2184 484 2228 ille
506 2185 582 2244 qui
605 2194 730 2228 natus
752 2193 815 2227 est
832 2185 887 2227 de
909 2184 1075 2241 virgine
1095 2218 1105 2238 ‚
1132 2200 1154 2227 a
1174 2184 1330 2228 Pontio
1353 2183 1491 2227 Pilato
1507 2199 1601 2227 sus-

208 2256 425 2315 pendatur
444 2256 490 2298 in
519 2270 662 2299 cruce.
698 2255 914 2299 Ascendat
944 2269 1124 2313 sponsus
1156 2263 1302 2298 noster
1324 2252 1503 2297 thalami
1533 2255 1599 2297 sui

210 2326 379 2382 lignum
398 2361 408 2380 ,
445 2325 648 2370 ascendat
684 2340 865 2384 sponsus
903 2334 1047 2368 noster
1083 2323 1263 2368 thalami
1303 2323 1370 2366 sui
1411 2322 1590 2366 lectum.

210 2394 403 2437 Dormiat
427 2394 677 2449 moriendo,
703 2394 919 2453 aperiatur
939 2395 1029 2452 ejus
1051 2394 1164 2437 latus
1181 2427 1191 2445 ,
1217 2401 1261 2435 et
1282 2391 1473 2436 Ecclesia
1493 2407 1591 2451 pro-

209 2463 309 2506 deat
325 2464 446 2521 virgo
467 2483 475 2507 ε
502 2474 550 2508 ut
572 2465 794 2524 quomodo
816 2466 906 2507 Eva
924 2463 1037 2506 facta
1060 2472 1124 2507 est
1140 2478 1190 2506 ex
1208 2461 1341 2505 latere
1360 2461 1468 2506 Adae
1488 2461 1591 2506 dor-

259 2553 268 2568 1
287 2549 377 2577 Jonn.
399 2558 434 2585 ιι,
455 2551 485 2586 4.
