1729 3143
219 174 301 209 312
647 181 680 208 5.
717 181 944 208 Acous‘nm
979 182 1157 209 13121500121

216 248 532 308 praecellentem
548 246 743 289 sensibus
761 247 968 304 corporis,
989 262 1044 289 an
1060 245 1226 305 aliquid
1248 246 1394 291 aliud?
1416 251 1468 292 E.
1484 251 1593 293 Nes-

213 319 294 362 cio.
322 322 373 360 A.
403 316 517 358 Illud
533 324 679 358 tamen
693 315 787 369 scis,
806 330 855 359 ea
877 315 1048 359 definiri
1065 315 1145 359 nisi
1165 316 1330 359 ratione
1347 332 1436 360 non
1452 333 1596 376 posse3

213 401 355 445 neque
377 385 590 428 rationem
610 384 657 427 id
677 383 835 439 facere,
854 385 934 429 nisi
951 384 1005 428 de
1021 384 1072 429 iis
1094 401 1192 444 quae
1212 385 1294 430 sibi
1313 385 1598 430 examinanda

213 457 474 501 offeruntur.
501 457 551 498 E.
578 456 757 499 Certum
785 464 862 499 est.
895 458 948 500 Α.
982 454 1211 512 Quidquid
1231 455 1364 513 igitur
1385 464 1450 499 est
1480 455 1600 499 aliud

212 541 298 584 quo
320 523 468 567 sentiri
492 532 635 582 potest
657 539 786 568 omne
808 523 929 584 quod
952 525 1133 579 scimus,
1161 524 1448 568 ministerium
1466 525 1600 569 ratio-

211 594 276 638 nis
301 603 390 648 est‚
420 595 490 638 cui
523 594 653 638 offert
685 604 728 639 et
759 595 981 639 renuntiat
1013 594 1230 653 quidquid
1261 594 1448 652 attingit,
1479 602 1530 637 ut
1551 608 1601 637 ea

211 681 310 724 quae
332 666 580 709 sentiuntur
602 665 789 709 discerni
811 665 896 709 suis
917 664 1079 709 finibus
1100 664 1287 724 possint,
1319 672 1362 708 et
1388 679 1479 709 non
1500 678 1602 707 sen-

211 734 357 780 tiendo
392 744 591 790 tantum,
624 735 700 779 sed
728 735 858 780 etiam
891 734 1068 779 sciendo
1100 733 1431 794 comprehendi.
1462 736 1515 778 E.
1537 736 1604 777 Ita

206 813 283 849 est.
323 809 372 847 A.
409 806 526 858 Quid
547 808 638 865 ipsa
672 807 780 850 ratio
810 821 909 866 quae
941 806 1160 850 ministros
1190 820 1317 860 suos,
1344 814 1388 849 et
1418 819 1468 848 ea
1500 819 1602 864 quae

204 884 444 931 suggerunt
461 904 471 923 ‚
498 876 706 912 discernit
729 875 784 911 ab
806 875 1018 922 invicem,
1043 884 1087 912 et
1108 876 1215 911 item
1242 874 1351 927 quid
1380 875 1493 913 inter
1509 874 1605 914 haec

207 952 249 986 et
278 941 483 998 seipsam
506 938 661 992 distet,
689 937 907 995 agnoscit,
944 951 1077 997 seque
1105 936 1190 980 illis
1221 939 1606 997 praepotentiorem

206 1026 295 1055 esse
317 1009 569 1061 confirmat,
597 1021 704 1050 num
723 1006 806 1050 alia
824 1021 869 1049 re
891 1021 935 1049 se
958 1006 1095 1065 ipsam
1115 1007 1196 1050 nisi
1221 1022 1268 1050 se
1300 1008 1392 1067 ipsa
1408 1042 1419 1062 ‚
1445 1007 1490 1052 id
1515 1017 1601 1064 est,

206 1080 418 1124 rationem
445 1076 807 1135 comprehendit?
830 1091 886 1120 an
909 1075 1033 1119 aliter
1056 1077 1183 1120 scires
1214 1085 1256 1121 te
1286 1078 1449 1121 habere
1474 1078 1605 1123 ratio-

205 1163 307 1192 nem
326 1182 336 1202 ‚
363 1146 444 1190 nisi
478 1146 523 1190 id
553 1146 718 1190 ratione
748 1146 1022 1205 perciperes?
1044 1148 1095 1190 E.
1127 1147 1411 1190 Verissimum
1443 1156 1519 1191 est.
1546 1150 1599 1192 A.

207 1217 425 1271 Quoniam
449 1231 551 1274 ergo
574 1231 674 1260 cum
703 1215 895 1261 colorem
928 1216 1137 1260 sentimus
1152 1251 1162 1271 ‚
1188 1232 1279 1261 non
1304 1217 1456 1261 itidem
1478 1233 1606 1262 sensu

208 1289 301 1347 ipso
319 1303 397 1331 nos
419 1287 577 1331 sentire
595 1287 725 1330 etiam
748 1287 956 1330 sentimus
975 1307 985 1342 3
1009 1301 1153 1344 neque
1179 1302 1281 1331 cum
1307 1287 1508 1331 audimus
1529 1303 1603 1333 so-

207 1374 313 1403 num
329 1393 339 1412 ‚
366 1367 563 1402 nostrum
586 1359 716 1400 etiam
739 1356 939 1400 audimus
957 1355 1155 1400 auditum
1175 1377 1186 1413 3
1212 1372 1356 1416 neque
1373 1373 1475 1402 cum
1495 1358 1601 1403 olfa-

208 1431 344 1474 cimus
365 1443 506 1472 rosam
522 1462 532 1481 ‚
560 1426 648 1471 olet
677 1427 802 1471 nobis
835 1426 1001 1486 aliquid
1022 1436 1065 1471 et
1091 1427 1182 1485 ipse
1216 1427 1432 1486 ollactus3
1460 1443 1604 1488 neque

206 1499 449 1560 quidquam
474 1497 750 1556 gustantibus
772 1497 883 1557 sapit
904 1498 949 1541 in
972 1513 1046 1542 ore
1068 1498 1159 1557 ipse
1182 1507 1355 1557 gustuS‚
1388 1514 1468 1544 nec
1501 1509 1601 1544 tan-

206 1579 355 1628 gentes
377 1568 566 1628 aliquid,
591 1568 735 1627 ipsum
769 1568 898 1612 etiam
932 1568 1140 1627 tangendi
1167 1584 1343 1613 sensum
1374 1585 1603 1629 possumus

206 1649 383 1697 tangere
405 1658 413 1683 ε
435 1637 714 1683 manifestum
728 1648 792 1682 est
809 1639 1007 1698 quinque
1024 1639 1126 1684 istos
1147 1655 1295 1684 sensus
1309 1639 1433 1685 nullo
1450 1655 1602 1685 eorum

208 1725 337 1754 sensu
358 1724 481 1768 posse
512 1708 689 1763 sentiri,
720 1710 914 1768 quamvis
937 1710 995 1752 eis
1017 1710 1259 1767 corporalia
1282 1725 1471 1770 quaeque
1500 1725 1602 1754 sen-

209 1781 389 1824 tiantur.
416 1782 467 1823 E.
489 1777 770 1822 Manifestum
793 1788 871 1822 est.

267 1852 324 1894 X.
361 1853 412 1894 A.
439 1849 640 1893 Arbitror
669 1849 798 1892 etiam
824 1848 936 1893 illud
970 1863 1057 1892 esse
1089 1848 1369 1894 manifestum
1387 1884 1398 1905 ,
1429 1864 1603 1894 sensum

209 1919 334 1963 illum
355 1919 624 1973 interiorem,
651 1933 741 1962 non
763 1933 812 1961 ea
830 1927 1003 1962 tantum
1029 1919 1189 1962 sentire
1213 1934 1313 1977 quae
1337 1920 1549 1978 acceperit
1578 1936 1603 1964 a

211 1990 408 2049 quinque
429 1989 624 2033 sensibus
647 1989 863 2048 corpori83
888 1988 964 2032 sed
987 1989 1117 2033 etiam
1138 1989 1253 2047 ipsos
1278 1990 1334 2033 ab
1356 2004 1407 2034 eo
1435 1990 1598 2034 sentiri.

209 2065 307 2108 Non
324 2062 439 2106 enim
462 2061 586 2106 aliter
604 2062 739 2105 bestia
757 2070 950 2106 moveret
972 2076 1015 2104 se
1031 2096 1042 2115 ‚
1067 2060 1138 2105 vel
1155 2061 1401 2121 appetendo
1418 2061 1599 2122 aliquid,

211 2132 280 2176 vel
299 2132 507 2190 fugiendo
523 2167 534 2187 ,
561 2133 642 2176 nisi
670 2148 714 2176 se
740 2133 897 2176 sentire
919 2133 1126 2187 sentiret,
1150 2148 1241 2176 non
1262 2134 1317 2177 ad
1344 2132 1571 2176 sciendum
1590 2168 1601 2188 ‚

212 2217 313 2246 nam
335 2203 419 2247 hoc
441 2201 618 2246 rationis
651 2211 741 2256 est,
772 2201 849 2247 sed
875 2211 1047 2246 tantum
1077 2202 1132 2246 ad
1160 2201 1450 2256 movendum,
1484 2201 1606 2261 quod

215 2287 303 2316 non
321 2273 473 2332 utique
494 2272 642 2331 aliquo
663 2271 837 2316 illorum
866 2272 1064 2331 quinque
1087 2273 1231 2317 sentit.
1259 2271 1389 2325 Quod
1406 2273 1441 2316 si
1461 2272 1606 2316 adhuc

218 2342 451 2386 obscurum
485 2352 576 2399 est,
615 2342 828 2387 elucescet
857 2344 891 2387 si
923 2343 1238 2388 animadvertas
1269 2342 1390 2403 quod
1419 2342 1605 2402 exempli

218 2413 353 2469 gratia
375 2423 438 2457 sat
461 2424 524 2458 est
540 2415 586 2458 in
607 2430 696 2458 uno
719 2413 865 2474 aliquo
889 2429 1038 2469 sensu,
1064 2413 1182 2458 velut
1203 2415 1249 2458 in
1275 2415 1386 2458 visu.
1407 2416 1606 2471 Namque

216 2483 380 2541 aperire
402 2485 577 2529 oculum
595 2520 606 2540 ‚
627 2494 670 2530 et
693 2499 869 2530 movere
893 2484 1140 2543 aspiciendo
1160 2483 1214 2528 ad
1235 2485 1281 2529 id
1309 2482 1430 2543 quod
1457 2481 1605 2528 videre
