1729 3143
219 163 300 199 110
648 175 679 198 s.
717 173 946 198 *mensum
979 172 1159 198 Eptscovl

212 236 498 296 disciplinam.
524 238 637 281 Cum
660 245 888 293 propterea
910 235 1101 280 debeant
1128 236 1174 278 in
1196 237 1328 279 domo
1352 236 1591 295 disciplinae

211 307 405 366 accipere
422 305 711 364 disciplinam,
733 314 781 349 ut
797 314 970 350 servent
992 304 1111 349 illam
1131 314 1174 349 et
1194 305 1240 349 in
1255 305 1457 350 domibus
1479 306 1566 350 suis
1583 324 1592 350 :

211 377 292 435 ipsi
322 385 472 420 contra
488 410 498 429 ,
540 374 979 434 indisciplinationem
1014 391 1104 420 non
1147 376 1288 419 solum
1318 376 1363 419 in
1397 375 1599 420 domibus

211 447 297 491 suis
320 446 478 489 habere
499 444 682 500 volunt,
714 445 789 490 sed
810 446 925 489 serre
946 445 1065 489 illam
1095 461 1243 490 secum
1266 454 1309 488 et
1338 444 1395 489 ad
1417 445 1600 489 domum

211 514 464 573 disciplinae.
491 514 596 559 Ideo
619 514 736 574 apud
758 531 866 575 quos
889 531 978 560 non
1005 524 1130 559 vacat
1163 515 1346 559 verbum
1381 515 1486 570 Dei,
1523 514 1600 574 qui

209 599 282 627 cor
303 584 397 627 auri
419 585 718 644 conjungunt3
743 586 819 645 qui
841 601 931 629 non
953 594 1055 629 sunt
1077 585 1166 640 via,
1201 585 1279 629 ubi
1303 600 1473 639 semen,
1497 599 1600 629 cum

207 653 426 710 ceciderit,
449 655 504 699 ab
523 655 672 700 avibus
689 655 954 713 colligitur13
979 655 1055 715 qui
1072 670 1162 698 non
1179 663 1280 699 sunt
1295 665 1465 714 petrosa
1483 653 1597 709 loca,

207 724 285 767 ubi
304 739 451 768 semen
467 724 596 769 altam
613 725 802 769 radicem
822 725 985 769 habere
1007 740 1096 768 non
1116 733 1260 784 potest
1277 759 1288 778 ,
1309 734 1352 768 et
1370 724 1426 768 ad
1443 725 1600 769 horam

207 794 293 839 exit
309 829 320 850 ,
345 804 388 839 et
408 795 454 839 in
470 804 580 840 aestu
600 796 781 853 arescit3
803 795 882 855 qui
905 810 995 839 non
1011 804 1115 839 sunt
1136 809 1239 854 ager
1259 794 1459 854 spinosus
1474 829 1486 849 ‚
1521 794 1601 838 ubi

206 879 355 908 semen
383 881 484 910 cum
514 867 820 925 germinaverit
854 875 898 910 et
931 866 977 909 in
1015 881 1140 910 auras
1183 881 1359 925 surgere
1388 864 1571 924 coeperit
1585 899 1597 919 ,

206 936 428 993 spinarum
450 935 663 980 densitate
685 936 927 981 suffocatur
954 955 963 980 :
989 935 1065 980 sed
1096 936 1173 996 qui
1201 945 1304 979 sunt
1338 945 1453 979 terra
1487 935 1602 980 bona

206 1014 354 1063 parata
376 1021 523 1050 semen
543 1005 738 1064 accipere
751 1041 762 1060 ,
787 1015 831 1050 et
847 1005 1042 1051 fructum
1057 1005 1240 1051 reddere
1254 1005 1325 1050 vel
1344 1014 1598 1061 centenum,

205 1075 275 1118 vel
297 1085 587 1129 sexagenum,
611 1077 681 1114 vel
703 1076 918 1114 tricenum
946 1089 954 1114 :
989 1073 1331 1127 (Recordamini
1347 1107 1358 1126 ,
1402 1073 1478 1131 qui
1512 1088 1604 1117 non

206 1144 300 1187 sine
325 1156 454 1185 causa
487 1140 655 1184 intratis
677 1139 917 1198 disciplinae
940 1138 1133 1183 scholam
1151 1175 1162 1194 ,
1193 1141 1269 1184 has
1295 1156 1367 1184 me
1397 1141 1602 1186 similitu-

205 1211 327 1257 dines
349 1226 400 1254 ex
421 1209 658 1267 Evangelio
680 1224 1068 1254 commemorasse:
1087 1214 1100 1265 )
1117 1210 1192 1269 qui
1213 1225 1318 1268 ergo
1341 1210 1448 1254 tales
1469 1221 1598 1268 sunt,

206 1281 421 1340 accipiant
455 1280 576 1341 quod
611 1296 688 1339 per
717 1295 787 1324 me
822 1280 1033 1324 Dominus
1070 1280 1214 1324 dicere
1249 1279 1470 1338 dignatur.
1505 1285 1601 1342 Ego

206 1353 346 1406 enim,
372 1351 582 1411 quoniam
601 1350 676 1393 ille
699 1350 898 1404 seminat,
924 1350 1034 1409 quid
1051 1352 1180 1394 sum?
1203 1351 1284 1394 Vix
1304 1352 1517 1409 cophinus
1532 1367 1601 1396 se-

206 1422 423 1467 minantiS.
451 1424 547 1481 Ipse
566 1421 613 1465 in
635 1436 704 1464 me
727 1435 888 1480 ponere
910 1421 1139 1479 dignatur,
1169 1420 1290 1481 quod
1322 1422 1447 1466 vobis
1477 1438 1597 1483 spar-

207 1501 291 1552 gat.
318 1491 462 1537 Nolite
496 1505 598 1548 ergo
627 1489 850 1534 attendere
878 1489 934 1534 ad
961 1490 1175 1535 vilitatem
1207 1492 1408 1551 cophini,
1445 1492 1521 1538 sed
1545 1494 1600 1538 ad

208 1563 465 1606 charitatem
487 1560 662 1604 seminis
681 1569 723 1604 et
741 1560 796 1604 ad
817 1569 1077 1619 potestatem
1095 1563 1382 1607 seminatoris.

266 1635 322 1676 ΙΙ.
359 1631 476 1685 Quid
498 1639 561 1675 est
577 1646 678 1689 ergo
696 1631 806 1675 bene
826 1631 993 1687 vivere,
1022 1633 1143 1692 quod
1164 1633 1236 1677 hic
1254 1633 1467 1678 discitur?
1483 1637 1601 1678 Prae-

206 1713 332 1762 cepta
354 1701 494 1746 multa
515 1711 616 1746 sunt
637 1702 682 1746 in
703 1701 800 1761 lege
819 1737 829 1756 ‚
855 1703 1016 1762 quibus
1038 1703 1128 1762 ipsa
1153 1703 1268 1747 bona
1291 1704 1378 1747 vita
1399 1705 1598 1748 contine-

206 1784 275 1819 tur
294 1808 304 1828 ,
329 1774 568 1832 imperatur
590 1781 632 1816 et
650 1773 842 1816 discitur.
870 1772 1010 1817 Multa
1031 1773 1211 1816 omnino
1230 1783 1449 1832 praecepta
1470 1783 1596 1828 sunt,

205 1843 558 1889 innumerabilia.
594 1846 921 1902 Praeceptorum
943 1843 1135 1902 ipsorum
1159 1844 1337 1902 paginas
1369 1844 1440 1887 vix
1475 1845 1597 1904 quis,

206 1931 339 1976 quam
362 1923 613 1969 enumerat,
648 1923 816 1974 quanto
843 1914 978 1973 magis
1003 1914 1092 1973 ipsa
1111 1915 1128 1957 Ξ)
1158 1916 1266 1967 Quae
1289 1913 1428 1958 voluit
1451 1923 1600 1959 tamen

207 1990 336 2042 Deus,
354 1995 530 2045 propter
551 2000 622 2030 eos
641 1986 717 2044 qui
735 2000 778 2029 se
792 1994 966 2044 possent
985 2000 1203 2038 excusare,
1224 1984 1293 2028 vel
1310 1986 1412 2044 quia
1428 1986 1486 2029 eis
1509 2001 1600 2030 non

206 2065 330 2100 vacat
347 2055 515 2114 legere,
539 2055 608 2100 vel
630 2055 732 2115 quia
755 2070 843 2099 non
878 2063 1042 2099 norunt
1073 2054 1240 2112 legere,
1275 2055 1345 2098 vel
1374 2055 1475 2114 quia
1509 2070 1600 2100 non

207 2135 386 2186 possunt
408 2124 532 2170 facile
553 2123 818 2184 intelligere,
856 2134 905 2168 ut
938 2125 1261 2170 excusationem
1289 2139 1418 2169 nemo
1441 2124 1600 2169 habeat

207 2198 253 2240 in
274 2196 343 2241 die
360 2196 516 2257 judicii
532 2232 542 2251 ,
567 2196 707 2241 voluit
724 2231 734 2250 ,
759 2196 870 2240 sicut
889 2196 1100 2255 scriptum
1122 2205 1213 2251 est,
1238 2210 1540 2240 consummare
1555 2205 1599 2240 et

208 2267 401 2311 breviare
433 2267 615 2311 verbum
650 2280 779 2324 super
810 2275 998 2319 terram,
1033 2267 1146 2309 sicut
1183 2265 1237 2309 de
1268 2263 1344 2309 illo
1380 2266 1598 2325 Propheta

209 2338 465 2396 praedixerat
490 2358 498 2383 :
531 2338 761 2382 «Verbum
785 2337 902 2381 enim
924 2351 1230 2381 consummans
1253 2345 1297 2380 et
1318 2337 1517 2381 brevians
1533 2335 1599 2381 fa-

212 2425 233 2448 »
253 2408 338 2452 ciet
360 2409 568 2454 Dominus
590 2423 720 2468 super
741 2409 943 2453 terram1.
958 2426 979 2449 »
1005 2410 1098 2453 Hoc
1118 2409 1261 2466 ipsum
1283 2408 1471 2453 verbum
1492 2422 1594 2452 con-

259 2497 268 2515 ¹
289 2491 359 2523 lsai.
380 2501 414 2532 x,
433 2491 486 2524 23.
