1729 3143
428 167 482 194 DE
514 166 663 194 maeno
694 164 906 203 Annia-mo,
941 166 1025 193 Lm.
1062 165 1130 190 111.
1380 153 1464 191 359·

89 232 225 276 cimus
240 265 252 286 ,
283 230 358 275 sed
380 230 631 275 necessitate
652 250 663 288 3
687 237 761 273 aut
782 244 871 273 non
892 228 1115 273 voluntate
1137 227 1347 271 morimur
1361 261 1372 282 ‚
1397 227 1472 272 sed

88 302 365 358 necessitatc3
400 309 443 344 et
469 301 503 345 si
528 300 634 359 quid
665 298 784 345 aliud
810 298 1059 357 hujusmodi
1089 317 1097 343 :
1129 313 1218 342 non
1246 296 1472 341 voluntate

88 380 235 415 autem
263 371 465 416 volumus
480 405 491 425 ‚
522 370 619 429 quis
638 368 708 414 vel
728 368 889 412 delirus
907 369 1064 412 audeat
1101 367 1274 412 dicere?
1302 370 1467 420 Quam-

87 441 239 486 obrem
288 441 485 501 quamvis
525 438 721 499 praesciat
760 441 872 482 Deus
918 447 1084 482 nostras
1119 438 1365 483 voluntates
1401 436 1473 481 fu-

87 520 204 555 turas
245 529 255 556 z
294 526 384 555 non
420 525 471 554 ex
512 525 562 554 eo
598 518 743 553 tamen
771 507 1022 562 conficitur,
1055 516 1105 552 ut
1126 523 1215 552 non
1249 506 1476 553 voluntate

88 579 254 639 aliquid
282 579 479 625 velimus.
517 581 627 625 Nam
665 587 708 622 et
739 577 794 622 de
827 577 1098 622 beatitudine
1139 578 1260 637 quod
1299 577 1468 633 dixisti,

86 665 176 694 non
194 651 270 694 abs
292 650 444 708 teipso
458 650 633 693 beatum
653 648 762 703 fieri,
784 649 843 692 ita
864 647 1028 703 dixisti,
1052 649 1174 707 quasi
1194 649 1277 693 hoc
1294 663 1373 706 ego
1391 663 1471 692 ne-

87 720 275 778 gaverim
297 738 306 763 :
327 719 401 763 sed
418 719 541 774 dico,
569 734 669 763 cum
695 719 869 763 futurus
891 734 934 763 es
955 719 1106 763 beatus
1122 753 1133 771 ,
1159 733 1248 762 non
1282 728 1324 762 te
1357 718 1473 762 invi-

85 798 180 833 tum
198 824 209 844 ‚
235 789 311 833 sed
332 789 553 834 volentem
570 789 787 832 futurum.
823 791 936 833 Cum
967 788 1100 847 igitur
1126 789 1330 847 praescius
1361 792 1474 833 Deus

86 859 139 903 sit
160 858 322 903 futurae
343 859 624 903 beatitudinis
642 869 729 903 tuae
746 894 757 914 ‚
790 874 870 903 nec
895 860 1017 903 aliter
1040 858 1206 918 aliquid
1227 858 1320 901 ficri
1374 859 1476 902 ossit

84 942 217 988 quam
252 928 324 970 ille
346 929 560 986 praescivit
571 916 803 997 (alioquin
825 928 946 970 nulla
978 927 1246 984 praescientia
1269 874 1475 994 est5110n

85 1007 232 1041 tamen
263 1011 316 1040 ex
348 1012 400 1041 eo
421 998 619 1055 cogimur
639 997 824 1051 sentire,
863 996 985 1055 quod
1013 996 1369 1040 absurdissimum
1407 1006 1471 1041 est

84 1076 128 1111 et
162 1067 293 1125 longe
325 1082 348 1110 a
381 1068 560 1110 veritate
582 1066 823 1121 seclusum,
849 1081 938 1110 non
974 1075 1017 1109 te
1046 1065 1263 1111 volentem
1294 1068 1478 1111 beatum

84 1135 298 1180 futurum.
328 1137 446 1180 Sicut
468 1145 613 1180 autem
641 1137 911 1180 voluntatem
931 1136 1236 1191 beatitudinis,
1263 1152 1364 1180 cum
1385 1153 1475 1182 esse

83 1207 268 1265 coeperis
295 1206 446 1250 beatus
467 1240 478 1259 ‚
516 1221 605 1249 non
639 1206 718 1249 tibi
751 1205 892 1250 aufert
933 1206 1200 1265 praescientia
1238 1208 1340 1260 Dei,
1373 1224 1473 1267 quae

82 1276 302 1336 hodieque
333 1275 389 1320 de
420 1285 494 1319 tua
525 1274 673 1319 futura
701 1274 973 1319 beatitudine
999 1285 1114 1320 certa
1138 1285 1201 1320 est
1224 1292 1234 1319 .·
1261 1277 1320 1320 sic
1343 1278 1471 1321 ctiam

82 1347 285 1392 voluntas
308 1345 558 1405 culpabilis,
582 1346 618 1389 si
640 1361 726 1405 qua
748 1346 794 1388 in
818 1354 861 1389 te
892 1346 1040 1390 futura
1063 1355 1151 1401 est,
1178 1362 1267 1391 non
1289 1356 1470 1408 propte-

82 1432 155 1461 rea
174 1416 376 1461 voluntas
397 1432 487 1460 non
509 1416 591 1460 erit
604 1450 620 1470 ,
646 1416 853 1475 quoniam
886 1419 999 1460 Deus
1021 1431 1116 1460 eam
1149 1415 1345 1462 futuram
1381 1434 1472 1463 esse

81 1486 311 1546 praescivit.

143 1559 264 1600 VIII,
288 1555 478 1601 Attende
500 1556 613 1599 enim
634 1590 645 1610 ‚
670 1571 819 1615 quaeso
837 1590 848 1610 ‚
873 1564 1038 1616 quanta
1058 1556 1251 1601 caecitate
1273 1556 1468 1604 dicatur:

85 1627 128 1671 Si
151 1627 365 1684 praescivit
397 1629 509 1669 Deus
542 1626 736 1669 futuram
768 1625 1039 1669 voluntatem
1068 1642 1236 1682 meam,
1261 1629 1470 1687 quoniam

81 1695 191 1740 nihil
213 1694 337 1739 aliter
359 1703 502 1754 potest
523 1694 616 1738 fieri
638 1710 771 1755 quam
793 1695 1008 1754 praescivit
1023 1729 1034 1750 ‚
1061 1711 1232 1741 necesse
1249 1707 1312 1742 est
1330 1707 1379 1742 ut
1394 1713 1469 1743 ve-

83 1765 158 1809 lim
181 1764 302 1825 quod
332 1764 406 1808 ille
428 1765 677 1823 praescivit:
703 1766 736 1809 si
769 1774 915 1809 autem
944 1781 1116 1810 necesse
1149 1776 1240 1823 est,
1274 1783 1363 1812 non
1376 1769 1467 1828 jam

83 1834 336 1889 voluntate,
372 1834 449 1877 sed
478 1835 728 1879 necessitate
757 1835 803 1879 id
837 1851 906 1878 me
936 1834 1048 1879 velle
1069 1836 1299 1880 fatendum
1322 1847 1399 1882 est.
1431 1839 1468 1883 Ο

82 1903 310 1947 stultitiam
343 1903 629 1962 singularem!
656 1903 888 1957 Quomodo
918 1919 1021 1963 ergo
1055 1921 1144 1949 non
1178 1915 1320 1965 potest
1348 1907 1466 1952 aliud

81 1975 175 2018 fieri
207 1988 338 2034 quam
374 1975 590 2032 praescivit
618 1978 730 2018 Deus
757 2009 768 2029 ‚
804 1975 837 2018 si
859 1974 1061 2019 voluntas
1093 1991 1183 2020 non
1204 1979 1310 2033 erit,
1334 1994 1465 2036 quam

81 2044 353 2089 voluntatem
382 2042 577 2087 futuram
599 2043 671 2088 ille
698 2045 991 2103 praesciverit?
1013 2046 1180 2091 Omitto
1201 2046 1312 2092 illud
1341 2064 1466 2109 aeque

82 2125 431 2168 monstruosum,
468 2114 589 2173 quod
619 2114 750 2172 paulo
778 2125 878 2160 ante
907 2115 993 2160 dixi
1019 2118 1222 2162 eumdem
1243 2119 1464 2164 hominem

81 2184 225 2229 dicere
251 2203 260 2228 ε
285 2187 466 2229 Necesse
500 2193 564 2227 est
585 2193 636 2227 ut
664 2185 722 2228 ita
744 2183 871 2229 velim
890 2221 902 2241 ‚
927 2187 1002 2246 qui
1030 2188 1282 2233 necessitate
1303 2205 1465 2250 suppo-

81 2256 160 2299 sita
181 2253 351 2299 auferre
370 2255 523 2298 nititur
543 2253 829 2298 voluntatem.
858 2257 899 2300 Si
918 2257 1034 2301 enim
1054 2274 1224 2303 necesse
1245 2270 1308 2305 est
1325 2269 1374 2305 ut
1391 2275 1466 2305 ve-

81 2325 156 2380 lit,
182 2325 300 2369 unde
328 2325 445 2370 volet
467 2340 566 2369 cum
590 2324 789 2370 voluntas
817 2342 905 2370 non
932 2329 1043 2372 erit?
1066 2330 1189 2382 Quod
1213 2331 1248 2374 si
1270 2347 1358 2376 non
1380 2333 1464 2376 hoc

82 2394 215 2440 modo
237 2395 417 2449 dixerit,
443 2397 517 2439 sed
541 2394 695 2440 dixerit
716 2411 787 2453 se,
812 2397 912 2455 quia
946 2414 1117 2443 necesse.
1149 2410 1212 2444 est
1245 2412 1293 2445 ut
1327 2387 1460 2457 velit,

82 2466 219 2524 ipsam
245 2465 513 2511 voluntatem
536 2467 580 2510 in
607 2475 818 2525 potestate
841 2483 928 2511 non
952 2469 1109 2512 habero
1139 2481 1389 2516 occurretur
1412 2490 1460 2515 ex
