1729 3143
620 240 674 267 DE
708 238 957 266 HAERESIBUS.
1406 222 1489 260 233

110 308 211 350 tiam
234 305 527 350 dissolvendos
548 306 773 363 utriusque
795 317 917 346 sexus
947 301 1162 362 principes
1182 299 1461 344 tenebrarum
1477 334 1487 352 ,

108 384 157 419 ut
177 375 358 420 liberata
382 375 517 434 fugiat
539 375 593 418 ab
616 375 695 427 eis,
731 388 830 432 quae
861 372 1075 430 captivata
1098 370 1331 416 tenebatur
1361 369 1408 411 in
1430 369 1490 411 eis

110 444 256 490 divina
279 446 533 499 substantia,
554 444 609 488 de
626 442 917 487 masculorum
941 443 985 486 in
1005 441 1206 485 foeminas
1224 449 1267 484 et
1286 438 1493 483 foemina-

108 530 207 558 rum
234 516 278 560 in
310 516 523 560 masculos
544 512 923 571 transfiguratione
947 512 1191 570 conscripta
1212 519 1314 555 sunt
1330 545 1342 565 ,
1374 509 1495 553 unde

106 585 207 640 ista,
238 601 369 645 quam
391 585 576 645 quilibet
593 599 743 628 eorum
766 590 928 641 negant
945 582 999 625 ad
1017 596 1061 624 se
1082 581 1321 639 pertinere,
1348 580 1495 639 turpi-

108 657 217 699 tudo
238 657 432 700 defluxit.
466 657 638 699 Divinas
661 654 776 698 enim
807 655 990 699 virtutes
1007 687 1018 707 ,
1043 660 1259 712 quantum
1282 660 1463 710 possunt
1480 685 1492 705 ,

106 725 264 768 imitari
286 741 329 769 se
352 734 524 784 putant,
551 734 601 769 ut
623 733 813 783 purgent
835 724 912 768 Dei
931 723 998 767 sui
1015 730 1181 781 partem
1202 740 1212 765 ι
1238 736 1371 781 quam
1393 735 1499 780 pro·—

106 792 221 837 fecto
239 829 249 847 ,
275 795 386 838 sicut
406 796 453 837 in
475 795 677 838 omnibus
697 795 953 854 corporibus
976 792 1228 838 coelestibus
1262 801 1304 835 et
1336 800 1497 835 terres-

106 864 246 908 tribus
262 900 272 918 ,
299 875 430 924 atque
444 866 489 908 in
512 866 709 909 omnium
731 881 873 909 rerum
893 864 1144 918 seminibus,
1162 863 1278 906 itaet
1293 863 1338 905 in
1353 862 1498 906 homi-

105 934 168 977 nis
211 935 374 978 semine
411 936 547 978 teneri
581 936 827 979 existimant
858 935 1149 994 inquinatam.
1194 935 1256 976 Ac
1296 946 1373 990 per
1413 931 1498 973 hoc

105 1004 301 1061 sequitur
324 1019 410 1058 eos,
435 1014 485 1047 ut
509 1006 567 1048 sic
590 1020 683 1048 eam
703 1005 831 1048 etiam
853 1004 908 1047 de
930 1004 1092 1048 semine
1109 1003 1319 1054 humano,
1339 1014 1498 1059 quem-

107 1073 345 1116 admodum
369 1075 423 1117 de
446 1075 537 1117 aliis
561 1075 798 1119 seminibus
835 1091 935 1135 quae
963 1076 1007 1118 in
1039 1073 1252 1117 alimentis
1285 1080 1492 1124 sumunt,

105 1142 295 1186 debeant
332 1145 640 1187 manducando
675 1160 875 1202 purgare.
923 1144 1045 1182 Unde
1077 1144 1206 1182 etiam
1241 1142 1498 1185 Catharistae

105 1211 395 1267 appellantur,
422 1216 542 1272 quasi
569 1222 838 1272 purgatoreS,
864 1216 984 1250 tanta
1008 1222 1102 1249 earn
1129 1219 1364 1265 purgantes
1392 1209 1498 1251 dili-

106 1279 248 1336 gentia
266 1313 276 1331 ,
303 1288 352 1321 ut
382 1293 425 1321 se
447 1294 528 1320 neo
552 1283 606 1321 ab
630 1284 710 1323 hac
743 1288 830 1320 tam
861 1275 1078 1320 horrenda
1110 1275 1195 1318 cibi
1223 1275 1499 1332 turpitudine

106 1347 364 1390 abstineant.
401 1350 488 1391 Nec
519 1355 756 1389 vescuntur
787 1356 931 1389 tamen
956 1345 1181 1397 carnibus,
1208 1352 1419 1403 tanquam
1443 1344 1498 1389 de

106 1418 287 1460 mortuis
320 1418 387 1461 vel
421 1417 568 1460 occisis
591 1416 751 1473 fugerit
773 1416 918 1460 divina
942 1415 1207 1467 substantia,
1234 1423 1497 1475 tantumque

106 1502 155 1530 ac
176 1487 259 1530 tale
278 1489 378 1530 inde
397 1488 663 1540 remanserit,
685 1486 805 1545 quod
823 1488 912 1545 jam
932 1485 1111 1542 dignum
1129 1500 1218 1528 non
1235 1485 1352 1529 sitin
1366 1485 1497 1530 Elec-

106 1566 251 1600 torum
273 1567 425 1600 ventre
447 1557 638 1615 purgari.
665 1559 754 1600 Nec
777 1572 856 1599 ova
888 1557 1038 1599 saltem
1069 1564 1274 1610 sumunt,
1301 1557 1424 1614 quasi
1455 1566 1499 1600 et

106 1627 194 1684 ipsa
219 1642 317 1669 cum
342 1626 606 1681 franguntur
627 1627 844 1683 expirent,
870 1640 950 1668 nec
973 1634 1173 1683 oporteat
1193 1624 1296 1669 ullis
1313 1627 1498 1670 mortuis

106 1698 359 1754 corporibus
388 1697 523 1749 vesci,
550 1706 590 1739 et
612 1697 695 1740 hoc
716 1695 857 1739 solum
879 1696 994 1738 vivat
1022 1711 1073 1738 ex
1097 1711 1226 1739 carne
1242 1731 1252 1750 ,
1279 1695 1401 1755 quod
1429 1696 1499 1739 fa-

106 1765 199 1808 rina
223 1781 277 1809 ne
300 1767 509 1809 moriatur
532 1767 759 1824 excipitur.
786 1766 869 1809 Sed
894 1780 974 1808 nec
997 1764 1201 1809 alimonia
1220 1765 1343 1809 lactis
1363 1775 1501 1809 utun-

105 1842 193 1887 tur,
219 1836 413 1893 quamvis
435 1835 490 1877 de
507 1850 690 1893 corpore
708 1835 937 1878 animantis
956 1835 1129 1878 vivente
1149 1835 1396 1892 mulgeatur
1413 1836 1501 1879 sive

106 1902 282 1960 fugatur
307 1924 317 1949 ;
342 1921 431 1948 non
448 1906 549 1965 quia
572 1915 731 1964 putant
752 1905 911 1948 divinae
929 1906 1183 1949 substantiae
1203 1906 1312 1949 nihil
1329 1906 1391 1949 ibi
1411 1922 1501 1949 esse

106 1975 383 2030 permixtum,
410 1975 484 2019 sed
506 1977 607 2035 quia
629 1976 710 2018 sibi
733 1991 851 2019 error
873 1977 963 2033 ipse
992 1991 1077 2018 non
1103 1985 1285 2019 constat.
1318 1979 1428 2020 Nam
1458 1985 1502 2019 et

105 2045 257 2088 vinum
282 2061 370 2088 non
392 2046 549 2089 bibunt
566 2081 575 2099 ,
602 2046 794 2089 dicentes
818 2046 876 2088 tel
906 2061 995 2088 esse
1018 2046 1268 2104 principum
1294 2047 1500 2090 tenebra-

107 2130 203 2158 rum
224 2136 235 2170 3
261 2129 361 2158 cum
381 2124 611 2158 vescantur
628 2116 721 2158 uvis
742 2136 750 2159 :
777 2131 858 2160 nec
880 2117 1012 2159 musti
1044 2115 1226 2175 aliquid,
1251 2115 1323 2160 vel
1347 2131 1500 2160 recen-

107 2185 288 2237 tissimi,
315 2184 506 2227 sorbent.
540 2185 718 2227 Animas
742 2184 1002 2228 Auditorum
1033 2201 1211 2229 suorum
1246 2186 1292 2228 in
1327 2186 1500 2230 Electos

108 2253 271 2296 revolvi
294 2253 578 2306 arbitrantur,
604 2262 678 2297 aut
696 2252 888 2297 feliciore
901 2256 1162 2313 compendio
1179 2256 1224 2298 in
1239 2271 1354 2299 escas
1372 2255 1501 2300 Elec-

107 2332 253 2367 torum
276 2338 452 2367 suorum
471 2358 481 2376 ,
508 2332 555 2366 ut
570 2324 659 2381 jam
682 2323 784 2366 inde
804 2334 1000 2382 purgatae
1021 2326 1067 2368 in
1085 2326 1205 2369 nulla
1229 2341 1409 2384 corpora
1427 2341 1497 2369 re-

107 2401 347 2438 vertantur.
375 2394 561 2436 Caeteras
591 2401 736 2435 autem
759 2393 922 2436 animas
945 2395 1050 2437 etin
1071 2410 1228 2452 pecora
1250 2395 1390 2438 redire
1413 2411 1496 2455 pu—

108 2470 204 2505 tant
223 2495 234 2514 ,
255 2470 298 2504 et
318 2462 362 2504 in
385 2461 530 2504 omnia
553 2477 652 2520 quae
670 2461 890 2506 radicibus
919 2463 999 2505 fixa
1031 2473 1132 2507 sunt
1158 2473 1289 2524 atque
1319 2464 1496 2509 aluntur

112 2532 156 2574 in
179 2539 304 2574 terra.
329 2531 492 2575 Herbas
514 2532 630 2576 enim
651 2541 780 2590 atque
799 2532 970 2577 arbores
994 2533 1052 2577 sic
1070 2543 1227 2592 putant
1248 2534 1418 2589 vivere,
1445 2545 1495 2580 ut
