1729 3143
401 269 484 295 Lm.
520 270 566 295 11.
604 269 656 295 DE
692 270 872 295 mtiuissus
907 270 1244 297 MANiCHAEORUM.
1439 263 1519 297 595

145 343 328 392 partem,
356 342 401 377 ut
423 333 479 377 ad
502 336 786 379 concubitum
808 333 1096 380 declinaretur
1119 355 1127 381 ;
1153 336 1211 379 ita
1228 350 1328 378 eum
1346 336 1515 395 lapsum

140 417 230 447 esse
261 411 392 463 atque
420 418 637 462 peccasse,
673 404 749 448 sed
782 405 930 450 vixisse
963 415 1110 466 postea
1141 405 1413 451 sanctiorem.
1442 407 1521 452 Hic

136 487 217 532 ego
240 487 330 517 non
362 481 453 517 tam
483 473 537 517 de
561 474 752 535 nequam
781 474 954 518 homine
977 489 1222 534 conqueror
1237 509 1249 530 ‚
1275 474 1350 534 qui
1370 483 1520 534 stupro

134 541 302 588 nefario
325 541 512 588 alienam
535 541 765 598 familiam,
791 544 872 587 sub
895 544 1050 588 habitu
1073 545 1199 589 electi
1222 553 1265 588 et
1285 545 1421 589 sancti
1438 545 1518 589 viri

132 614 188 658 ad
209 623 382 659 tantum
403 614 593 660 dedecus
613 615 926 675 infamiamque
939 614 1155 674 perduxit.
1182 618 1281 661 Non
1297 616 1379 660 hoc
1393 616 1514 660 vobis

131 685 306 744 objicio.
334 685 484 729 Fuerit
503 686 586 730 hoc
608 686 795 730 hominis
813 684 1088 744 perditissimi
1106 686 1398 746 potiusquam
1412 701 1512 731 con-

130 755 370 800 suetudinis
394 765 559 800 vestrae.
581 758 678 801 Non
711 758 827 798 enim
856 763 1022 798 tantum
1054 754 1270 814 flagitium
1289 757 1334 800 in
1361 755 1483 802 vobis
1501 793 1513 815 ‚

130 825 206 870 sed
228 827 273 871 in
294 827 370 871 illo
387 842 538 883 arguo.
566 825 683 868 Illud
707 835 847 868 tamen
871 826 916 868 in
940 825 1143 870 omnibus
1165 827 1286 871 vobis
1304 830 1515 888 quemad-

131 896 311 941 modum
333 896 437 941 ferri
458 904 502 940 et
522 894 695 940 tolerari
719 896 849 954 possit
870 895 1046 954 ignoro,
1074 898 1193 956 quod
1207 914 1306 943 cum
1323 902 1510 947 animam

129 977 296 1028 partem
319 969 396 1013 Dei
418 982 507 1012 esse
528 967 679 1012 dicatis
695 1002 705 1021 ,
741 968 921 1011 asseritis
944 977 1088 1012 tamen
1106 970 1236 1014 etiam
1257 973 1411 1031 exiguo
1432 975 1511 1019 ad—

131 1040 264 1085 mixto
284 1039 415 1095 malo,
437 1040 644 1100 majorem
662 1040 753 1098 ejus
769 1039 938 1098 copiam
952 1040 1283 1102 ubertatemque
1298 1048 1505 1104 superari.

128 1112 235 1164 Quis
259 1112 376 1155 enim
395 1125 497 1155 cum
519 1111 602 1154 hoc
625 1109 855 1154 crediderit
868 1144 880 1165 ‚
905 1118 948 1154 et
969 1125 1068 1154 eum
1090 1111 1229 1157 libido
1250 1114 1484 1173 pulsaverit
1501 1151 1513 1173 ‚

127 1197 218 1227 non
238 1182 294 1227 ad
317 1182 448 1227 talem
471 1180 766 1226 defensionem
793 1181 932 1240 potius
955 1197 1087 1242 quam
1109 1185 1200 1243 ejus
1221 1183 1413 1231 libidinis
1437 1203 1507 1232 re-

126 1252 417 1298 frenationem
444 1252 896 1313 compressionemque
916 1252 1166 1312 confugiat?

184 1325 384 1368 LXXIV.
419 1322 534 1377 Quid
555 1322 739 1383 amplius
760 1323 902 1367 dicam
919 1324 973 1367 de
994 1325 1187 1369 moribus
1207 1328 1386 1371 vestris?
1406 1330 1500 1372 Dixi

124 1409 225 1454 quae
247 1394 337 1454 ipse
357 1393 647 1454 compererim
662 1428 673 1449 ,
701 1408 802 1438 cum
827 1394 870 1438 in
901 1409 949 1438 ea
979 1409 1113 1438 essem
1141 1395 1313 1441 civitate
1330 1397 1406 1441 ubi
1428 1399 1507 1443 ista

124 1464 349 1509 commissa
370 1473 486 1508 sunt.
513 1467 665 1508 Romae
682 1473 826 1508 autem
844 1479 912 1508 me
933 1464 1110 1509 absente
1123 1465 1229 1526 quid
1247 1477 1414 1525 gestum
1429 1471 1499 1525 sit,

125 1545 267 1581 totum
289 1536 471 1594 longum
486 1544 551 1579 est
571 1534 800 1594 explicare.
821 1536 964 1580 Dicam
986 1545 1132 1580 tamen
1150 1538 1285 1582 brevi.
1308 1541 1370 1583 Eo
1387 1542 1502 1584 enim

123 1624 189 1653 res
211 1608 355 1669 erupit
369 1643 382 1663 ‚
410 1616 459 1652 ut
480 1606 650 1652 occulta
674 1623 764 1651 esse
785 1622 875 1652 non
892 1617 1034 1666 posset
1056 1609 1306 1654 absentibus
1325 1629 1334 1655 :
1359 1620 1402 1654 et
1419 1627 1500 1670 ego

121 1679 300 1740 quidem
320 1688 469 1740 postea
488 1681 638 1723 Romae
661 1693 761 1722 cum
781 1693 932 1733 essem,
957 1679 1101 1724 omnia
1123 1694 1222 1723 vera
1243 1695 1312 1724 me
1334 1680 1500 1726 audisse

121 1751 289 1795 firmavi
319 1769 329 1794 ε
362 1750 559 1810 quamvis
593 1759 678 1793 tam
712 1749 930 1793 familiaris
964 1758 1006 1793 et
1040 1749 1148 1794 mihiv
1166 1754 1370 1809 probatus
1388 1787 1398 1806 ‚
1424 1754 1499 1813 qui

121 1836 309 1881 praesens
330 1829 437 1875 erat,
465 1819 520 1863 ad
544 1834 611 1863 me
639 1834 730 1862 rem
758 1818 1015 1878 pertulerat,
1038 1827 1088 1862 ut
1108 1822 1287 1865 omnino
1303 1822 1502 1867 dubitare

121 1907 211 1936 non
232 1906 417 1951 possem.
443 1893 546 1936 Nam
570 1889 747 1950 quidam
767 1897 906 1933 vester
923 1888 1109 1943 auditor,
1131 1891 1177 1933 in
1191 1889 1264 1935 illa
1286 1906 1501 1937 memora-

120 1962 199 2007 bili
231 1962 492 2007 abstinentia
531 1960 669 2004 nihilo
702 1960 848 2004 electis
875 1960 1031 2004 cedens
1049 1995 1060 2016 ,
1091 1961 1166 2020 qui
1191 1972 1234 2005 et
1264 1953 1497 2008 liberaliter

120 2035 344 2080 institutus
366 2042 502 2088 esset,
528 2041 571 2076 et
591 2042 777 2076 vestram
800 2041 959 2076 sectam
980 2033 1151 2091 copiose
1171 2032 1301 2077 vellet
1327 2043 1370 2078 et
1389 2035 1500 2080 sole-

120 2114 186 2149 ret
206 2104 464 2159 defendere,
494 2103 793 2148 molestissime
817 2102 984 2148 ferebat
999 2138 1010 2158 ‚
1035 2102 1155 2163 quod
1175 2103 1214 2146 ei
1243 2119 1349 2164 vage
1365 2108 1499 2164 pessi-

121 2192 278 2238 meque
289 2176 581 2221 habitantium
599 2176 844 2235 passimque
857 2175 1093 2219 viventium
1106 2173 1341 2219 electorum
1358 2192 1497 2224 mores

119 2246 397 2308 perditissimi
419 2262 532 2307 saepe
559 2245 797 2306 disputanti
818 2246 1147 2307 objiciebantur.
1175 2247 1386 2306 Cupiebat
1411 2249 1495 2295 ita-

119 2334 222 2379 que,
239 2319 273 2363 si
289 2318 382 2363 fieri
396 2327 552 2378 posset,
578 2333 727 2362 omnes
741 2319 817 2378 qui
834 2317 1074 2362 secundum
1094 2316 1166 2362 illa
1189 2330 1403 2379 praecepta
1425 2322 1494 2366 vi-

118 2399 210 2434 tam
230 2389 387 2449 degere
410 2390 546 2449 parati
569 2399 709 2433 essent
723 2424 734 2443 ‚
758 2404 1020 2447 congregare
1034 2388 1080 2432 in
1097 2388 1276 2433 domurn
1293 2406 1430 2447 suam,
1451 2405 1494 2438 et

119 2461 204 2506 suis
225 2461 471 2520 sumptibus
493 2461 718 2505 sustinere.
740 2463 841 2504 Erat
858 2460 972 2502 enim
997 2469 1040 2504 et
1059 2475 1148 2504 uon
1173 2460 1400 2506 mediocris
1418 2479 1495 2522 pe-

119 2533 259 2576 cuniae
277 2542 567 2592 contemptor,
589 2541 632 2576 et
656 2547 742 2575 non
762 2530 1031 2574 mediocriter
1049 2531 1318 2589 pecuniosus.
1340 2535 1498 2586 Querc-

118 2602 248 2648 batur
271 2612 417 2648 autem
440 2603 640 2663 impediri
664 2612 802 2646 tantos
823 2610 1002 2645 conatus
1034 2616 1131 2646 suos
1158 2603 1399 2660 episcorum
1420 2607 1498 2648 dis-

1245 2676 1306 2712 35.
