1729 3143
233 205 317 243 420
674 217 705 239 s.
743 214 971 239 aucus'rim
1004 214 1183 242 EPISCOPI

232 299 253 323 »
279 282 482 338 abyssum
499 281 529 321 ¹.
548 296 566 319 »
588 277 718 330 Quod
731 277 962 322 Manichaei
978 278 1304 338 reprehendunt
1318 279 1534 324 dicentes:
1557 283 1609 324 ln

226 350 416 395 tenebris
444 363 547 406 ergo
569 356 659 391 erat
687 350 800 392 Deus
815 383 825 402 ‚
859 357 1092 408 antequam
1117 348 1279 393 faceret
1299 348 1475 393 lucem?
1498 352 1609 393 Vere

225 420 308 480 ipsi
331 428 432 463 sunt
452 418 498 461 in
521 418 710 462 tenebris
731 418 987 477 ignorantiae
1002 454 1013 473 ‚
1048 429 1091 463 et
1119 420 1218 464 ideo
1247 435 1338 464 non
1358 419 1611 479 intelligunt

226 490 370 533 lucem
385 523 396 544 ,
422 489 467 532 in
490 504 576 549 qua
599 491 711 533 Deus
733 498 824 533 erat
846 499 1079 550 antequam
1100 489 1262 535 faceret
1291 491 1417 534 istam
1447 489 1606 534 lucem.

226 563 324 605 Non
346 559 461 604 enim
481 569 644 604 norunt
665 561 733 604 isti
754 560 896 605 lucem
913 596 923 616 ‚
949 562 1029 605 nisi
1052 577 1184 621 quam
1206 561 1371 605 carneis
1393 560 1530 605 oculis
1551 561 1611 604 vi-

224 632 344 675 dent.
371 633 428 675 Et
448 630 545 675 ideo
566 632 695 676 istum
717 631 850 676 solem
870 667 880 686 ,
906 644 1038 691 quem
1057 633 1217 691 pariter
1238 647 1325 676 non
1346 631 1488 675 solum
1511 646 1613 675 cum

225 701 373 746 bestiis
394 703 645 762 majoribus,
664 702 739 756 scd
754 703 882 746 etiam
901 717 1000 746 cum
1017 703 1174 747 muscis
1196 711 1238 746 et
1254 701 1500 746 vermiculis
1517 716 1612 745 cer-

226 774 398 829 nimus,
422 772 485 816 illi
504 774 562 817 sic
583 772 735 817 colunt
751 782 801 817 ut
823 773 1082 832 particulam
1104 772 1250 818 dicant
1272 787 1361 817 esse
1377 772 1486 817 lucis
1502 771 1614 815 illius

225 843 272 887 in
293 860 379 903 qua
408 844 576 888 habitat
608 848 738 888 Deus.
774 843 858 888 Sed
887 859 966 888 nos
995 843 1289 901 intelligamus
1321 842 1448 888 aliam
1470 842 1614 887 lucem

226 929 315 958 esse
336 915 380 955 in
404 926 490 970 qua
514 917 625 954 Deus
649 915 817 952 habitat
833 944 844 964 ‚
873 915 989 953 unde
1012 924 1075 954 est
1095 913 1205 956 illud
1226 915 1377 958 lumen
1394 914 1446 958 de
1465 930 1554 972 quo
1569 914 1616 956 in

226 981 465 1041 Evangelio
487 980 644 1038 legitur
665 998 674 1024 :
706 998 725 1021 «
746 982 852 1023 Erat
872 978 1024 1023 lumen
1045 996 1223 1037 verum,
1256 983 1375 1041 quod
1397 981 1616 1026 illuminat

227 1073 247 1096 »
275 1068 448 1098 omnem
470 1050 692 1095 hominem
711 1051 958 1095 venientem
977 1053 1023 1096 in
1040 1053 1158 1097 hunc
1180 1053 1437 1097 mundum2.
1459 1071 1478 1095 >s
1505 1056 1615 1098 Nam

225 1123 323 1168 solis
356 1123 477 1166 istius
509 1121 659 1165 lumen
693 1137 781 1166 non
812 1122 1031 1167 illuminat
1062 1139 1237 1168 omnem
1265 1124 1513 1178 hominem,
1538 1124 1615 1168 sed

225 1208 381 1252 corpus
402 1191 590 1236 hominis
608 1201 652 1236 et
673 1192 876 1236 mortales
894 1193 1042 1237 oculos
1056 1228 1068 1248 ‚
1092 1194 1138 1237 in
1156 1193 1316 1254 quibus
1332 1209 1409 1238 nos
1431 1195 1615 1239 vincunt

226 1263 471 1324 aquilarum
494 1262 609 1306 oculi
627 1297 638 1317 ‚
664 1264 740 1322 qui
762 1262 895 1307 solem
912 1264 1043 1307 istum
1060 1264 1201 1308 multo
1220 1264 1372 1308 melius
1388 1280 1519 1325 quam
1537 1279 1615 1308 nos

226 1335 433 1379 dicuntur
456 1335 659 1393 aspicere.
681 1334 797 1378 Illud
811 1344 955 1378 autem
976 1335 1126 1379 lumen
1143 1352 1232 1380 non
1252 1335 1615 1380 irrationabilium

228 1408 371 1451 avium
395 1405 545 1450 oculos
568 1405 746 1464 pascit³‚
773 1406 849 1449 sed
873 1421 980 1464 pura
1003 1407 1134 1450 corda
1157 1422 1307 1450 eorum
1323 1407 1399 1467 qui
1419 1410 1506 1451 Deo
1521 1421 1614 1450 cre-

226 1476 360 1530 dunt,
385 1486 428 1520 et
450 1476 504 1519 ab
529 1490 673 1519 amore
694 1475 930 1519 visibilium
949 1492 1095 1520 rerum
1111 1486 1154 1520 et
1172 1476 1477 1536 temporalium
1497 1491 1541 1520 se
1559 1477 1614 1520 ad.

225 1550 316 1609 ejus
337 1556 554 1608 praecepta
575 1547 798 1606 implenda
813 1557 1090 1591 convertunt.
1109 1549 1238 1600 Quod
1254 1563 1403 1592 omnes
1416 1547 1614 1592 homines

227 1629 406 1679 possunt
424 1619 457 1662 si
478 1617 630 1673 velint,
656 1618 756 1677 quia
780 1617 890 1661 illud
911 1617 1062 1662 lumen
1080 1633 1255 1662 omnem
1275 1619 1496 1662 hominem
1512 1616 1615 1662 illu-

226 1692 363 1735 minat
393 1690 640 1733 venientem
662 1689 708 1732 in
731 1690 849 1732 hunc
872 1688 1104 1733 mundum.
1139 1693 1253 1747 Ergo
1276 1690 1469 1734 tenehrae
1492 1697 1613 1732 erant

228 1776 356 1820 super
384 1761 587 1817 abyssum
625 1768 858 1816 antequam
887 1759 961 1802 lux
989 1759 1070 1803 ista
1090 1759 1213 1802 fieret
1242 1778 1250 1804 :
1277 1758 1331 1801 de
1353 1773 1440 1816 qua
1458 1773 1612 1802 conse-

228 1841 412 1892 quenter
434 1832 516 1874 hoc
539 1829 634 1873 loco
658 1828 831 1872 dicitur.

289 1905 388 1946 VII.
420 1921 440 1943 «
465 1904 520 1946 Et
543 1900 650 1944 dixit
668 1903 781 1944 Deus
803 1918 811 1944 :
837 1900 933 1943 Fiat
953 1898 1042 1943 lux.
1065 1917 1085 1940 »
1111 1899 1223 1952 Quia
1239 1899 1317 1942 ubi
1333 1898 1407 1942 lux
1426 1914 1516 1943 non
1531 1910 1609 1954 est,

230 1974 422 2017 tenebrae
453 1981 554 2016 sunt
579 1990 588 2015 ι
614 1986 703 2014 non
725 1971 825 2030 quia
853 1969 1018 2030 aliquid
1040 1979 1140 2014 sunt
1166 1970 1357 2013 tenebrae
1375 2005 1385 2025 ‚
1420 1969 1495 2013 sed
1522 1971 1614 2029 ipsa

229 2044 337 2088 lucis
361 2043 554 2088 absentia
574 2042 766 2086 tenebrae
791 2041 1011 2086 dicuntur.
1040 2042 1159 2086 Sicut
1182 2040 1401 2085 silentium
1421 2056 1511 2084 non
1532 2040 1613 2084 ali-

230 2130 316 2174 qua
340 2130 404 2158 res
427 2123 516 2169 est,
542 2112 617 2157 sed
639 2112 715 2156 ubi
737 2128 866 2156 sonus
889 2128 979 2156 non
1000 2121 1090 2164 est,
1117 2111 1334 2155 silentium
1358 2111 1532 2155 dicitur.
1557 2113 1614 2154 Et

232 2184 404 2229 nuditas
432 2185 575 2245 aliqua
602 2200 666 2227 res
689 2199 778 2228 non
802 2192 865 2227 est
885 2218 894 2237 ‚
922 2182 992 2226 sed
1017 2183 1062 2225 in
1084 2197 1263 2241 corpore
1287 2182 1362 2225 ubi
1389 2190 1614 2240 tegumen-

236 2263 325 2299 tum
348 2272 434 2300 non
454 2265 515 2299 est
535 2290 546 2311 ‚
574 2254 746 2298 nuditas
769 2254 943 2298 dicitur.
968 2256 1024 2297 Et
1041 2253 1224 2296 inanitas
1241 2268 1330 2296 non
1348 2260 1411 2295 est
1428 2249 1610 2311 aliquid,

235 2325 308 2368 sed
329 2324 447 2368 locus
471 2327 548 2370 ubi
576 2342 731 2385 corpus
754 2342 842 2370 non
865 2335 926 2368 est
944 2360 954 2379 7
980 2325 1119 2367 inanis
1141 2323 1311 2367 dicitur.
1337 2323 1402 2367 Sic
1421 2322 1612 2366 tenebrae

236 2410 323 2437 non
358 2395 520 2454 aliquid
551 2406 651 2440 sunt
669 2432 679 2451 9
708 2396 782 2440 sed.
810 2396 886 2439 ubi
913 2394 988 2438 lux
1010 2410 1098 2438 non
1121 2402 1211 2447 est,
1243 2394 1434 2437 tenebrae
1456 2391 1612 2435 dicun-

239 2474 321 2507 tur.
351 2468 443 2509 Hoc
475 2465 573 2509 ideo
596 2468 803 2521 dicimus,
845 2467 946 2526 quia
976 2467 1115 2511 solent
1142 2466 1283 2511 dicere
1309 2483 1318 2509 2
1345 2464 1468 2508 Untle
1490 2471 1614 2507 erant

290 2558 298 2572 ¹
319 2554 396 2583 (ten.
420 2561 442 2589 1,
460 2551 493 2583 6.
513 2567 555 2574 -·
576 2558 586 2573 ‘⁴'
610 2554 699 2583 joan.
722 2563 743 2592 ι,
763 2564 795 2593 9.
811 2568 850 2574 ——
866 2551 876 2574 3
895 2553 973 2585 Vide
994 2563 1006 2586 1
1028 2555 1171 2585 Retract-
1190 2562 1261 2593 capr
1283 2561 1316 2591 x,
1334 2561 1364 2582 n.
1386 2558 1416 2582 2.

1700 2457 1706 2459 ¹
1705 2413 1711 2421 ⁴
1696 2384 1699 2389 ²
1704 2331 1711 2361 ›r-
1705 2282 1711 2293 ὲ
1689 2202 1709 2222 ἠ
1702 2114 1710 2186 «ηας.
1706 2096 1708 2098 «
1702 2048 1709 2082 a»,
1698 1999 1700 2002 ’

1726 1396 1729 1399 N
1724 1324 1727 1349 ,i
1722 1253 1729 1279 .,
1722 1206 1725 1208 ,

1713 613 1729 642 1(

1717 894 1729 926 5³<
1716 828 1727 871 >12
1715 755 1729 783 Ξ
1714 681 1729 713 H
