1729 3143
250 227 333 266 268
683 235 716 264 s.
753 234 985 267 Auens‘nm
1016 239 1197 270 Enscom

242 313 436 349 venturae
457 310 598 347 essent
613 302 825 346 universae
844 313 1016 363 gentes;
1038 307 1141 365 quia
1162 321 1252 352 non
1276 306 1331 351 de
1354 316 1502 352 monte
1526 306 1628 351 Sina

240 375 316 418 uni
338 375 470 433 genti,
490 371 565 417 sed
586 372 640 416 de
664 373 767 418 Sion
786 383 829 419 et
849 375 1088 420 Jerusalem
1104 376 1173 421 lex
1191 386 1234 421 et
1251 377 1436 422 verbum
1455 375 1627 421 Domini

236 459 535 504 processurum
552 452 659 488 esset
675 445 877 490 omnibus
894 447 1119 506 gentibus3
1141 447 1262 507 quod
1281 445 1625 491 manifestissime

240 519 287 559 in
307 515 479 559 Christo
514 523 557 558 et
585 515 836 560 Christianis
863 516 1061 561 videmus
1088 517 1346 577 impletum:
1372 516 1503 576 paulo
1528 525 1628 575 post

239 585 343 628 dicit
361 603 369 629 :
388 587 482 629 «Et
503 600 622 630 nunc
644 595 708 641 tu,
735 586 890 631 domus
914 588 1049 632 Jacob
1066 623 1076 641 ,
1102 589 1268 642 venite,
1290 587 1564 633 ambulemus
1585 587 1632 630 in

240 672 260 696 »
295 654 391 698 luce
418 656 644 700 Domini1?
665 674 684 697 >›
708 657 788 701 Hic
818 658 1014 716 profecto
1047 657 1219 713 dicetis,
1255 667 1305 702 ut
1340 657 1509 702 soletis:
1544 658 1631 701 Nos

237 740 411 770 sumus:
438 727 515 770 sed
537 726 658 786 quod
681 728 893 787 sequitur,
931 728 1149 787 paulisper
1185 728 1414 782 attendite,
1450 736 1501 770 ut
1531 741 1632 770 cum

236 794 428 839 dixeritis
445 797 565 856 quod
583 797 727 852 vultis,
753 798 884 841 etiam
902 798 1023 857 quod
1041 814 1129 842 non
1147 798 1279 842 vultis
1297 798 1498 842 audiatis.
1521 799 1632 841 Nam

237 867 454 925 Propheta
480 869 708 927 conjungit
731 878 774 912 et
796 868 901 912 dicit
921 887 930 912 ι
955 869 1161 913 «Dimisit
1179 870 1295 912 enim
1317 869 1493 927 plebem
1511 882 1633 911 suam

239 953 259 976 »
295 935 476 980 domum
498 937 670 980 Israe'12.
693 955 712 978 »
737 938 815 980 Hic
844 937 1005 980 dicite:
1031 940 1118 981 Nos
1149 952 1323 981 sumus:
1350 937 1420 980 hic
1448 951 1522 980 vos
1556 949 1632 992 ag-

236 1006 417 1059 noscite,
439 1015 481 1049 et
505 1006 628 1049 nobis
647 1007 748 1064 quia
766 1006 845 1049 ista
868 1007 1320 1060 commemoravimus,
1341 1005 1566 1064 ignoscite.
1590 1005 1635 1049 Si

235 1076 351 1119 enim
373 1076 560 1119 libenter
582 1074 756 1129 auditis,
784 1076 838 1119 ad
853 1085 1046 1120 vestrum
1069 1076 1277 1120 dicuntur
1303 1076 1545 1135 alloquium
1565 1092 1574 1116 ε
1600 1074 1634 1118 si

232 1160 334 1188 vero
345 1145 623 1202 indignanter
636 1143 809 1199 auditis,
825 1145 880 1188 ad
892 1155 1082 1190 vestrum
1097 1147 1305 1190 dicuntur
1319 1146 1626 1205 opprobrium.

236 1215 447 1257 Dicantur
469 1222 616 1256 tamen
639 1223 834 1271 oportet,
863 1215 952 1258 sive
973 1217 1244 1270 volentibus,
1267 1217 1359 1260 sive
1382 1216 1633 1260 nolentibus

235 1284 373 1328 vobis.
390 1286 519 1337 Ecce,
536 1299 626 1326 non
644 1298 739 1341 ego,
761 1283 836 1327 sed
851 1286 1068 1343 Propheta
1086 1302 1218 1344 quem
1232 1287 1389 1343 legitis,
1406 1300 1483 1343 per
1500 1299 1634 1344 quem

236 1356 377 1396 Deum
397 1352 597 1396 locutum
619 1368 708 1395 non
730 1353 908 1410 potestis
931 1369 1112 1411 negare,
1144 1368 1276 1412 quem
1298 1353 1353 1396 de
1375 1354 1633 1398 auctoritate

236 1421 484 1466 divinarum
506 1421 828 1479 Scripturarum
843 1437 932 1466 non
950 1423 1129 1481 potestis
1143 1422 1328 1477 auferre,
1345 1423 1633 1483 quemadmo-

235 1491 343 1535 dum
359 1489 421 1533 illi
435 1490 644 1534 Dominus
659 1491 905 1549 imperavit,
919 1491 1131 1536 exclamat
1147 1493 1443 1547 vehementer,
1462 1502 1505 1536 et
1522 1493 1635 1537 sicut

235 1562 341 1605 tuba
363 1561 520 1605 exaltat
541 1576 695 1605 vocem
718 1563 882 1616 suam3‚
908 1577 1072 1621 vosque
1094 1562 1306 1621 increpat,
1333 1562 1504 1607 dicens:
1529 1582 1549 1605 «
1573 1566 1630 1606 Et

240 1650 259 1673 »
295 1647 414 1675 nunc
437 1640 502 1685 tu,
521 1631 676 1674 domus
698 1632 851 1685 Jacob,
877 1632 1037 1686 venite,
1059 1632 1330 1677 ambulemus
1351 1633 1398 1676 in
1420 1633 1517 1677 luce
1540 1636 1631 1677 Do-

239 1722 259 1744 »
294 1702 442 1745 mini&
458 1701 717 1745 »Occidistis
740 1703 962 1745 Christum
985 1703 1029 1745 in
1047 1704 1299 1761 parentibus
1321 1704 1489 1748 vestris.
1517 1706 1630 1747 Tan-

237 1771 313 1816 diu
331 1787 420 1815 non
434 1771 689 1825 credidistis,
708 1780 750 1814 et
763 1772 1082 1815 contradixistis
1098 1792 1106 1815 z
1127 1772 1203 1816 sed
1214 1772 1411 1816 nondum
1426 1773 1628 1831 periistis,

236 1841 339 1901 quia
362 1841 561 1885 nondum
581 1841 635 1885 de
652 1856 833 1900 corpore
855 1842 1023 1897 existi53
1049 1850 1091 1884 et
1112 1857 1231 1885 nunc
1254 1842 1422 1885 habetis
1443 1843 1633 1900 spatium

238 1911 498 1971 poenitendi,
525 1921 568 1955 et
589 1927 707 1956 nunc
727 1912 887 1955 venite„
909 1910 1023 1954 Olim
1042 1911 1220 1970 quidem
1240 1910 1466 1965 debuistis,
1489 1912 1564 1955 sed
1587 1921 1631 1955 et

237 1998 356 2025 nunc
378 1982 522 2025 venite
542 2001 550 2026 :
577 1981 776 2026 nondum
797 1981 909 2025 finiti
931 1989 1033 2024 sunt
1054 1981 1167 2035 dies,
1194 1981 1265 2024 cui
1288 1981 1489 2024 nondum
1511 1981 1630 2024 venit

238 2052 415 2096 ultimus
436 2051 542 2096 dies.
564 2055 652 2096 Aut
676 2053 708 2096 si
732 2067 807 2096 vos
835 2061 1046 2110 tanquam
1076 2050 1257 2095 domum
1279 2051 1415 2095 Jacob
1436 2051 1630 2109 Prophe-

237 2133 326 2167 tam
341 2133 525 2178 secutos,
539 2125 629 2183 jam
642 2122 796 2166 inluce
808 2123 981 2166 Domini
994 2122 1168 2166 creditis
1188 2122 1429 2176 ambulare,
1450 2120 1631 2165 domum

238 2194 369 2237 Israe'l
385 2210 516 2254 quam
532 2194 694 2237 dimisit
708 2192 938 2237 ostendite.
955 2193 1042 2237 Nos
1060 2193 1172 2236 enim
1194 2202 1402 2251 utrosque
1421 2201 1630 2236 monstra-

238 2280 350 2319 mus,
381 2274 424 2308 et
446 2279 555 2322 quos
583 2279 633 2307 ex
662 2263 734 2306 illa
760 2263 891 2307 domo
915 2262 1114 2306 vocando
1138 2261 1408 2315 discreverit,
1444 2270 1498 2306 et
1519 2276 1628 2320 qnos
1689 2255 1692 2317 Ι

239 2334 326 2378 illic
349 2344 619 2378 remanentes
642 2334 867 2377 dimiserit.
895 2333 1075 2376 Vocavit
1095 2333 1210 2375 enim
1239 2331 1340 2375 inde
1367 2347 1458 2375 non
1487 2331 1626 2375 solum
1689 2338 1692 2382 ἦ

239 2405 484 2462 Apostolos,
503 2405 578 2448 sed
596 2405 724 2448 etiam
740 2412 838 2463 post
857 2403 1016 2448 Christi
1034 2402 1393 2445 resurrectionem
1411 2400 1625 2460 populum
1688 2392 1691 2459 l

239 2489 447 2531 magnum
460 2497 470 2532 3
490 2474 608 2519 unde
623 2475 818 2534 superius
830 2475 919 2533 jam
933 2473 1117 2517 diximus
1136 2492 1144 2516 ε
1167 2472 1327 2516 dimisit
1345 2480 1490 2515 autem
1507 2470 1619 2524 illos,

292 2565 298 2581 ¹
319 2559 391 2590 lsai.
411 2570 445 2598 11,
462 2559 479 2589 5
495 2576 545 2585 .--
564 2568 574 2581 ⁷
600 2560 794 2590 1bid.6.—
813 2557 980 2590 ³1sai.1⁴u.
1010 2569 1038 2597 1,
1058 2555 1125 2580 -ΰ
1148 2557 1180 2586 m
1219 2568 1254 2588 11.
1276 2556 1306 2586 5.
