1729 3143
230 241 309 278 ‘524
664 249 694 276 s.
734 250 961 278 AUGUSTINI
994 251 1174 279 Emscom

229 337 247 357 »
278 327 365 360 tare
383 314 512 358 modo
535 317 562 356 ¹.
590 332 608 354 »
636 316 691 358 Ut
711 314 814 374 quid
839 330 940 373 ergo
962 314 1129 359 dixerat
1156 335 1163 360 :
1191 316 1387 360 «Omnia
1409 333 1507 377 quae
1530 334 1608 362 au·
1654 334 1657 365 ὲ

233 409 248 426 u
275 385 363 430 divi
389 401 412 428 a
438 387 562 427 Patre
583 399 679 429 meo
701 394 802 429 nota
827 384 907 430 feci
928 386 1050 430 vobis
1074 405 1081 430 :
1110 405 1130 427 »
1161 387 1241 430 nisi
1261 388 1362 447 quia
1384 403 1427 431 se
1449 389 1609 434 sciebat
1655 400 1659 446 f

225 459 306 500 hoc
324 470 413 498 esse
432 453 682 499 facturum?
715 457 781 501 Sic
803 457 932 501 etiam
955 457 1117 501 coelum
1141 467 1183 502 et
1211 467 1324 503 terra
1354 461 1496 519 potuit
1523 461 1609 505 dici
1658 468 1659 519 J

220 527 399 572 materia
437 528 555 571 unde
593 527 791 573 noudum
830 539 921 574 erat
956 529 1119 574 factum
1143 529 1305 575 coelum
1329 539 1372 574 et
1393 539 1506 575 terra
1533 531 1609 575 sed

224 608 366 642 tamen
401 613 490 642 non
525 608 616 643 erat
651 599 826 644 aliunde
863 598 1127 645 faciendum.
1168 599 1511 644 Innumerabiles
1543 609 1610 644 ta-

222 668 282 713 les
304 669 544 714 locutiones
568 671 613 714 in
640 672 871 731 Scripturis
893 671 1050 718 divinis
1078 671 1378 717 inveniuntur.
1417 671 1538 716 Sicut
1565 671 1613 714 in

221 742 537 786 consuetudine
568 743 775 788 sermonis
808 744 977 799 nostri,
1015 759 1114 788 cum
1147 743 1192 787 id
1222 741 1343 803 quod
1379 741 1612 787 certissime

220 825 441 869 speramus
464 811 661 858 futurum
679 849 689 867 ,
716 813 902 858 dicimus
925 832 935 858 z
961 816 1056 858 Jam
1076 813 1243 858 factum
1265 821 1387 872 puta.

279 883 381 925 XII.
425 885 548 923 Hanc
583 893 727 921 autem
759 876 902 922 adhuc
935 883 1170 927 informem
1206 884 1460 938 materiam,
1485 882 1613 926 etiam
1666 869 1667 904 ἶ

220 959 380 992 terram
409 947 673 991 invisibilem
699 956 830 1007 atque
851 948 1183 1007 incompositam
1206 947 1345 992 voluit
1368 947 1584 1007 appellare
1599 983 1610 1004 ‚
1668 976 1669 991 i

220 1018 319 1078 quia
332 1017 446 1059 inter
463 1018 608 1060 omnia
623 1016 839 1062 elementa
857 1018 1012 1062 mundi
1030 1027 1144 1062 terra
1162 1018 1336 1062 videtur
1352 1018 1495 1061 minus
1515 1033 1614 1078 spe-

221 1089 331 1132 ciosa
358 1102 487 1146 quam
510 1097 681 1131 caetera.
707 1088 972 1132 Invisibilem
995 1098 1139 1133 autem
1160 1089 1287 1145 dixit,
1308 1098 1485 1148 propter
1508 1089 1611 1133 obs-

221 1160 476 1215 curitatem3
501 1168 543 1203 et
561 1159 917 1219 incompositam,
936 1170 1115 1220 propter
1131 1159 1460 1204 informitatem.
1479 1163 1611 1204 Eam-
1671 1152 1673 1157 ¹

221 1229 319 1274 dem
339 1230 474 1288 ipsam
488 1231 711 1273 materiam
728 1232 857 1275 etiam
874 1247 1030 1291 aquam
1051 1231 1284 1291 appellavit
1300 1266 1311 1285 ,
1339 1246 1467 1290 super
1481 1247 1614 1291 quam

221 1299 443 1344 ferebatur
469 1300 650 1359 Spiritus
677 1301 776 1356 Dei,
803 1302 913 1346 sicut
941 1300 1210 1360 superfertur
1238 1301 1368 1345 rebus
1398 1300 1615 1345 fabrican-

223 1370 287 1414 dis
306 1370 506 1414 voluntas
525 1371 713 1416 artificis.
735 1372 859 1425 Quod
881 1373 958 1416 etsi
974 1387 1214 1432 paucorum
1231 1371 1517 1429 intelligentia
1534 1388 1615 1431 po·

222 1450 305 1484 test
329 1441 538 1497 attingere
555 1476 565 1496 ,
595 1442 796 1486 humanis
830 1452 972 1486 tamen
993 1443 1135 1486 verbis
1159 1442 1302 1485 nescio
1324 1451 1474 1485 utrum
1498 1441 1568 1486 vel
1589 1459 1614 1487 a

222 1512 370 1570 paucis
395 1511 645 1556 hominibus
673 1514 807 1572 possit
834 1514 1005 1573 exponi.
1035 1517 1268 1572 Propterea
1291 1528 1394 1557 vero
1420 1527 1508 1556 non
1538 1513 1615 1556 ab·

221 1581 350 1625 surde
379 1583 507 1626 etiam
532 1599 642 1642 aqua
665 1583 781 1627 dicta
803 1592 866 1627 est
887 1584 967 1628 ista
991 1584 1193 1638 materia,
1219 1584 1322 1642 quia
1350 1584 1495 1628 omnia
1516 1599 1615 1642 quae

224 1654 267 1695 in
290 1662 398 1696 terra
415 1662 654 1697 nascuntur
673 1688 685 1708 ,
711 1654 797 1697 sive.
817 1653 1017 1698 animalia
1035 1689 1045 1709 ‚
1070 1654 1157 1698 sive
1175 1654 1349 1698 arbores
1365 1653 1434 1698 vel
1451 1653 1612 1707 herhae,

226 1732 269 1766 et
291 1724 323 1766 si
349 1740 433 1783 qua
453 1725 605 1768 similia
621 1759 631 1778 ,
665 1725 719 1767 ab
737 1726 920 1768 humore
943 1726 1158 1784 incipiunt
1182 1725 1359 1768 formari
1379 1734 1510 1783 atque
1531 1739 1616 1767 nu-

225 1794 330 1837 triri.
359 1797 462 1838 Haec
484 1810 586 1852 ergo
607 1795 781 1838 nomina
802 1795 946 1837 omnia
962 1829 972 1848 ‚
995 1795 1083 1837 sive
1103 1794 1265 1838 coelum
1291 1803 1333 1836 et
1355 1803 1467 1839 terra
1484 1828 1495 1847 ‚
1526 1794 1614 1837 sive

226 1874 336 1908 terra
364 1865 590 1909 invisibilis
620 1875 661 1908 et
690 1865 975 1924 incomposita
1005 1873 1048 1908 et
1072 1865 1251 1921 abyssus
1272 1879 1373 1907 cum
1396 1863 1583 1911 ‘tenebris
1599 1899 1610 1918 ‚

226 1935 313 1978 sive
335 1952 446 1994 aqua
465 1950 593 1993 super
612 1951 741 1995 quain
765 1936 947 1994 Spiritus
965 1934 1187 1978 ferebatur
1203 1969 1213 1988 ‚
1239 1935 1415 1977 nomina
1431 1943 1532 1977 sunt
1548 1934 1614 1977 in-

226 2006 374 2050 formis
396 2006 586 2050 materiae
609 2027 617 2051 :
639 2016 688 2050 ut
705 2022 769 2050 res
786 2007 934 2065 ignota
953 2006 1066 2050 uotis
1084 2005 1305 2050 vocabulis
1321 2004 1614 2049 insinuaretur

226 2078 567 2136 imperitioribus
589 2099 598 2133 3
630 2087 672 2121 et
694 2094 781 2122 non
806 2093 895 2121 uno
917 2076 1132 2121 vocabulo
1155 2112 1165 2131 ‚
1206 2076 1279 2119 sed
1305 2076 1477 2131 multis,
1503 2091 1558 2120 ne
1579 2075 1614 2119 si

228 2163 365 2191 unum
382 2158 492 2192 esset
509 2184 519 2203 ,
548 2150 628 2192 hoc
644 2158 870 2207 putaretur
888 2163 977 2192 esse
993 2148 1113 2208 quod
1135 2156 1449 2192 consueverant
1469 2146 1613 2191 homi-

228 2233 302 2260 nes
323 2219 367 2262 in
386 2218 461 2262 illo
479 2219 693 2263 vocabulo
717 2219 968 2278 intelligere.
995 2220 1168 2263 Dictum
1188 2227 1251 2262 est
1273 2233 1376 2276 ergo
1391 2217 1555 2262 coelum
1571 2227 1614 2262 et

229 2296 340 2329 terra
363 2321 372 2340 ‚
400 2290 502 2344 quia
525 2289 626 2332 inde
651 2289 847 2333 futurum
871 2298 960 2333 erat
989 2288 1150 2333 coelum
1174 2297 1217 2332 et
1238 2297 1364 2331 terra.
1402 2288 1521 2332 Dicta
1551 2296 1615 2331 est

235 2365 343 2399 terra
367 2356 588 2403 invisibilis
612 2369 654 2403 et
671 2360 954 2419 incomposita
975 2369 1017 2404 et
1032 2359 1225 2403 tenebrae
1247 2373 1375 2417 super
1393 2358 1611 2415 abyssum,

229 2425 330 2483 quia
357 2424 554 2470 informis
585 2440 673 2473 erat
689 2466 699 2484 ‚
726 2440 769 2475 et
791 2429 912 2474 nulla
934 2430 1075 2489 specie
1097 2429 1217 2474 cerni
1240 2437 1315 2473 aut
1335 2427 1510 2472 tractari
1530 2442 1612 2486 po-

232 2503 374 2549 terat,
399 2496 529 2540 etiam
559 2498 593 2540 si
627 2508 736 2543 esset
765 2503 898 2546 homo
933 2502 1010 2561 qui
1043 2500 1208 2546 videret
1238 2509 1368 2559 atque
1392 2507 1610 2543 tractaret.

282 2586 291 2602 1
319 2581 410 2613 Joan.
435 2591 500 2623 xv1‚
523 2591 572 2614 12.

1692 2323 1697 2468 l

1695 2549 1706 2659 i.

1698 2700 1703 2847 l

1704 3127 1720 3143 «k
