1729 3143
304 211 387 240 Lm.
423 213 454 239 1.
490 212 543 240 DE
574 212 758 240 moninus
789 212 988 239 Eccmzsffl
1017 210 1271 239 cAmOLmAE.
1393 202 1474 240 515

42 289 46 294 ’
108 291 128 315 »
152 289 409 333 cognoscere
429 278 558 321 etiam
590 278 980 336 supereminentem
1004 277 1193 321 scientiae
1226 277 1478 321 charitatem

107 361 129 385 »
155 345 340 400 Christi,
365 355 416 390 ut
439 345 708 406 impleamini
722 347 767 389 in
783 361 956 390 omnem
974 345 1290 405 plenitudinem
1307 346 1440 391 Dei1?
1458 365 1479 387 »

105 415 324 459 Potest-ne
339 415 577 476 quidquam
600 415 685 460 dici
705 415 1005 460 manifestius?
1066 474 1070 477 Ι

161 486 366 530 XXXIV.
386 486 578 531 Obsecro
596 485 771 545 vigilate
787 484 1034 545 paululum,
1053 485 1197 531 videte
1219 485 1483 532 Testamenti

63 563 71 569 ⁴
102 555 330 616 utriusque
351 557 630 602 concordiam
645 590 657 611 ‚
678 555 756 615 qui
776 556 831 600 sit
850 556 896 600 in
917 557 1113 602 moribus
1127 559 1229 602 vitae
1247 557 1420 613 modus,
1439 566 1484 602 et

102 640 192 685 quo
207 627 291 670 sint
313 626 537 671 referenda
562 627 708 672 omnia
725 661 736 682 ,
762 627 862 671 satis
886 628 1150 686 aperientem
1171 638 1215 672 et
1234 628 1481 674 docentem.

0 710 3 719 ’
36 759 37 762 ¹
102 699 306 741 Amorem
329 697 407 741 Dei
428 698 649 743 concitant
665 697 921 757 Evangelia,
945 713 1048 742 cum
1067 698 1229 744 dicitur
1250 718 1259 745 :
1284 718 1307 743 (ι
1325 699 1481 754 Petite,

106 786 124 808 »
149 768 353 827 quaerite,
378 768 574 828 pulsate²
594 788 605 816 z
623 786 644 810 »
666 769 857 814 concitat
889 768 1049 813 Paulus
1077 768 1292 811 dicendo:
1321 786 1343 809 «
1358 769 1485 812 Utin

104 855 125 879 »
148 838 357 884 charitate
371 839 552 884 radicati
566 849 610 884 et
631 838 820 889 fundati,
836 839 1005 894 possitis
1022 836 1439 895 comprehenderess:
1457 856 1480 881 »

34 902 38 922 ³
101 909 290 951 concitat
311 908 439 950 etiam
465 905 705 964 Propheta,
732 919 832 948 cum
851 903 957 949 dicit
971 938 981 958 ,
1005 903 1131 950 facile
1151 906 1407 966 sapientiam
1428 908 1485 952 ab

101 975 151 1020 iis
170 976 248 1035 qui
270 990 366 1020 eam
393 973 584 1034 diligunt
601 1009 611 1029 ,
644 983 873 1034 quaerunt,
903 976 1219 1035 concupiscunt
1235 1011 1246 1030 ,
1270 976 1454 1036 vigilant
1469 1012 1480 1033 ,

37 1047 39 1050 ’
103 1047 311 1105 cogitant,
334 1053 507 1101 curant,
525 1059 650 1104 posse
669 1045 883 1102 cognosci.
911 1044 1034 1090 Salus
1051 1046 1183 1090 animi
1203 1055 1246 1091 et
1260 1047 1332 1092 via
1346 1047 1486 1092 beati-

32 1169 36 1175 ·
99 1116 263 1161 tudinis
291 1126 578 1176 utrarumque
615 1116 936 1173 Scripturarum
967 1131 1075 1176 pace
1104 1125 1398 1173 monstratur,
1440 1127 1484 1164 et

33 1198 35 1201 ·
101 1202 178 1232 vos
207 1187 365 1232 latrare
394 1187 538 1246 potius
567 1184 770 1231 adversus
798 1186 918 1242 haec,
943 1202 1076 1246 quam
1096 1187 1163 1232 his
1185 1187 1486 1248 obtemperare

102 1256 292 1317 diligitis.
318 1258 444 1301 Brevi
465 1256 607 1301 dicam
630 1256 752 1316 quod
779 1256 976 1300 sentio4:
1007 1256 1205 1302 «Audite
1227 1257 1378 1303 doctos
1399 1261 1486 1304 Ec-

100 1322 240 1373 clesiae
279 1328 504 1373 catholicae
538 1329 652 1373 viros
678 1336 796 1372 tanta
823 1342 932 1386 pace
958 1327 1113 1383 animi,
1141 1336 1185 1372 et
1207 1343 1258 1373 eo
1278 1339 1382 1375 voto
1407 1345 1483 1380 vos

34 1431 39 1458 .·
103 1412 181 1457 ego
203 1398 349 1445 audivi
367 1420 378 1457 3
402 1398 511 1443 nihil
528 1413 637 1458 opus
655 1397 736 1442 erit
755 1412 911 1442 novem
929 1398 1051 1448 annis
1073 1398 1233 1458 quibus
1265 1414 1334 1444 me
1367 1400 1483 1445 ludi-

34 1503 40 1527 „
101 1470 273 1515 ficastis.
317 1473 467 1529 Longe
497 1469 700 1524 omnino,
734 1467 862 1526 longe
887 1468 1086 1514 breviore
1116 1477 1340 1529 tempore,
1375 1470 1485 1532 quid

99 1541 267 1586 intersit
287 1540 400 1586 inter
421 1541 649 1586 veritatem
670 1540 992 1600 vanitatemque
1013 1541 1212 1585 cernetis.
1232 1558 1253 1583 »

36 1606 38 1611 ¹
160 1614 344 1657 XXXV.
368 1611 452 1657 Sed
473 1620 646 1670 tempus
663 1619 727 1655 est
740 1610 795 1655 ad
808 1610 899 1655 illas
914 1612 1095 1655 virtutes
1106 1620 1296 1671 quatuor
1308 1613 1481 1668 reverti,

103 1691 147 1726 et
167 1697 218 1726 ex
238 1683 303 1726 his
326 1681 503 1740 singulis
522 1695 673 1725 eruere
690 1696 738 1725 ac
751 1680 911 1725 ducere
924 1681 1099 1726 vivendi
1116 1682 1312 1728 modum.
1330 1686 1486 1744 Itaque

36 1759 39 1793 ζ
103 1752 222 1811 prius
257 1752 588 1811 temperantiam
625 1751 874 1805 videamus,
910 1766 1013 1811 quae
1036 1752 1161 1796 nobis
1186 1752 1342 1797 amoris
1369 1753 1486 1797 illius

34 1864 38 1880 τ
103 1838 193 1883 quo
208 1823 473 1867 innectimur
493 1825 584 1866 Deo
599 1856 609 1876 ,
634 1822 926 1880 integritatem
946 1823 1181 1882 quamdam
1198 1832 1241 1868 et
1257 1824 1487 1883 incorrup-

34 1890 37 1895 ’
104 1893 268 1939 tionem
284 1892 529 1953 pollicetur.
550 1895 711 1938 Munus
732 1892 848 1935 enim
868 1893 960 1952 ejus
982 1900 1045 1936 est
1065 1892 1112 1936 in
1140 1894 1389 1939 coercendis
1416 1910 1486 1940 se-

27 1978 31 1982 ’
80 2013 84 2015 ‚
106 1964 348 2023 dandisque
368 1961 701 2021 cupiditatibus,
726 1961 885 2019 quibus
902 1961 1117 2005 inhiamus
1134 1963 1180 2007 in
1196 1977 1245 2007 ea
1259 1998 1270 2019 ,
1291 1979 1391 2024 quae
1407 1979 1487 2009 nos

106 2042 309 2079 avertunt
321 2049 343 2077 a
355 2032 525 2091 legibus
542 2032 621 2076 Dei
638 2040 681 2075 et
702 2047 725 2075 a
747 2029 896 2076 fructu
907 2031 1112 2076 bonitatis
1128 2033 1220 2092 ejus
1238 2051 1246 2078 :
1269 2034 1389 2093 quod
1402 2044 1482 2090 est,

106 2112 157 2147 ut
174 2103 295 2147 brevi
316 2102 527 2162 explicem
542 2136 553 2157 ,
577 2103 703 2147 beata
715 2101 820 2145 vita.
845 2100 913 2144 Ibi
930 2102 1047 2145 enim
1065 2110 1129 2146 est
1145 2102 1265 2147 sedes
1278 2104 1486 2160 veritatis,

107 2175 231 2233 cujus
262 2171 629 2232 contemplatione
661 2170 933 2230 perfruentes
944 2205 955 2226 ,
984 2171 1113 2232 eique
1138 2173 1311 2231 penitus
1337 2174 1487 2218 adhae-

108 2252 265 2299 rentes,
283 2242 437 2303 procul
453 2242 590 2286 dubio
610 2241 724 2285 beati
742 2255 917 2285 sumus:
935 2239 1037 2285 inde
1055 2250 1201 2286 autem
1219 2242 1486 2300 decidentes,

109 2314 276 2373 magnis
296 2313 516 2359 erroribus
538 2310 850 2371 doloribusque
869 2310 1162 2370 implicamur.
1185 2314 1382 2374 Namque
1398 2349 1409 2369 ,
1438 2311 1489 2360 ut

160 2432 166 2445 ⁴
187 2422 303 2465 Ephes.
321 2434 369 2462 ιιι,
392 2421 429 2463 14
450 2428 479 2454 et
502 2424 551 2453 18.
572 2438 612 2442 —
626 2428 637 2441 ²
657 2418 777 2452 Matth.
800 2430 856 2457 vn,
876 2430 907 2460 7.
932 2436 969 2440 —-
989 2417 1002 2441 3
1021 2419 1135 2461 Ephes.
1154 2431 1202 2458 111,
1225 2431 1261 2462 ¹7
1278 2436 1317 2442 —
1335 2418 1351 2445 A
1365 2423 1488 2464 Augus-

107 2479 191 2512 tinus
208 2489 323 2511 novem
339 2478 428 2510 annis
453 2475 642 2509 Manichaeus
662 2475 703 2507 ab
730 2485 816 2508 anno
841 2474 942 2506 aetatis
963 2486 1004 2517 ¹9
1022 2475 1063 2506 ad
1080 2475 1132 2507 28.
1163 2473 1243 2507 Vide
1260 2474 1356 2515 infra,
1374 2477 1428 2509 lib.
1450 2490 1487 2518 ιι,

110 2539 144 2567 et
159 2534 300 2570 Confess.
322 2533 379 2566 lib.
398 2543 445 2574 iv,
463 2543 524 2575 cap
542 2542 570 2564 1.

1238 2582 1301 2622 33.
