1729 3143
445 250 498 276 DE
530 249 746 286 εγΜεοιο,
780 248 918 275 sunno
950 249 996 274 11.
1356 234 1405 272 51

40 316 219 359 annon?
247 316 345 359 Nou
366 323 430 358 est
451 313 571 373 quod
591 313 706 356 dicas
732 312 812 354 nisi
835 312 996 355 Filium
1019 310 1173 354 dixisse
1192 327 1200 352 :
1229 327 1251 350 «
1271 311 1323 351 In
1345 308 1415 353 die

40 402 61 426 »
80 380 234 444 judicii
257 383 437 428 reddam
453 382 536 426 illis
559 401 568 426 z
592 382 799 440 quoniam
822 384 948 424 Pater
969 395 1059 424 non
1075 378 1245 439 judicat
1266 392 1416 437 quem-

39 471 60 494 »
84 468 231 512 quam.
254 472 273 494 »
303 451 387 498 Sed
400 450 497 495 vide
511 450 735 509 sequentia
754 448 851 492 libri
866 450 993 508 hujus
1010 484 1021 504 ,
1045 446 1417 509 quemadmodum

34 532 77 566 te
95 533 300 581 provocet
320 557 331 576 ‚
355 519 725 580 quemadmodum
747 519 991 563 convincat.
1017 521 1128 563 Cum
1152 519 1266 562 enim
1287 517 1414 562 dixis·

35 601 99 636 set
121 611 130 637 2
160 611 180 634 «
206 595 257 635 In
275 592 346 635 die
362 590 515 650 judicii
537 589 715 633 reddam
738 588 822 632 illis
840 609 852 646 3
878 606 899 629 ν)
923 597 1020 647 post
1041 589 1269 647 paululum
1291 603 1417 633 secu-

37 671 106 707 tus
123 661 345 721 adjunxit:
375 680 395 702 «
418 660 594 715 Videte,
618 659 760 705 videte
775 694 786 714 ,
810 659 955 718 inquit
969 693 981 714 ‚
1004 660 1212 718 quoniam
1228 674 1310 717 ego
1322 673 1419 703 sum

39 750 59 773 »
80 735 193 775 Deus
212 739 272 785 ,et
293 746 383 774 non
399 739 461 773 est
473 729 580 774 alius
599 739 754 788 praeter
771 744 841 772 me
860 732 891 773 ¹.
917 747 937 770 »
963 728 1081 782 Quid
1098 729 1204 786 agis,
1229 729 1417 772 Ariane?

35 804 132 847 Non
148 811 211 845 est
230 817 314 861 qua
333 816 474 845 exeas.
495 802 572 845 Dic
585 801 617 844 si
629 802 762 844 audes
775 835 786 855 ,
807 800 967 844 Filium
982 799 1122 844 solum
1137 800 1222 844 hoc
1234 798 1389 842 dixisse
1405 833 1416 853 ‚

36 880 80 915 et
101 870 278 929 negabis
302 874 469 914 Patrem
483 905 493 924 ‚
520 885 601 914 nee
618 873 756 914 Deum
779 885 890 924 esse,
915 884 995 914 nec
1013 869 1223 929 judicem.
1244 871 1422 927 Depone

37 940 104 984 vel
126 955 243 984 nunc
264 941 488 984 convietus
511 940 828 984 animositatem
845 975 857 995 ‚
891 939 992 984 audi
1014 941 1264 994 veritatem,
1294 937 1425 982 intel-

35 1008 122 1068 lige
153 1012 292 1053 Deum
322 1008 513 1068 judicem
553 1010 822 1054 Trinitatem.
861 1010 977 1054 Audi
1008 1009 1130 1069 quod
1166 1018 1210 1053 et
1241 1008 1425 1067 Spiritus

36 1088 208 1124 sanctus
223 1078 360 1138 judex
382 1079 450 1122 sit.
472 1082 574 1137 tIpse
590 1079 801 1123 Dominus
824 1079 870 1123 in
887 1079 1124 1136 Evangelio
1146 1079 1205 1123 ait
1227 1098 1235 1123 ε
1265 1097 1286 1120 «
1310 1081 1424 1124 Cum

40 1167 60 1191 »
85 1149 252 1193 venerit
274 1147 518 1191 Paracletus
534 1183 544 1202 ‚
584 1149 674 1206 ipse
708 1158 860 1206 arguet
885 1148 1104 1192 mundum
1132 1147 1188 1192 de
1208 1158 1388 1208 peccato
1407 1183 1419 1204 ‚

41 1218 141 1261 »de
166 1217 331 1277 justitia
352 1251 363 1270 ,
406 1225 447 1259 et
480 1216 534 1259 de
565 1216 730 1275 judicio
749 1220 782 1258 2.
819 1237 835 1257 »
872 1217 989 1269 Quid
1024 1218 1182 1276 quaeris
1213 1218 1430 1275 amplius?

40 1291 147 1333 Item
172 1287 440 1330 demonstrat
465 1287 685 1344 Scriptura
702 1286 848 1329 divina
868 1286 988 1345 quod
1011 1285 1140 1330 simul
1158 1286 1327 1330 habitet
1349 1290 1429 1330 Pa-

40 1365 105 1400 ter
126 1366 169 1400 et
190 1356 325 1400 Filius
353 1365 396 1399 et
430 1356 612 1413 Spiritus
649 1364 822 1398 sanctus
841 1355 887 1397 in
910 1356 1087 1398 homine
1105 1390 1116 1409 ,
1143 1365 1354 1417 tanquam
1381 1357 1429 1400 in

41 1426 203 1485 templo
223 1441 316 1469 suo.
343 1428 395 1468 In
413 1424 660 1483 ,Evangelio
690 1423 826 1467 Filius
847 1442 855 1468 ε
886 1443 906 1465 «
934 1425 978 1468 Si
1000 1425 1098 1483 quis
1123 1439 1194 1467 me
1214 1460 1225 1480 ‚
1249 1426 1394 1484 inquit
1415 1463 1426 1482 ‚

44 1515 63 1538 »
89 1496 261 1554 diligit,
296 1494 501 1552 diligetur
532 1510 555 1537 a
586 1498 713 1538 Patre
734 1509 833 1539 meo
859 1515 870 1550 3
908 1502 951 1537 et
982 1494 1206 1538 veniemus
1235 1495 1290 1539 ad
1326 1510 1427 1539 eum

45 1579 169 1622 »ego
202 1573 246 1608 et
277 1567 403 1607 Pater
419 1599 430 1617 ‚
455 1573 497 1606 et
519 1564 788 1607 mansionem
818 1563 937 1622 apud
960 1561 1087 1608 illum
1117 1561 1326 1608 faciemus
1344 1567 1376 1608 3.
1407 1582 1428 1606 »

43 1637 156 1679 Ecce
189 1638 314 1677 Pater
347 1643 389 1677 et
423 1634 558 1677 Filius
579 1654 589 1678 2
611 1634 720 1693 quid
741 1634 924 1693 Spiritus
948 1637 1152 1679 sanctus?
1171 1638 1430 1694 Apostolum

46 1705 147 1749 audi
168 1724 176 1749 :
206 1724 226 1746 «
251 1705 428 1750 Nescitis
445 1739 455 1758 ,
482 1705 648 1763 inquit,
676 1705 780 1764 quia
800 1708 1013 1765 templum
1031 1707 1109 1751 Dei
1127 1708 1228 1752 estis
1247 1729 1258 1766 3
1280 1719 1322 1753 et
1339 1710 1433 1768 Spi-

48 1793 69 1817 n
94 1776 199 1820 ritus
231 1775 307 1819 Dei
330 1775 498 1818 habitat
517 1776 563 1818 in
584 1775 708 1819 vobis
732 1778 763 1819 4.
793 1794 814 1817 »
840 1780 949 1820 Item
970 1777 1294 1823 demonstratur
1312 1780 1433 1840 quod

46 1845 175 1890 simul
197 1844 366 1889 deserat
391 1845 546 1903 impios
575 1849 700 1890 Pater
733 1855 778 1889 et
808 1846 942 1891 Filius
964 1857 1007 1891 et
1037 1849 1221 1908 Spiritus
1241 1860 1429 1895 sanctus.

50 1914 254 1959 Salomon
274 1915 486 1973 propheta
510 1934 518 1959 :
548 1934 568 1956 «
590 1919 805 1959 Perversae
819 1951 829 1970 ,
862 1918 1006 1977 inquit
1021 1954 1032 1973 ‚
1058 1919 1342 1978 cogitationes
1361 1935 1430 1965 se-

51 2001 72 2025 »
97 1993 251 2042 parant
271 1999 295 2028 a
317 1987 406 2028 Deo
425 1986 455 2027 ⁵.
482 2002 503 2026 »a
537 1987 650 2029 Ecce
671 1988 783 2029 Deus
812 1989 938 2030 Pater
974 1987 1176 2033 deserens
1211 2005 1432 2049 perversas

49 2053 342 2110 cogitationes.
368 2053 485 2106 Quid
505 2057 619 2097 Deus
642 2054 811 2099 Filius?
836 2057 1041 2116 Sequitur
1067 2076 1076 2102 ε
1105 2076 1123 2098 «
1151 2060 1364 2112 Quoniam
1387 2060 1434 2102 in

54 2141 74 2164 »
99 2123 355 2166 malevolam
373 2124 559 2167 animam
587 2140 677 2169 non
703 2126 902 2171 introibit
932 2127 1158 2186 sapientia.
1187 2148 1207 2170 s»
1234 2130 1429 2174 Christus

52 2201 116 2237 est
128 2192 244 2235 enim
257 2192 479 2236 Deivirtus
492 2202 535 2236 et
551 2194 627 2237 Dei
639 2195 891 2253 sapientiafi.
917 2199 1032 2242 Ecce
1054 2207 1098 2242 et
1120 2197 1256 2243 Filius
1277 2199 1435 2244 deserit

53 2262 311 2308 malevolam
333 2263 521 2306 animam
544 2298 554 2316 ‚
593 2263 636 2306 in
661 2279 748 2322 qua
768 2274 872 2308 sunt
893 2281 1105 2323 perversae
1126 2270 1406 2327 cogitationes
1422 2302 1433 2317 ,

55 2348 160 2393 quas
193 2332 382 2377 deseruit
404 2336 544 2377 Pater.
572 2336 722 2378 Restat
742 2334 797 2378 de
820 2335 984 2394 Spiritu
1010 2348 1174 2383 sancto.
1201 2338 1316 2383 Audi
1338 2348 1435 2398 post

58 2401 286 2462 paululum
322 2403 430 2462 quid
467 2412 673 2463 sequatur
704 2423 713 2449 :
747 2423 769 2447 «
794 2407 976 2451 Sanctus
997 2441 1008 2462 ‚
1047 2408 1191 2469 inquit
1205 2443 1216 2464 ‚
1252 2409 1436 2469 Spiritus

107 2504 117 2522 ¹
143 2501 236 2531 Deut.
256 2508 360 2536 xxxii,
378 2497 431 2541 39.
452 2515 494 2522 ·-—
510 2501 605 2532 Joan.
623 2510 692 2542 xvi,
712 2500 744 2534 8.
760 2518 802 2524 —
822 2499 899 2534 31d.
921 2513 990 2544 xm,
1010 2503 1066 2545 23,
1091 2504 1161 2535 —04
1185 2517 1198 2538 1
1219 2508 1294 2539 Cor.
1315 2505 1363 2548 iu,
1389 2506 1442 2547 16,

63 2569 104 2576 -
121 2551 137 2576 5
155 2555 226 2596 Sap.
247 2565 271 2595 1,
291 2554 322 2585 3.
343 2570 382 2577 —
404 2552 420 2577 6
441 2565 453 2586 1
475 2558 547 2588 Cor.
570 2567 593 2595 1,
616 2555 668 2597 252.

1190 2613 1228 2652 4.
