1729 3143
330 258 413 285 LIB.
449 259 479 285 1.
515 259 569 285 DE
600 260 785 287 MORIBUS
817 257 1017 286 EchEslAE
1047 255 1302 285 CATHOLICAE.
1423 247 1500 284 521

129 322 338 366 inhaerere
362 323 450 367 istis
473 324 669 383 quamvis
691 323 929 383 possideas,
965 337 1094 383 quam
1132 322 1310 367 omnino
1339 337 1388 366 ea
1417 337 1505 367 non

127 393 359 451 possidere.

183 464 346 505 XLIII.
375 461 458 506 Sed
477 463 683 522 quoniam
696 463 751 506 de
763 461 913 507 dolore
930 472 1060 523 atque
1074 462 1336 508 cruciatibus
1349 478 1506 522 corpo-

125 532 180 575 ris
200 523 436 575 tolerandis
466 547 584 576 nunc
607 533 773 590 agitur,
811 531 1010 592 relinquo
1039 533 1170 577 istum
1202 533 1371 588 virum,
1406 532 1506 577 licet

123 616 353 659 magnum,
389 602 490 646 licet
521 603 760 658 invictum,
801 603 941 647 virum
970 612 1131 647 tamen.
1166 604 1368 648 Offerunt
1390 604 1505 648 enim

53 675 55 677 ’
80 722 83 728 .
121 672 228 715 mihi
250 672 485 730 Scripturae
513 671 598 716 illae
628 672 855 732 stupendae
878 673 1146 718 fortitudinis
1163 672 1410 718 foeminam1
1428 709 1438 729 ,
1464 683 1505 718 et

120 740 176 785 ad
198 756 292 786 eam
306 742 396 801 jam
414 756 484 786 me
502 743 681 786 transire
703 743 989 803 compellunt.
1011 745 1120 796 Quae
1142 759 1243 788 cum
1267 753 1431 799 septem
1452 743 1505 786 li-

16 830 25 838 ·
48 813 52 836 ”
119 811 232 856 beris
265 820 453 869 tyranno
482 821 611 872 atque
634 814 824 857 carnifici
846 814 964 866 prius
984 813 1147 852 viscera
1177 809 1345 864 omnia,
1372 827 1504 871 quam

117 897 256 926 unum
277 883 460 923 verbum
483 878 741 936 sacrilegum
760 878 977 938 impendit
997 897 1006 923 :
1032 894 1131 923 cum
1151 881 1241 938 ejus
1258 880 1504 926 hortatione

118 949 196 994 filii
219 950 547 1004 roborarentur,
572 950 616 992 in
640 965 827 1009 quorum
850 949 1058 993 membris
1081 950 1173 1009 ipso
1191 951 1501 1011 torquebatur,

117 1020 259 1064 latura
281 1028 430 1063 tamen
454 1020 584 1063 etiam
606 1020 783 1079 proprio
805 1035 1003 1075 munere,
1029 1020 1150 1080 quod
1168 1035 1239 1065 eos
1262 1019 1373 1065 ferre
1392 1036 1503 1081 prae-

117 1100 307 1150 ceperat.
333 1089 445 1143 Quid
468 1089 521 1133 ad
539 1098 703 1134 tantam
726 1090 996 1149 patientiam,
1018 1106 1182 1151 quaeso,
1213 1090 1313 1135 addi
1329 1096 1503 1151 potest?

117 1161 235 1215 Quid
259 1171 403 1205 tamen
435 1160 596 1204 mirum
629 1161 663 1204 si
694 1161 898 1206 omnibus
927 1161 1128 1205 medullis
1161 1171 1394 1221 conceptus
1426 1165 1503 1208 Dei

117 1247 263 1286 amor,
290 1240 333 1275 et
354 1240 543 1288 tyranno
560 1265 570 1285 ,
607 1240 650 1275 et
681 1231 897 1285 carnifici,
923 1240 966 1274 et
988 1230 1153 1286 dolori,
1179 1242 1222 1276 et
1243 1233 1434 1292 corpori,
1460 1243 1503 1277 et

115 1302 261 1357 sexui,
287 1311 329 1346 et
353 1301 529 1346 affectui
555 1301 814 1346 resistebat?
836 1303 995 1345 Annon
1019 1300 1214 1346 audierat
1236 1321 1244 1346 z
1275 1304 1501 1348 «Pretiosa

121 1393 139 1414 »
166 1374 212 1416 in
234 1381 473 1432 conspectu
491 1373 665 1417 Domini
687 1387 802 1417 mors
825 1381 1073 1417 sanctorum
1095 1374 1240 1432 ejus2?
1257 1392 1275 1414 »
1301 1376 1398 1419 Non
1421 1392 1500 1422 au-

116 1443 255 1488 dierat
284 1463 292 1488 :
323 1463 342 1486 «
362 1443 520 1488 Melior
534 1444 598 1488 vir
614 1444 781 1502 patiens
805 1442 1038 1488 fortissimo
1051 1444 1098 1487 3?
1118 1464 1134 1485 ι)
1159 1446 1257 1489 Non
1278 1444 1471 1490 audierat
1489 1467 1496 1491 :

119 1532 136 1554 «
163 1514 303 1557 Omne
325 1514 445 1573 quod
468 1514 548 1557 tibi
570 1513 824 1573 applicitum
848 1512 979 1557 fuerit
994 1548 1004 1568 ‚
1031 1514 1205 1573 accipe3
1229 1523 1271 1558 et
1288 1516 1333 1558 in
1351 1516 1501 1560 dolore

117 1601 138 1624 »
163 1584 342 1638 sustine,
369 1592 411 1627 et
434 1583 478 1626 in
500 1582 747 1627 humilitate
764 1592 837 1628 tua
856 1583 969 1627 habe
983 1584 1236 1643 patientiam
1258 1604 1266 1630 :
1292 1586 1498 1645 quoniam

115 1672 136 1696 »
162 1656 207 1698 in
224 1655 324 1713 igne
350 1655 566 1713 probatur
596 1670 751 1698 aurum
782 1663 825 1698 et
856 1656 1220 1713 argumentum4?
1238 1674 1257 1697 »
1295 1658 1391 1702 Non
1421 1672 1499 1701 au-

112 1724 280 1769 dierat:
311 1744 328 1764 «
353 1727 463 1768 Vasa
507 1724 631 1783 figuli
666 1724 822 1784 probat
857 1724 1024 1780 fornax,
1057 1734 1100 1769 et
1140 1725 1336 1770 homines
1359 1728 1498 1786 justos

117 1815 135 1836 »
160 1795 345 1839 tentatio
365 1794 658 1840 tribulationis
674 1797 720 1839 5?
739 1813 758 1836 »
785 1798 877 1839 Imo
899 1810 999 1840 vere
1015 1805 1058 1840 et
1079 1796 1173 1840 haec
1197 1805 1239 1840 et
1270 1796 1350 1840 alia
1373 1798 1498 1856 plura

111 1874 384 1924 perceperat,
410 1881 509 1925 quae
533 1880 622 1909 uno
652 1874 801 1909 sancto
824 1866 899 1909 Dei
924 1865 1086 1925 Spiritu
1102 1900 1112 1920 ,
1145 1876 1194 1911 ut
1217 1867 1263 1910 in
1284 1866 1372 1911 istis
1390 1869 1497 1912 Novi

113 1936 393 1990 Testamenti,
415 1936 472 1979 sic
494 1936 539 1978 in
556 1934 655 1989 illis,
681 1936 756 1995 qui
778 1935 856 1979 soli
879 1934 1022 1980 adhuc
1044 1945 1183 1991 erant,
1208 1936 1329 1981 libris
1352 1936 1495 1981 divina

110 2013 327 2064 praecepta
344 2003 612 2049 fortitudinis
627 2005 869 2064 conscripta
892 2015 1007 2049 sunt.

170 2077 324 2119 XLIV.
353 2075 471 2128 Quid
493 2074 548 2119 de
562 2075 729 2135 justitia
750 2092 849 2135 quae
871 2075 926 2120 ad
950 2079 1086 2120 Deum
1109 2076 1325 2135 pertinet?
1342 2079 1497 2123 Nonne

111 2161 212 2190 cum
226 2155 270 2189 et
287 2146 499 2190 Dominus
512 2144 629 2190 dicat
648 2165 656 2190 :
678 2164 695 2186 «
717 2148 814 2192 Non
830 2147 1006 2206 potestis
1021 2146 1192 2191 duobus
1213 2148 1399 2193 dominis
1413 2164 1498 2193 ser-

114 2234 134 2258 »
159 2216 291 2270 vire⁰‚
312 2234 332 2257 »
350 2225 393 2260 et
407 2216 636 2275 Apostolus
652 2216 884 2276 redarguat
900 2219 1012 2272 eos7,
1033 2218 1110 2277 qui
1127 2227 1336 2263 creaturae
1351 2220 1497 2278 potius

110 2302 244 2348 quam
266 2288 460 2333 Creatori
483 2288 700 2343 serviunt,
724 2288 770 2333 in
795 2289 937 2332 Veteri
965 2291 1239 2334 Testamento
1263 2291 1381 2349 prius
1402 2290 1496 2335 dic—

110 2367 206 2402 tum
224 2367 287 2402 est
308 2377 316 2403 :
345 2359 614 2403 «Dominum
638 2361 779 2402 Deum
802 2367 927 2402 tuum
945 2359 1160 2415 adorabis,
1178 2369 1220 2404 et
1237 2360 1299 2404 illi
1316 2359 1394 2404 soli
1411 2376 1496 2405 ser-

111 2427 248 2473 viesss‘?
266 2447 285 2470 »
305 2427 389 2474 Sed
406 2428 512 2489 quid
530 2444 638 2489 opus
655 2438 718 2473 est
731 2430 832 2473 hinc
849 2429 971 2489 plura
987 2429 1144 2482 dicere,
1160 2443 1259 2473 cum
1272 2431 1494 2477 sententiis

161 2533 170 2549 ¹
188 2538 207 2561 2
221 2529 309 2561 Mac.
327 2540 382 2571 vn,
401 2537 506 2563 1.—²
523 2530 606 2562 Psal.
626 2541 699 2571 cxv,
722 2530 772 2563 15.
790 2546 832 2553 —-
845 2528 858 2553 3
876 2532 968 2561 Prov¹
991 2539 1059 2570 xvi,
1075 2528 1127 2561 32.
1141 2527 1208 2558 —4
1225 2530 1310 2562 Eccli
1328 2541 1360 2572 11,
1376 2531 1394 2573 4
1411 2536 1442 2564 et
1460 2532 1492 2564 5.

113 2582 182 2607 —5
200 2585 245 2615 ld.
266 2596 365 2625 xxvii,
383 2586 414 2617 6.
435 2603 475 2610 —
489 2584 504 2610 6
525 2586 645 2620 Matth.
667 2597 715 2625 vx,
735 2585 788 2626 24.
805 2601 845 2608 --
862 2591 875 2617 7
894 2586 986 2617 Rom.
1005 2595 1028 2626 1,
1048 2584 1103 2618 25.
1122 2601 1164 2607 —
1180 2583 1194 2608 ⁸
1214 2588 1309 2621 Deut.
1326 2597 1372 2628 vi,
1394 2587 1444 2620 13.
