1729 3143
248 231 302 269 92
648 237 681 266 s.
716 236 798 265 Auo
804 238 946 265 tis-nm
977 237 1159 267 Eprscom

244 304 436 360 diaboli,
461 305 620 365 quibus
641 302 929 347 renuntiasti?
952 305 1009 348 Ut
1045 302 1152 363 quid
1182 302 1434 347 claudicatis
1468 301 1623 346 ambo-

245 377 328 420 bus
356 374 642 433 inguinibus?
667 373 710 417 Si
731 375 844 417 Deus
878 382 968 429 est,
1007 375 1185 433 ite'post
1217 373 1343 417 illum
1376 391 1388 418 ε
1422 373 1456 417 si
1492 386 1626 416 mun-

246 445 327 489 dus
361 453 450 497 est,
481 444 539 486 ite
565 451 663 502 post
692 441 831 486 illum.
871 443 914 487 Si
942 446 1056 487 Deus
1087 443 1296 501 elegitur,
1322 442 1530 487 serviatur
1562 440 1628 484 illi

246 513 485 559 secundum
520 514 653 573 ipsius
685 513 957 558 voluntatem
998 533 1007 558 ε
1045 515 1079 558 si
1109 514 1301 558 mundus
1335 512 1510 571 eligitur
1529 546 1541 567 ‚
1578 519 1630 555 ut

243 585 350 643 quid
366 584 518 628 fictum
538 599 613 628 cor
635 584 756 644 quasi
779 587 871 629 Deo
893 584 1276 629 accommodatur?
1296 583 1502 642 Quisquis
1524 596 1630 626 con-

244 663 410 713 tempto
429 657 517 698 Deo
535 656 723 714 sequeris
742 654 955 697 mundum
976 689 986 710 ,
1013 654 1160 712 etipse
1181 663 1223 697 te
1244 653 1401 696 deserit
1417 652 1626 696 mundus.

244 726 341 769 Non
363 725 424 768 vis
448 726 586 770 bonus
604 724 784 784 implere
798 724 1069 768 voluntatem
1088 723 1164 767 Dei
1182 757 1192 776 ‚
1223 730 1266 765 et
1286 721 1340 765 de
1357 730 1399 766 te
1416 721 1532 765 malo
1545 723 1631 765 im-

245 793 390 851 pletur
410 794 611 839 voluntas
634 795 724 839 Dei.
754 796 943 854 Sequere
966 793 1109 837 adhuc
1131 800 1347 852 quantum
1369 801 1492 851 potes
1514 791 1631 848 fugi-

247 864 400 919 tivum,
425 875 469 909 et
490 867 523 910 si
541 875 664 925 potes
683 865 962 925 apprehende
980 879 1097 918 eum,
1123 873 1223 907 tene
1242 878 1344 906 eum
1365 881 1374 907 ε
1395 861 1471 906 sed
1486 862 1629 916 video,

246 949 336 978 non
355 943 475 994 potes
496 970 507 991 ‚
532 935 646 980 fallis
664 945 722 980 te.
747 935 825 979 Ille
845 936 960 979 enim
975 934 1127 979 labiles
1148 943 1292 978 motus
1312 948 1411 977 suos
1428 932 1632 977 torrentis

245 1004 337 1048 ictu
370 1021 626 1059 percurrens
647 1041 658 1057 ‚
703 1005 808 1049 dum
837 1014 880 1047 te
910 1005 1032 1048 videt
1065 1005 1354 1048 inhaerentem
1384 1004 1466 1048 sibi
1494 1012 1538 1046 et
1567 1011 1637 1045 te-

247 1079 425 1114 nentem
442 1084 486 1113 se
501 1104 512 1124 ‚
539 1069 595 1113 ad
613 1069 694 1113 hoc
715 1077 758 1113 te
779 1069 893 1128 rapit
906 1104 922 1124 ,
945 1084 1035 1113 non
1052 1077 1102 1112 ut
1124 1069 1260 1113 salvet
1277 1103 1287 1124 ‚
1321 1069 1398 1112 sed
1418 1078 1468 1112 ut
1484 1067 1638 1127 perdat
1702 1095 1707 1119 ς

247 1149 306 1185 te.
332 1138 450 1193 Quid
484 1139 564 1183 tibi
594 1154 695 1183 cum
716 1139 886 1198 pompis
914 1138 1105 1194 diaboli,
1132 1147 1299 1183 amator
1327 1139 1516 1184 Christi?
1538 1138 1637 1184 Noli

247 1219 291 1254 te
314 1209 463 1254 fallere
485 1229 494 1254 :
524 1209 616 1254 odit
638 1211 754 1253 enim
774 1213 889 1254 Deus
912 1209 1018 1253 tales
1034 1245 1045 1264 ‚
1071 1224 1150 1254 nec
1179 1210 1293 1254 inter
1325 1225 1424 1254 suos
1455 1209 1638 1269 deputat
1700 1250 1706 1259 ,.

248 1279 509 1339 professores
525 1315 536 1334 ‚
561 1295 670 1339 quos
688 1280 825 1324 cernit
842 1280 942 1324 vitae
964 1295 1053 1324 suae
1075 1279 1329 1323 desertores.
1356 1282 1470 1324 Ecce
1491 1280 1639 1324 ruino-
1701 1298 1707 1323 i

249 1365 320 1394 sus
342 1360 405 1395 est
436 1349 627 1394 mundus
644 1384 655 1404 ‚
689 1365 789 1394 ecce
820 1349 949 1393 tantis
973 1350 1291 1394 calamitatibus
1314 1349 1496 1407 replevit
1522 1352 1638 1394 Deus
1702 1352 1705 1358 ”

250 1420 465 1463 mundum
483 1453 494 1474 ,
519 1434 618 1463 ecce
634 1434 803 1463 amarus
826 1429 889 1462 est
910 1420 1100 1462 mundus
1116 1452 1128 1472 ‚
1158 1428 1201 1462 et
1223 1419 1282 1463 sic
1311 1428 1495 1463 amatur.
1521 1420 1639 1472 Quid
1700 1454 1702 1456 ψ

249 1489 488 1532 faceremus
506 1524 517 1544 ,
551 1490 585 1532 si
619 1488 758 1532 dulcis
792 1489 931 1531 esset?
958 1488 995 1530 Ο
1017 1488 1181 1531 munde
1202 1488 1430 1532 immunde
1447 1524 1458 1544 ‚
1500 1490 1638 1533 teneri

248 1558 311 1602 vis
334 1558 504 1616 periens
519 1591 529 1611 ‚
555 1555 663 1614 quid
685 1555 847 1600 faceres
869 1557 904 1600 si
925 1561 1155 1602 maneres?
1186 1561 1329 1611 Quem
1351 1574 1440 1603 non
1463 1558 1635 1618 decipe-

249 1642 314 1670 res
337 1626 475 1670 dulcis
490 1660 501 1680 ‚
532 1627 566 1669 si
586 1641 755 1670 amarus
779 1626 981 1671 alimenta
1001 1629 1195 1672 mentiris
1213 1630 1231 1671 Ρ
1252 1629 1395 1672 Vultis
1410 1664 1421 1684 ‚
1447 1628 1637 1673 dilectis-

248 1697 372 1750 simi,
404 1711 493 1739 non
523 1696 733 1740 inhaerere
766 1697 973 1740 mundo?
1016 1697 1174 1755 Eligite
1203 1712 1346 1741 amare
1385 1700 1635 1743 Creatorem

248 1765 402 1809 mundi
429 1785 438 1810 :
473 1775 516 1809 et
549 1767 795 1810 renuntiate
827 1767 998 1825 pompis
1033 1767 1292 1820 mundanis,
1334 1768 1495 1826 quibus
1516 1769 1637 1827 prin-

249 1851 348 1895 ceps
366 1844 429 1879 est
449 1834 649 1880 diabolus
666 1851 765 1880 cum
789 1836 950 1894 angelis
968 1837 1071 1879 suis.

308 1909 368 1950 Π.
391 1906 578 1950 Credite.
604 1907 671 1951 Sic
688 1906 815 1950 crede
831 1940 842 1961 ‚
868 1914 918 1949 ut
937 1904 1153 1949 desideres
1171 1907 1316 1950 videre
1333 1905 1454 1966 quod
1471 1907 1626 1952 credis.

245 1976 359 2020 Dicit
381 1976 536 2036 aliquis
559 1996 568 2021 ι
594 1979 706 2020 Ecce
724 1976 853 2019 credo
869 2010 880 2030 ,
906 1988 949 2019 et
969 1975 1167 2019 desidero
1183 1975 1331 2020 videre
1348 1976 1469 2036 quod
1484 1976 1630 2022 credo:

1698 2014 1702 2028 f

247 2047 414 2090 utinam
448 2047 555 2090 mihi
584 2046 884 2090 ostenderetur
900 2080 910 2100 ,
936 2054 986 2089 ut
1007 2044 1114 2089 fides
1137 2061 1233 2090 mea
1254 2047 1346 2106 ipsa
1366 2047 1530 2092 visione
1553 2047 1633 2091 lae-
1698 2036 1716 2054 ι

246 2125 425 2161 taretur.
449 2118 491 2161 Si
515 2132 634 2161 nunc
650 2116 845 2171 videres,
870 2131 960 2160 non
981 2115 1177 2161 crederes
1197 2134 1208 2160 .-
1228 2116 1327 2162 ideo
1342 2118 1506 2173 credis,
1531 2119 1633 2178 quia
1697 2108 1704 2144 ‘s

246 2203 336 2232 non
358 2187 475 2231 vides
498 2207 507 2232 2
532 2187 606 2231 sed
627 2188 686 2231 ita
707 2186 834 2232 crede
852 2221 863 2242 ,
892 2196 937 2231 ut
965 2187 1126 2232 videas.
1146 2187 1273 2231 Fides
1293 2222 1304 2243 ‚
1329 2203 1438 2246 opus
1455 2198 1518 2233 est
1539 2208 1548 2234 z
1574 2190 1634 2234 vi-
1696 2183 1702 2207 Ἐ

247 2261 308 2301 sio
329 2258 409 2303 Dei
428 2293 439 2313 ,
473 2273 636 2302 merces
659 2267 736 2302 est.
764 2261 1030 2317 Praepostere
1057 2259 1120 2303 vis
1143 2259 1335 2316 accipere
1357 2259 1598 2304 mercedem
1616 2296 1628 2316 ,

247 2328 323 2386 qui
357 2343 444 2372 non
477 2327 682 2373 laborasti
705 2329 751 2372 in
773 2343 916 2387 opere.
948 2331 1104 2373 Nonne
1134 2328 1253 2373 omni
1281 2333 1477 2387 operanti
1499 2345 1631 2388 penes

250 2405 290 2439 te
306 2430 316 2450 ‚
342 2407 455 2441 recte
490 2413 513 2441 a
544 2408 588 2442 te
617 2413 779 2443 merces
808 2413 896 2442 non
931 2398 1060 2442 datur
1077 2433 1089 2454 ,
1114 2399 1195 2441 nisi
1217 2413 1326 2457 opus
1349 2399 1631 2458 perficiatur?

249 2466 378 2518 Quod
399 2469 487 2525 agis
520 2484 620 2512 cum
647 2484 769 2513 servo
791 2476 868 2512 tuo
885 2502 896 2523 ,
921 2469 1004 2512 hoc
1029 2477 1127 2527 pete
1149 2484 1173 2512 a
1201 2469 1389 2513 Domino
1412 2478 1505 2514 tuo.
1533 2469 1631 2513 Tibi
1692 2483 1695 2486 ⁴

250 2536 420 2581 confert
437 2572 447 2591 ⁷
478 2539 593 2597 quod
619 2554 694 2597 per
716 2538 847 2582 fidem
867 2548 912 2583 te
934 2548 1100 2584 exercet
1121 2538 1398 2599 {differendo
1420 2540 1627 2586 visionem

1690 2456 1696 2626 ἰ

1687 2642 1694 2822 !
