1729 3143
213 246 267 285 24
643 254 672 279 5.
712 253 938 279 auc-‚usuum
972 252 1151 278 EPlscopl

211 319 430 373 dentium,
455 318 649 362 nondum
681 315 1100 374 contemplantium,
1127 313 1270 358 adhuc
1291 316 1559 372 sperantium
1575 349 1587 369 ,

210 389 410 434 nondum
432 387 697 441 tenentium,
717 383 860 428 adhuc
885 383 1096 427 desiderio
1117 384 1426 442 suspirantium
1441 418 1452 438 ,
1479 399 1591 428 non-

211 461 318 504 dum
339 458 544 502 felicitate
572 454 869 511 regnantium,
894 455 1037 498 adhuc
1057 455 1339 498 esurientium
1375 462 1419 497 et
1442 454 1593 498 sitien-

211 531 338 583 tium,
363 527 560 570 nondum
582 525 832 569 satiatorum
855 543 863 568 :
891 525 1050 567 horum
1075 538 1178 582 ergo
1205 543 1225 565 «
1248 527 1494 583 Pauperum
1511 539 1591 582 pa-

215 617 236 640 »
262 598 411 641 tientia
449 611 539 640 non
569 595 729 654 peribit
749 595 793 638 in
824 596 1052 638 aeternum¹
1090 613 1099 638 :
1137 612 1157 635 »
1186 609 1276 638 non
1290 594 1393 654 quia
1428 603 1472 637 et
1508 592 1597 637 illic

212 666 422 726 patientia
444 662 763 722 erit,ubiquod
785 663 995 707 toleretur
1011 678 1100 707 non
1123 664 1232 721 erit,
1256 663 1330 707 sed
1359 682 1378 705 «
1402 665 1503 708 Non
1519 678 1598 722 pe-

214 755 234 778 »
257 737 381 790 ribit,
404 754 422 775 »
448 737 615 779 dictum
640 743 718 789 est,
734 734 834 793 quia
859 732 1128 778 infructuosa
1145 749 1235 777 non
1264 734 1359 777 erit.
1386 736 1599 776 Fructum

216 816 361 850 autem
390 806 572 849 habebit
610 813 821 848 aeternum
837 839 848 859 ,
871 804 970 848 ideo
1006 819 1095 848 non
1116 804 1274 860 peribit
1294 804 1340 846 in
1366 812 1596 847 aeternum.

209 875 295 928 Qui
313 875 426 919 enim
445 874 618 918 laborat
633 874 836 928 inaniter,
856 889 956 917 cum
979 889 1080 917 eum
1103 888 1197 932 spes
1221 871 1449 925 fefellerit,
1465 887 1602 930 prop·-

211 955 275 990 ter
287 960 420 1005 quam
433 944 675 998 laborabat,
689 945 843 988 merito
857 943 962 987 dicit
978 963 987 987 ε
1001 942 1172 987 Perdidi
1188 952 1360 987 tantum
1377 941 1572 986 laborem
1588 960 1599 987 :

218 1016 414 1074 quisquis
431 1029 533 1058 vero
552 1015 607 1058 ad
628 1014 693 1058 sui
709 1013 867 1057 laboris
886 1014 1094 1072 promissa
1107 1013 1370 1073 pervenerit,
1383 1012 1604 1071 gratulans

214 1085 344 1129 dicit:
364 1087 462 1129 Non
484 1083 654 1143 perdidi
675 1083 870 1128 laborem
886 1098 1046 1127 meum.
1067 1084 1234 1128 Dicitur
1248 1098 1352 1141 ergo
1367 1083 1494 1127 labor
1513 1097 1604 1126 non

210 1155 385 1212 perisse,
410 1169 500 1198 non
522 1155 624 1212 quia
641 1164 784 1197 manet
804 1161 1070 1211 perpetuus,
1091 1152 1167 1194 sed
1189 1153 1292 1209 quia
1314 1166 1405 1195 non
1427 1161 1490 1195 est
1511 1152 1606 1194 ina-

206 1225 320 1266 niter
341 1223 478 1264 fusus.
508 1220 575 1264 Sic
599 1228 642 1262 et
664 1220 870 1277 patientia
887 1234 1131 1278 pauperum
1145 1220 1322 1273 Christi,
1353 1220 1431 1263 sed
1453 1221 1604 1263 ditan-

215 1289 795 1343 dorumhaeredumChristi,
811 1305 900 1333 non
915 1290 1128 1348 peribitin
1142 1299 1384 1346 aeternum,
1401 1305 1492 1334 non
1504 1291 1606 1349 quia

220 1370 264 1405 et
283 1359 371 1403 illic
389 1359 602 1418 patienter
623 1358 735 1401 ferre
751 1359 1023 1417 jubebimur,
1044 1359 1119 1402 sed
1133 1359 1234 1418 quia
1250 1374 1329 1418 pro
1352 1360 1400 1402 iis
1422 1375 1522 1418 quae
1536 1360 1607 1404 hic

220 1430 436 1489 patienter
453 1428 727 1486 pertulimus,
743 1437 904 1471 aeterna
915 1429 991 1471 bea
999 1429 1185 1472 titudine
1204 1429 1494 1487 perfruemur.
1511 1432 1608 1474 Non

218 1500 343 1544 dabit
364 1500 500 1541 finem
524 1498 797 1556 sempiternae
814 1497 1027 1551 felicitati,
1053 1499 1128 1557 qui
1161 1499 1296 1541 donat
1320 1498 1607 1557 temporalem

218 1569 471 1628 patientiam
495 1567 710 1611 voluntati
733 1587 740 1611 :
767 1568 869 1627 quia
892 1576 1128 1627 utrumque
1150 1583 1310 1612 munus
1331 1567 1506 1613 donatae
1528 1568 1608 1613 do-

222 1647 378 1683 natum
396 1647 458 1681 est
480 1637 694 1681 charitati.

271 1741 279 1756 ¹
306 1733 386 1764 Psal.
408 1744 451 1772 ix,
476 1744 525 1774 ¹9·
