1729 3143
570 205 782 236 ADVERSUS
819 209 996 237 JUDAEOS.
1395 204 1480 242 269

88 283 197 328 quos
219 269 349 313 etiam
371 284 447 314 vos
464 283 555 314 non
571 270 791 316 credendo
814 271 1068 330 imitamini,
1092 281 1135 317 et
1154 287 1229 318 vos
1250 275 1380 333 ipsos,
1404 278 1479 335 qui

85 353 158 383 eos
180 338 395 384 imitando
422 340 469 383 in
497 339 648 384 eadem
677 339 868 398 pernicie
898 341 1200 388 demoramini.
1226 346 1314 388 Aut
1340 345 1374 389 si
1401 361 1477 390 vos

86 409 184 453 estis
203 426 311 469 quos
332 409 434 455 inde
459 411 654 465 vocavit,
678 410 756 454 ubi
776 419 877 454 sunt
900 427 1009 470 quos
1031 412 1220 458 dimisit?
1240 417 1338 459 Non
1361 416 1477 460 enim

84 479 263 537 potestis
281 479 441 534 dicere,
458 479 578 538 quod
596 479 884 538 nescioquam
901 479 1030 524 aliam
1049 491 1223 538 gentem
1239 483 1474 540 dimiserit,

86 564 186 592 cum
201 551 417 609 Propheta
429 549 587 594 clamet
603 567 611 593 :
629 566 646 589 «
665 549 834 593 Dimisit
849 550 964 593 enim
976 551 1150 609 plebem
1163 569 1283 597 suam
1296 554 1477 599 domum

89 635 110 658 »
146 619 318 663 Israe‘11.
343 637 363 659 »
387 622 499 663 Ecce
531 618 651 678 quod
682 619 780 662 estis
795 654 805 674 ,
832 634 920 664 non
943 619 1065 678 quod
1086 636 1162 665 vos
1184 637 1271 666 esse
1288 624 1474 682 jactatis.

84 687 255 731 Dimisit
271 687 387 731 enim
406 698 449 731 et
466 688 654 743 vineam,
675 687 729 731 de
746 704 831 748 qua
850 690 1089 748 expectavit
1107 699 1156 735 ut
1171 690 1332 736 faceret
1352 709 1477 745 uvas,

84 755 187 801 fecit
208 767 355 802 autem
372 758 537 817 spinas,
563 767 607 802 et
628 758 852 803 mandavit
875 759 1068 804 nubibus
1090 760 1176 804 suis
1197 776 1252 805 ne
1276 761 1480 821 pluerent

84 842 213 886 super
246 843 340 871 eam
374 828 576 872 imbrem.
605 828 690 872 Sed
713 829 843 873 etiam
865 829 968 873 inde
997 845 1070 874 eos
1103 833 1290 886 vocavit,
1317 833 1480 891 quibus

84 896 214 941 dicit:
240 916 260 939 «
282 897 481 941 Judicate
503 899 616 941 inter
638 913 708 941 me
730 908 774 941 et
794 899 965 942 vineam
989 903 1172 944 meam2.
1196 920 1216 943 »
1238 904 1301 946 De
1322 903 1480 961 quibus

83 975 126 1010 et
155 966 366 1010 Dominus
394 967 477 1010 ait:
504 967 589 1011 «Si
622 982 702 1025 ego
732 967 777 1010 in
811 967 1058 1013 Beelzebub
1089 971 1213 1030 ejicio
1242 971 1476 1027 daemonia,

84 1053 104 1077 >›
140 1034 218 1078 filii
238 1037 369 1080 vestri
390 1036 435 1079 in
457 1052 546 1095 quo
568 1036 770 1095 ejiciunt?
793 1036 898 1081 Ideo
930 1038 1010 1097 ipsi
1028 1039 1198 1097 judices
1218 1050 1350 1086 erunt
1372 1057 1473 1086 ves-

86 1122 107 1146 »
142 1106 237 1148 tri3.
259 1123 279 1146 n
299 1106 467 1158 Quibus
486 1106 571 1150 hoc
592 1107 876 1165 promittens:
905 1126 926 1148 «
959 1109 1192 1163 Sedebitis,
1218 1111 1379 1170 inquit,
1406 1128 1483 1156 su-

85 1193 106 1217 »
142 1189 219 1234 per
231 1176 462 1220 duodecim
477 1177 599 1219 sedes
607 1175 853 1235 judicantes
866 1175 1101 1220 duodecim
1116 1178 1256 1223 tribus
1267 1181 1398 1225 Israel
1409 1183 1440 1226 4.
1457 1200 1477 1224 η

87 1245 263 1290 Sedebit
284 1246 434 1304 itaque
456 1245 611 1290 domus
633 1246 790 1299 Jacob,
818 1260 918 1303 quae
939 1246 985 1289 in
1007 1245 1105 1290 luce
1129 1249 1304 1291 Domini
1326 1260 1481 1295 vocata

83 1314 337 1368 ambulavit,
358 1313 554 1374 judicare
576 1315 756 1358 domum
775 1314 922 1367 Israe'l,
948 1315 1031 1358 hoc
1051 1325 1129 1370 est,
1152 1317 1327 1376 plebem
1347 1319 1481 1377 ipsius

83 1400 216 1444 quam
237 1384 412 1428 dimisit.
432 1382 664 1436 Quomodo
682 1384 797 1426 enim
817 1384 942 1441 juxta
966 1384 1171 1428 eumdem
1195 1388 1479 1446 Prophetam:

87 1474 107 1498 «
144 1455 269 1514 Lapis
284 1469 415 1514 quem
434 1453 779 1512 reprobaverunt
796 1453 1075 1509 aedificantes,
1096 1455 1168 1499 hic
1190 1455 1331 1501 factus
1355 1468 1420 1503 est
1435 1461 1481 1503 in

85 1542 107 1565 »
142 1533 274 1582 caput
299 1523 448 1582 anguli
463 1524 493 1577 ⁵,
511 1541 530 1563 »
549 1522 629 1565 nisi
653 1522 774 1581 quod
795 1537 846 1565 ex
868 1523 1195 1568 circumcisione
1208 1534 1251 1569 et
1263 1529 1481 1586 praeputio

83 1593 237 1654 populi
271 1603 479 1653 tanquam
501 1593 685 1652 parietes
707 1592 761 1636 de
784 1593 954 1637 diverso
975 1594 1197 1639 venientes
1212 1629 1223 1650 ,
1247 1596 1293 1639 in
1318 1598 1479 1655 angulo

83 1664 254 1708 sibimet
276 1672 484 1722 tanquam
515 1663 561 1706 in
582 1664 696 1721 pacis
719 1663 868 1707 osculo
890 1664 1184 1722 copulantur?
1214 1667 1339 1712 Unde
1374 1667 1480 1713 dicit

83 1731 345 1791 Apostolus:
371 1751 390 1774 «
410 1735 507 1791 Ipse
537 1741 602 1776 est
629 1733 744 1775 enim
768 1748 851 1791 pax
874 1742 1043 1788 nostra,
1069 1735 1145 1794 qui
1167 1734 1270 1779 fecit
1292 1746 1480 1798 utraque

86 1820 107 1844 »
142 1818 281 1846 unum
295 1805 327 1847 ⁶.
348 1821 368 1844 »
387 1803 472 1856 Qui
495 1818 598 1861 ergo
613 1818 664 1846 ex
682 1802 812 1846 domo
830 1803 966 1847 Jacob
985 1805 1072 1849 sive
1095 1806 1227 1849 Israel
1249 1818 1478 1852 vocantem

85 1873 220 1917 secuti
253 1882 372 1927 sunt,
411 1872 493 1931 ipsi
526 1882 629 1916 sunt
659 1871 795 1931 lapidi
827 1873 1025 1931 angulari
1059 1875 1343 1932 cohaerentes,
1369 1886 1412 1920 et
1432 1879 1478 1921 in

83 1942 257 1986 Domini
279 1942 376 1985 luce
398 1941 668 1986 ambulantes
687 1961 695 1986 :
721 1957 830 2001 quos
851 1957 953 1986 vero
977 1942 1039 1985 ibi
1061 1942 1250 1998 dimisit,
1275 1945 1356 2003 ipsi
1377 1957 1479 1991 sunt

83 2013 257 2056 ruinam
275 2011 556 2067 aedificantes,
574 2021 617 2056 et
633 2011 886 2071 angularem
898 2011 1089 2071 lapidem
1107 2014 1404 2072 reprobantes.

143 2085 246 2126 XII.
283 2085 507 2127 Postremo
529 2082 563 2125 si
580 2083 675 2125 haec
698 2081 833 2126 verba
855 2083 1112 2142 prophetica
1139 2084 1380 2130 secundum
1403 2102 1478 2132 cor

84 2162 278 2199 vestrum
301 2153 347 2196 in
371 2153 504 2197 alium
526 2167 700 2197 sensum
723 2152 984 2212 detorquere
1006 2156 1239 2211 conamini,
1265 2172 1290 2201 0
1314 2159 1338 2200 J
1342 2157 1472 2213 udaei,

87 2233 239 2269 contra
267 2222 451 2267 salutem
471 2231 657 2267 vestram
679 2222 923 2267 resistentes
946 2223 1058 2268 Filio
1080 2225 1180 2282 Dei3
1218 2226 1252 2269 si
1274 2227 1384 2282 haec,
1409 2228 1477 2272 in-

90 2308 239 2354 quam,
264 2292 397 2337 verba
420 2293 478 2337 sic
495 2292 628 2337 vultis
650 2291 858 2350 accipere,
883 2300 933 2335 ut
953 2291 1103 2336 eadem
1120 2294 1174 2338 sit
1194 2294 1316 2353 plebs
1339 2306 1382 2341 et
1402 2298 1478 2342 do·

88 2379 185 2409 mus
214 2363 348 2407 Jacob
382 2363 451 2408 vel
484 2362 629 2417 Israel,
658 2371 700 2406 et
728 2371 877 2406 vocata
901 2371 944 2406 et
965 2362 1166 2420 dimissa;
1204 2366 1360 2410 nonin
1382 2367 1473 2412 aliis

132 2468 144 2486 ἵ
163 2468 233 2498 lsai.
258 2478 292 2507 u,
311 2466 342 2497 6.
358 2483 399 2489 -
415 2466 492 2497 2121.
517 2476 547 2507 v,
568 2466 598 2497 32
621 2462 821 2496 -3Matt11,
844 2475 897 2504 xii,
921 2473 973 2504 27.
995 2465 1125 2497 —41tl.
1148 2478 1211 2507 xxx,
1232 2466 1285 2499 28.
1304 2485 1344 2491 —
1361 2467 1376 2492 5
1395 2469 1466 2502 Isai.

89 2532 198 2562 xxvm,
222 2524 273 2561 16,
293 2526 324 2555 et
343 2521 420 2554 Psal.
441 2531 539 2562 cxvii,
557 2529 609 2553 22.
623 2537 663 2543 —
677 2518 692 2542 6
712 2520 824 2561 Ephes.
844 2531 878 2559 ιι,
902 2519 953 2560 14,
974 2525 1006 2553 et
1020 2521 1116 2562 Beda,
1136 2533 1191 2555 seu
1210 2523 1327 2565 Florus,
1346 2523 1422 2558 ibid.
