1729 3143
211 185 293 221 356
639 189 672 218 s.
709 190 938 217 Aucus‘nm
972 191 1151 219 Enscom

206 258 482 310 ostenderat,
519 254 709 299 ostendit
741 255 868 298 etiam
896 255 942 298 in
970 256 1193 314 puniendo
1210 258 1447 315 justitiam,
1473 261 1581 304 etin

201 328 427 372 liberando
457 325 808 369 misericordiam.
842 328 941 370 Non
966 325 1113 386 itaque
1135 325 1233 371 dico
1252 361 1262 381 ‚
1288 343 1377 372 non
1400 343 1499 372 eum
1518 330 1585 374 sa-

200 407 314 442 ceret
334 417 342 441 :
366 395 441 440 sed
463 396 545 439 hoc
562 395 661 439 dico
677 430 688 450 ,
713 396 919 455 quoniam
942 405 1224 455 peccaturum
1245 412 1333 442 esse
1350 399 1584 457 praescive-

204 477 297 521 rat,
320 480 492 510 necesse
514 475 605 509 erat
625 466 670 509 id
699 466 816 521 fieri,
842 465 962 526 quod
990 465 1189 510 futurum
1222 482 1312 512 esse
1332 469 1587 527 praesciebat

206 542 338 582 Deus.
372 536 603 590 Quomodo
633 545 696 580 est
716 537 847 594 igitur
873 537 1072 582 voluntas
1093 536 1253 594 libera,
1280 537 1465 583 ubitam
1492 540 1588 583 ine-

200 607 387 652 vitabilis
405 616 583 667 apparet
604 595 862 652 necessitas?

259 679 312 720 V.
332 680 384 722 A.
408 677 591 722 Pulsasti
607 679 887 723 vehementer
906 697 915 723 :
934 678 1224 724 misericordia
1238 680 1315 724 Dei
1333 680 1465 736 adsit,
1486 694 1589 740 ape-

200 749 369 808 riatque
390 747 681 808 pulsantibus.
714 750 1026 792 Verumtamen
1049 749 1282 793 maximam
1312 759 1480 809 partem
1500 751 1584 794 ho-

195 820 364 862 minum
389 819 469 862 ista
491 819 731 879 quaestione
752 819 948 878 torqueri
964 835 1054 864 non
1072 821 1130 864 ob
1155 820 1274 864 aliud
1296 821 1553 865 crediderim
1571 855 1582 875 ‚

196 890 278 934 nisi
300 891 400 949 quia
424 906 513 935 non
542 892 611 950 pie
635 900 840 951 quaerunt
855 925 866 946 ,
891 890 1215 951 velocioresque
1237 901 1339 936 sunt
1370 892 1425 936 ad
1453 907 1585 936 excu-

194 962 405 1008 sationem
444 975 577 1020 quam
612 962 668 1002 ad
709 962 1024 1005 confessionem
1064 972 1345 1020 peccatorum
1387 978 1581 1007 suorum.

194 1033 280 1077 Alii
316 1033 431 1076 enim
468 1031 635 1075 nullam
671 1031 864 1074 divinam
893 1033 1210 1090 providentiam
1240 1047 1422 1092 praeesse
1458 1034 1587 1078 rebus

192 1103 395 1147 humanis
426 1101 614 1144 libenter
637 1101 872 1160 opinantur
889 1136 900 1155 ‚
939 1102 1134 1160 dumque
1166 1101 1356 1146 fortuitis
1382 1105 1586 1147 commit-

192 1181 294 1216 tunt
316 1171 485 1215 casibus
509 1179 552 1213 et
570 1172 735 1215 animos
757 1180 801 1215 et
825 1186 1006 1229 corpora
1034 1187 1111 1215 sua
1127 1206 1138 1225 ,
1160 1171 1340 1216 tradunt
1361 1187 1405 1216 se
1426 1173 1587 1216 ferien-

194 1242 272 1286 dos
294 1251 337 1285 et
364 1240 637 1285 dilaniandos
665 1240 924 1284 libidinibus
945 1276 956 1294 7
994 1240 1139 1284 divina
1157 1240 1322 1298 judicia
1350 1252 1555 1299 negantes
1570 1278 1581 1298 ‚

194 1314 386 1356 humana
407 1311 608 1356 fallentes
630 1347 640 1366 ‚
670 1327 742 1356 eos
760 1327 784 1355 a
806 1311 964 1370 quibus
986 1320 1245 1355 accusantur
1263 1346 1273 1366 ,
1299 1311 1487 1356 fortunae
1505 1329 1584 1372 pa-

194 1383 377 1428 trocinio
400 1382 653 1442 propulsare
674 1398 718 1426 se
741 1391 926 1440 putant3
951 1397 1083 1441 quam
1107 1391 1255 1425 tamen
1277 1398 1437 1427 caecam
1459 1384 1586 1428 effin-

195 1470 294 1514 gere
323 1471 371 1498 ac
401 1455 578 1512 pingere
606 1462 926 1497 consueverunt
942 1488 953 1508 ,
979 1461 1029 1497 ut
1060 1462 1134 1497 aut
1162 1454 1361 1499 meliores
1383 1471 1432 1498 ea
1453 1456 1539 1499 sint
1561 1471 1586 1499 a

195 1541 282 1585 qua
303 1540 346 1569 se
368 1524 460 1582 regi
482 1524 749 1568 arbitrantur
765 1559 776 1579 7
797 1533 873 1567 aut
896 1539 941 1567 se
962 1539 1140 1584 quoque
1162 1539 1263 1568 cum
1286 1524 1438 1568 eadem
1461 1526 1586 1569 caeci-

195 1604 283 1639 tate
320 1604 363 1638 et
389 1595 546 1638 sentire
581 1595 661 1638 ista
683 1593 903 1638 fateantur
925 1603 968 1638 et
990 1595 1148 1638 dicere.
1180 1596 1268 1639 Nec
1290 1594 1405 1638 enim
1427 1595 1585 1640 talibus

198 1665 384 1710 absurde
425 1666 556 1710 etiam
598 1665 853 1710 conceditur
902 1666 1070 1710 casibus
1120 1682 1191 1710 eos
1232 1681 1357 1726 agere
1398 1667 1543 1711 omnia
1570 1701 1582 1722 ,

197 1735 373 1796 quando
411 1736 579 1794 agendo
613 1735 789 1780 cadunt.
829 1735 912 1780 Sed
951 1736 1153 1780 adversus
1187 1737 1300 1780 hanc
1334 1737 1585 1796 opinionem

198 1805 372 1865 plenam
394 1806 632 1849 stultissimi
655 1821 703 1849 ac
732 1805 1039 1849 dementissimi
1069 1806 1249 1859 erroris,
1273 1807 1373 1849 satis
1390 1840 1400 1860 ‚
1431 1816 1480 1850 ut
1518 1823 1586 1851 ar·-

200 1877 361 1932 bitror,
386 1876 575 1921 secunda
598 1886 743 1920 nostra
765 1875 1121 1920 sermocinatione
1143 1874 1373 1918 dissertum
1397 1886 1474 1920 est.
1501 1877 1585 1920 Alii

199 1962 300 1991 vero
332 1962 582 2007 quanquam
615 1962 772 2005 negare
802 1961 891 1990 non
920 1945 1109 1989 audeant
1131 1945 1360 2003 praesidere
1381 1947 1584 1991 humanas

200 2019 300 2061 vitae
318 2017 636 2077 providentiam
652 2018 729 2061 Dei
749 2052 760 2071 ‚
785 2016 955 2060 malunt
978 2025 1123 2059 tamen
1141 2030 1235 2059 eam
1256 2015 1323 2059 vel
1347 2017 1580 2071 infirmam,

200 2088 268 2132 vel
289 2089 489 2148 injustam
509 2124 519 2143 ‚
556 2088 626 2132 vel
660 2087 818 2131 malam
853 2086 1019 2131 nefario
1052 2102 1195 2131 errore
1228 2086 1428 2143 credere,
1452 2103 1585 2147 quam

201 2175 275 2203 sua
297 2169 473 2218 peccata
500 2159 660 2218 pietate
692 2157 875 2217 supplici
910 2158 1120 2201 confiteri.
1159 2158 1240 2210 Qui
1262 2173 1409 2201 omnes
1435 2158 1469 2201 si
1491 2173 1586 2216 per-

203 2229 373 2274 suaderi
402 2230 482 2273 sibi
511 2237 763 2288 paterentur
779 2263 790 2283 ,
823 2236 873 2271 ut
901 2243 1000 2271 cum
1024 2229 1078 2271 de
1101 2229 1265 2287 optimo
1289 2237 1330 2271 et
1350 2228 1583 2287 justissimo

203 2308 245 2343 et
276 2300 572 2359 potentissimo
594 2299 786 2358 cogitant
805 2333 816 2352 ‚
851 2297 1090 2342 bonitatem
1124 2306 1167 2341 et
1188 2298 1400 2356 justitiam
1433 2307 1476 2341 et
1503 2313 1582 2358 po-

205 2373 382 2415 tentiam
415 2372 492 2415 Dei
524 2371 651 2428 longe
684 2371 889 2430 majorem
921 2369 1275 2427 superioremque
1314 2384 1403 2412 esse
1434 2369 1582 2412 crede-

205 2451 327 2495 rent,
355 2457 484 2501 quam
520 2440 735 2501 quidquid
768 2439 1026 2497 cogitatione
1058 2439 1309 2497 concipiunt
1336 2460 1347 2496 3
1384 2439 1578 2483 conside-

204 2520 429 2570 rantesque
448 2513 695 2570 semetipsos
712 2546 721 2565 ,
749 2511 900 2569 gratias
927 2514 1011 2555 Deo
1025 2525 1067 2554 se
1081 2510 1239 2554 debere
1260 2508 1574 2566 intelligerent,
