1729 3143
519 231 575 258 nn
607 226 776 267 QnAnTA
810 227 952 258 mnu.
1345 220 1430 260 139

51 307 163 343 terra
179 330 191 352 ‚
214 296 411 340 homines
435 295 638 340 videlicet
659 294 736 354 qui
756 295 940 338 verbum
962 294 1040 338 Dei
1061 294 1192 354 spinis
1212 294 1431 354 cupidita-

50 378 144 413 tum
174 366 416 426 praefocant
448 375 618 409 tantum
651 379 797 408 semen
815 398 826 419 ,
862 374 905 408 et
931 381 1022 409 non
1048 364 1239 410 reddunt
1267 365 1435 411 fructus

45 438 226 498 justitiae
247 457 258 494 3
292 435 486 480 similiter
511 435 566 478 de
595 434 679 478 alia
702 443 813 477 terra
834 444 1006 493 petrosa
1029 445 1160 495 atque
1180 435 1435 482 conculcata

48 509 144 563 via,
175 522 265 552 suae
295 503 586 550 similitudinis
618 505 852 564 propositae
882 505 1084 549 redderet
1108 508 1318 551 rationem
1336 542 1348 563 ,
1379 509 1435 553 ad

47 589 207 625 terram
241 579 405 621 honam
434 576 660 635 pervenit,
695 584 739 619 et
773 576 832 619 ait
862 594 872 620 :
909 593 928 617 «
953 577 1081 628 Quod
1111 587 1252 621 autern
1279 578 1437 624 cecidit

49 667 71 691 »
91 649 137 692 in
169 657 326 691 terram
350 647 536 699 bonam,
567 645 613 688 hi
639 654 741 689 sunt
769 645 845 704 qui
868 660 968 689 cum
990 647 1236 705 acceperint
1253 649 1438 692 verbum

48 736 70 761 »
95 717 200 772 Dei,
224 715 478 762 custodiunt
495 715 606 760 illud
623 725 668 759 et
687 715 854 760 faciunt
870 717 900 759 ¹.
928 734 948 757 »
976 716 1089 769 Quia
1111 735 1120 760 :
1149 734 1169 757 «
1198 719 1291 762 Non
1309 718 1437 762 audi-

47 807 69 832 »
95 797 209 834 tores
227 787 333 846 legis
347 788 454 848 justi
471 796 574 832 sunt
596 787 714 846 apud
734 790 873 831 Deum
891 822 902 842 ,
929 787 1005 831 sed
1029 787 1213 832 factores
1229 788 1336 847 legis
1344 791 1438 849 jus-

47 877 68 901 »
93 858 382 902 tificabuntur
397 861 429 902 ².
454 860 507 915 »)
527 860 622 902 Non
642 872 745 916 ergo
763 873 841 901 nos
859 892 870 912 ,
896 855 1191 912 dilectissimi,
1215 868 1291 901 aut
1309 859 1438 903 timor

43 928 265 988 spinarum
282 962 294 982 ,
320 936 395 971 aut
424 942 520 971 saxa
553 937 776 986 petrarum
792 961 803 982 ,
830 937 906 971 aut
936 927 1161 972 durissima
1184 929 1251 971 via
1274 938 1440 987 perter-

43 1008 135 1042 reat
155 1017 165 1042 :
191 998 297 1041 dum
320 1006 467 1041 tamen
488 999 749 1042 seminantes
772 999 957 1043 verbum
980 999 1086 1053 Dei,
1109 998 1164 1043 ad
1186 1008 1346 1043 terram
1364 1000 1440 1045 bo·

42 1083 143 1110 nam
165 1066 343 1108 tandem
375 1067 612 1121 aliquando
636 1068 861 1120 pervenire
890 1068 1116 1119 possimus.
1155 1070 1317 1124 Accipe
1338 1084 1439 1113 ver-

42 1136 151 1179 bum
186 1133 264 1176 Dei
302 1132 442 1176 omnis
473 1146 600 1188 ager,
630 1131 771 1174 omnis
803 1131 936 1175 homo
957 1165 969 1186 ,
1006 1132 1096 1175 sive
1130 1134 1314 1188 sterilis,
1349 1139 1438 1184 sive

42 1202 278 1250 foecundus
307 1220 316 1246 :
345 1217 426 1259 ego
447 1216 645 1260 spargam
660 1236 671 1256 ,
696 1210 746 1244 tu
766 1201 865 1244 vide
881 1202 1105 1261 quomodo
1123 1204 1334 1263 accipias,
1356 1223 1437 1267 ego

43 1287 217 1332 erogem
235 1307 247 1327 ,
272 1281 322 1316 tu
352 1272 452 1316 vide
483 1271 633 1331 quales
661 1270 830 1315 fructus
852 1271 1024 1316 reddas.
1055 1273 1213 1318 Melius
1236 1285 1299 1319 est
1321 1279 1438 1322 enim

42 1353 93 1388 ut
116 1343 171 1386 de
193 1351 372 1401 accepto
390 1350 438 1385 tu
456 1357 535 1400 pro
553 1350 595 1383 te
614 1341 827 1385 rationem
845 1341 1000 1385 reddas
1015 1377 1026 1396 ‚
1052 1359 1183 1403 quam
1204 1345 1330 1390 nobis
1347 1363 1438 1393 non

44 1414 326 1473 erogantibus
350 1414 465 1473 juste
497 1412 667 1456 dicatur
695 1431 704 1457 :
736 1431 757 1454 «
786 1415 915 1456 Serve
939 1429 1131 1472 nequam
1152 1425 1195 1459 et
1216 1417 1362 1475 piger,
1387 1429 1438 1464 tu

46 1503 68 1526 »
95 1499 294 1542 erogares
309 1518 319 1537 ,
346 1499 427 1541 ego
447 1483 625 1526 veniens
642 1496 743 1526 cum
766 1482 907 1526 usuris
925 1483 1139 1542 exigerem
1158 1486 1189 1528 3.
1218 1503 1238 1526 »
1268 1487 1312 1531 Si
1333 1503 1436 1534 vero

43 1564 87 1599 te
110 1564 271 1598 terram
305 1553 607 1597 infoecundam
640 1561 715 1596 aut
750 1553 965 1611 spinosam
988 1554 1058 1597 vel
1082 1554 1240 1599 siccam
1273 1559 1432 1616 sentis,

43 1640 216 1670 recurre
239 1626 293 1668 ad
315 1627 564 1669 Creatorem
589 1633 731 1667 tuum.
759 1626 853 1667 Hoc
885 1624 1002 1668 enim
1033 1640 1150 1670 nunc
1179 1628 1349 1686 agitur,
1385 1640 1436 1675 ut

42 1696 261 1740 innoveris
278 1729 289 1750 ,
323 1704 373 1739 ut
399 1693 690 1750 foeeunderis‚
716 1703 766 1738 ut
787 1693 973 1752 irrigetis
999 1696 1054 1739 ab
1073 1696 1150 1741 illo
1167 1732 1178 1752 ,
1203 1700 1280 1758 qui
1306 1719 1326 1741 «
1350 1704 1435 1746 Po-

44 1785 66 1809 »
91 1767 176 1811 suit
202 1765 422 1810 desertum
445 1767 491 1809 in
510 1775 662 1825 stagna
689 1781 900 1826 aquarum
918 1801 929 1821 ,
955 1776 997 1811 et
1024 1776 1184 1811 terram
1208 1771 1300 1814 sine
1322 1787 1434 1832 aqua

44 1855 65 1878 »
91 1838 136 1880 in
156 1838 294 1881 exitus
316 1852 526 1897 aquarum
546 1871 557 1891 ,
583 1846 627 1881 et
646 1837 844 1881 habitare
865 1836 970 1881 fecit
990 1837 1078 1882 illic
1100 1839 1335 1885 esurientes
1354 1877 1366 1897 ,
1392 1852 1435 1888 et

45 1925 66 1949 »
92 1908 415 1952 constituerunt
443 1908 661 1952 civitatem
693 1909 1001 1964 habitationis,
1037 1919 1081 1954 et
1112 1911 1435 1959 seminaverunt

44 1996 64 2019 n
92 1993 216 2036 agros
233 2013 244 2032 ‚
267 1988 310 2022 et
329 1977 636 2038 plantaverunt
658 1979 804 2023 vineas
819 2016 830 2033 ,
851 1989 895 2024 et
916 1980 1114 2024 fecerunt
1132 1982 1326 2027 fructum
1346 1983 1434 2028 fru-

46 2063 67 2089 n
93 2048 231 2091 menti
247 2049 279 2091 ⁴.
305 2066 325 2088 x>
352 2052 415 2092 Ex
436 2064 523 2108 qua
541 2051 685 2094 terra?
708 2053 773 2094 Ex
789 2049 862 2094 issa
879 2050 1039 2106 sterili,
1063 2051 1233 2110 spinosa
1248 2088 1259 2106 ,
1285 2062 1328 2097 et
1343 2054 1430 2098 ina-

41 2133 193 2177 quosa.
233 2121 290 2161 Et
325 2126 375 2161 tu
407 2134 686 2178 unaquaeque
714 2120 858 2165 anima
890 2137 990 2181 quae
1018 2123 1184 2166 accedis
1206 2122 1259 2167 ad
1281 2124 1430 2168 Chris-

41 2196 165 2242 tum,
201 2197 315 2232 terra
351 2204 394 2232 es
423 2190 593 2246 spinosa
627 2200 671 2234 et
707 2191 842 2235 arida.
887 2192 1009 2236 Unde
1041 2194 1302 2253 probamus,
1327 2196 1431 2254 quia

40 2257 139 2301 talis
156 2260 232 2302 es?
254 2258 414 2303 Recole
431 2258 548 2302 illam
566 2261 822 2304 sententiam
835 2296 847 2315 ,
869 2277 998 2321 quam
1017 2264 1061 2307 in
1080 2266 1226 2324 primis
1242 2266 1430 2324 parenti-

38 2328 122 2372 bus
156 2330 384 2388 accepisti,
411 2339 455 2373 et
486 2330 679 2375 invenies
712 2332 818 2391 quid
852 2332 954 2376 inde
986 2335 1165 2378 traxisti.
1196 2354 1216 2377 «
1245 2337 1424 2401 Spinas‚

43 2416 64 2439 n
88 2399 262 2458 inquit,
288 2409 332 2444 et
348 2401 533 2445 tribulos
551 2403 689 2461 pariet
709 2403 790 2447 tibi
807 2405 837 2447 ⁵.
865 2421 885 2445 n
917 2407 986 2448 An
1005 2405 1312 2464 respondebis,
1338 2421 1427 2452 non

88 2496 99 2516 ¹
113 2495 232 2528 Matth.
248 2507 315 2538 xm,
337 2497 390 2529 23.
414 2515 456 2522 —
471 2504 485 2521 2
504 2501 596 2533 Rom.
615 2510 660 2540 11,
681 2499 732 2533 13.
748 2516 789 2523 —
809 2497 823 2524 ³
842 2498 962 2533 Matth.
987 2510 1065 2542 xxv,
1080 2499 1136 2535 26.
1153 2517 1195 2527 ο·-
1216 2500 1233 2533 4
1254 2502 1335 2536 Psal.
1356 2513 1425 2544 cvi,

44 2550 162 2585 35-38.
181 2568 223 2575 —
239 2550 254 2576 ⁵
272 2553 419 2595 Gen-111,
442 2553 493 2587 18.
552 2585 559 2589 ,
