1729 3143
231 194 312 233 538
661 202 696 232 s.
731 203 963 233 Auens-run
996 207 1178 237 21²1sco1²1

227 285 346 329 simae
359 282 758 344 probatissimaeque
778 299 868 329 non
891 293 1062 330 tantum
1078 287 1124 331 in
1146 288 1423 334 instituendis
1436 305 1610 352 compo·

229 354 472 412 nendisque
499 353 719 410 moribus,
741 354 817 399 sed
843 356 973 400 etiam
995 357 1258 404 instruendis
1280 360 1500 406 mentibus
1531 377 1610 422 pe·

229 424 323 468 ritae
345 438 395 467 ac
417 432 593 482 paratae.

288 494 446 538 LXXI.
472 496 619 554 Atque
640 495 753 539 inter
773 495 868 542 haec
889 511 1020 542 nemo
1040 507 1222 558 urgetur
1246 499 1292 543 in
1319 515 1466 560 aspera
1479 536 1495 557 ,
1518 518 1617 562 quae
1703 482 1726 550 ἐκ

233 563 346 608 ferre
369 580 459 609 non
480 574 623 624 potest
639 600 650 621 ‚
675 565 786 610 nulli
807 568 928 627 quod
944 577 1114 613 recusat
1135 569 1376 629 imponitur
1391 606 1402 627 ‚
1425 587 1507 616 nec
1521 572 1619 617 ideo
1682 561 1683 567 ἵ
1728 604 1729 617 ,

232 633 551 679 condemnatur
580 651 602 680 a
624 637 821 696 caeteri83
843 637 964 697 quod
993 638 1040 682 in
1066 639 1125 683 eis
1147 654 1191 683 se
1212 639 1433 686 imitandis
1459 641 1620 687 fatetur
1684 662 1685 670 ¹

232 703 473 750 invalidum
495 725 504 751 ε
524 708 820 753 meminerunt
841 709 958 753 enim
978 720 1249 771 quantopere
1274 713 1505 772 Scripturis
1527 729 1622 758 om-
1684 698 1686 710 ,

233 776 364 821 nibus
397 778 700 824 commendata
728 779 784 824 sit
816 779 1001 825 charitas
1029 800 1038 827 :
1062 783 1356 827 meminerunt
1383 803 1392 828 ε
1423 802 1443 826 «
1467 784 1623 829 Omnia

236 867 257 891 »
293 848 460 894 munda
481 850 682 894 mundis1
704 869 714 894 ι
734 867 755 890 »
781 859 840 904 et,
862 851 999 894 «Non
1015 851 1138 909 quod
1152 854 1286 898 intrat
1301 853 1347 897 in
1364 868 1411 898 os
1431 863 1624 899 vestrum
1686 890 1689 912 2

236 936 257 960 »
293 934 368 964 vos
382 919 638 978 coinquinat
655 952 666 973 ‚
691 917 766 962 sed
787 917 908 979 quod
931 918 1016 963 exit
1030 920 1062 963 ².
1090 937 1112 961 »
1141 922 1297 980 Itaque
1318 938 1409 968 non
1427 924 1629 982 rejicien-

234 988 300 1034 dis
323 989 555 1049 generibus
572 988 772 1034 ciborum
795 989 919 1049 quasi
937 988 1144 1049 pollutis,
1171 989 1247 1034 sed
1264 992 1627 1051 concupiscentiae

235 1059 575 1119 perdomandae,
606 1068 650 1104 et
684 1058 910 1104 dilectioni
940 1059 1126 1104 fratrum
1158 1060 1400 1105 retinendae
1431 1061 1628 1122 invigilat

237 1130 377 1174 omnis
404 1129 631 1174 industria.
668 1129 965 1175 Meminerunt
991 1149 1001 1175 :
1039 1149 1060 1173 «
1087 1132 1196 1176 Esca
1216 1132 1384 1187 ventri,
1413 1141 1456 1176 et
1475 1141 1628 1178 venter

239 1218 261 1243 »
296 1202 402 1246 escis
422 1237 433 1257 ‚
458 1204 572 1246 Deus
590 1211 735 1246 autem
752 1211 795 1247 et
811 1202 930 1246 hunc
945 1210 988 1246 et
1007 1201 1100 1246 illas
1119 1202 1312 1247 destruet
1324 1204 1356 1246 3.
1379 1220 1401 1245 »
1422 1205 1480 1247 Et
1497 1202 1622 1248 alibi:

242 1290 259 1311 «
296 1274 447 1331 Neque
484 1273 518 1316 si
553 1272 961 1318 manducaverimus
981 1307 993 1328 ,
1028 1271 1351 1317 abundabimus
1378 1291 1388 1316 :
1420 1286 1565 1331 neque
1593 1273 1627 1318 si

241 1360 262 1384 »
297 1359 388 1388 non
408 1344 816 1390 manducaverimus
838 1379 850 1400 ‚
882 1343 1107 1403 egebimus
1123 1344 1156 1386 4.
1184 1360 1206 1384 »
1230 1344 1288 1386 Et
1308 1340 1418 1386 illud
1434 1357 1525 1401 prae
1541 1357 1627 1387 cae-

240 1415 339 1459 teris
365 1434 375 1461 :
404 1434 425 1458 (ι
449 1419 621 1460 Bonum
645 1425 735 1472 est,
756 1415 934 1468 iratreS‚
961 1430 1050 1457 non
1071 1412 1337 1457 manducare
1357 1427 1533 1468 carnes,
1552 1428 1629 1458 ne-

242 1501 263 1525 »
298 1498 385 1543 que
414 1485 564 1528 bibere
595 1486 746 1528 vinum
762 1518 773 1540 ‚
799 1498 945 1544 neque
966 1484 1012 1527 in
1036 1499 1127 1544 quo
1154 1482 1286 1528 frater
1308 1492 1408 1528 tuus
1442 1483 1629 1529 ostendi-

242 1572 262 1596 »
297 1563 369 1598 tur
385 1556 416 1598 ⁵.
444 1572 464 1596 »
492 1555 573 1599 Hic
591 1554 707 1599 enim
727 1554 918 1600 ostendit
937 1570 1071 1615 quam
1087 1555 1172 1599 sint
1189 1555 1243 1600 ad
1259 1555 1393 1599 finem
1410 1554 1630 1599 charitatis

240 1626 335 1670 haec
369 1625 516 1670 omnia
551 1625 792 1684 dirigenda.
833 1644 852 1669 α
884 1624 1006 1671 Alius
1043 1626 1159 1670 enim
1196 1624 1334 1670 credit
1367 1624 1630 1670 manducare

242 1715 262 1738 »
299 1697 446 1742 omnia
468 1719 479 1756 3
503 1698 580 1758 qui
603 1706 749 1742 autem
771 1697 969 1742 infirmus
992 1705 1056 1741 est
1070 1731 1082 1753 ,
1107 1696 1203 1742 olus
1220 1731 1232 1752 ,
1254 1696 1423 1757 inquit,
1448 1695 1628 1740 mandu-

243 1786 263 1809 »
298 1776 382 1811 cet.
408 1768 494 1820 Qui
523 1767 784 1822 manducat,
815 1782 905 1811 non
933 1766 1274 1813 manducantem
1305 1782 1396 1811 non
1422 1775 1626 1826 spernat:

243 1855 264 1879 »
299 1846 342 1882 et
363 1837 440 1897 qui
457 1852 546 1881 non
560 1836 796 1882 manducat
815 1871 826 1893 ‚
851 1836 1189 1882 manducantem
1204 1852 1292 1880 non
1299 1836 1468 1895 judicet
1487 1854 1496 1881 :
1514 1839 1629 1880 Deus

243 1926 264 1950 »
299 1908 416 1952 enim
449 1907 575 1951 illum
607 1907 800 1951 assumit.
835 1908 901 1950 Tu
921 1906 1018 1966 quis
1044 1920 1088 1950 es
1104 1939 1116 1960 ‚
1141 1905 1218 1965 qui
1239 1905 1407 1964 judices
1437 1903 1628 1950 alienum

244 1997 266 2021 »
299 1980 510 2023 servum?
544 1980 630 2023 Suo
661 1977 848 2022 Domino
874 1985 984 2032 stat,
1016 1985 1091 2021 aut
1119 1975 1236 2020 cadit
1265 1995 1274 2021 ε
1300 1975 1433 2020 stabit
1453 1985 1626 2033 autem,

244 2067 265 2092 »
299 2058 454 2109 potens
481 2057 545 2094 est
575 2049 693 2093 enim
721 2051 836 2093 Deus
868 2056 1057 2093 statuere
1078 2061 1191 2091 eum.
1217 2066 1236 2088 »
1267 2048 1323 2091 Et
1345 2046 1477 2105 paulo
1497 2055 1626 2106 post:

245 2141 266 2164 «
301 2121 386 2175 Qui
401 2119 661 2175 manducat,
681 2120 868 2164 Domino
886 2117 1149 2173 manducat,
1170 2126 1213 2162 et
1235 2117 1390 2177 gratias
1407 2117 1497 2177 agit
1514 2119 1625 2162 Deo:

245 2211 265 2235 »
301 2202 345 2237 et
365 2193 442 2253 qui
464 2207 554 2237 non
574 2189 810 2235 manducat
828 2225 840 2245 ‚
864 2188 1051 2235 Domino
1073 2203 1162 2233 non
1180 2187 1443 2244 manducat,
1468 2196 1512 2232 et
1533 2202 1629 2246 gra-

245 2281 267 2305 »
301 2263 380 2308 tias
401 2263 490 2323 agit
510 2265 616 2306 Deo.
640 2279 660 2303 n
691 2263 749 2306 Et
782 2260 886 2305 item
919 2260 964 2304 in
991 2258 1361 2319 consequentibus
1385 2277 1394 2303 :
1428 2277 1448 2300 «
1474 2260 1628 2318 Itaque

247 2351 268 2374 »
301 2334 603 2394 unusquisque
619 2341 816 2377 nostrum
835 2345 914 2391 pro
930 2345 975 2375 se
991 2330 1203 2374 rationem
1220 2328 1390 2374 reddet.
1410 2330 1508 2374 Non
1525 2343 1628 2388 ergo

248 2424 266 2446 »
301 2404 486 2465 amplius
517 2404 763 2465 judicemus
797 2402 1013 2459 invicem,
1045 2400 1122 2447 sed
1147 2402 1231 2447 hoc
1247 2401 1439 2462 judicate
1461 2399 1623 2458 magis,

292 2511 301 2528 ¹
328 2506 392 2539 Tit.
410 2517 434 2547 1,
465 2506 517 2539 15.
535 2513 602 2530 —²
621 2505 735 2539 Matth.
754 2515 812 2547 xv,
835 2516 943 2539 11.—
959 2503 974 2530 3
1002 2515 1015 2538 1
1038 2506 1112 2538 Cor.
1130 2515 1176 2546 vi,
1200 2504 1251 2537 13.
1269 2519 1310 2527 —
1330 2503 1346 2531 4
1374 2503 1510 2543 ld.v1u,
1531 2501 1562 2534 8.
1582 2518 1623 2527 -—

261 2561 381 2595 ⁵Rom.
401 2573 471 2605 xiv,
488 2570 542 2596 21.
