1729 3143
256 181 341 220 366
691 190 724 215 s.
758 189 988 216 Ant-,usum
1021 189 1202 217 Emscom

256 259 328 302 tiae
349 269 658 317 permansurae,
678 252 782 297 fecit
795 255 925 298 etiam
943 253 1044 298 alias
1057 254 1236 310 animas,
1260 269 1367 315 quas
1386 256 1455 299 vel
1476 271 1632 316 pecca-

255 337 387 381 turas,
411 324 481 370 vel
501 325 546 367 in
576 324 761 382 peccatis
782 324 911 368 etiam
931 334 1276 383 perseveraturas
1303 340 1392 369 esse
1422 326 1634 384 praevide-

254 398 328 441 bat
353 416 362 441 z
388 410 488 440 cum
512 404 555 438 et
576 394 681 439 tales
698 395 841 440 adhuc
866 395 1062 440 meliores
1079 396 1167 440 sint
1193 397 1273 451 eis,
1304 412 1404 457 quae
1425 397 1632 457 quoniam

253 466 424 511 nullum
445 466 609 510 habent
627 466 835 510 rationale
853 482 901 510 ac
918 465 1107 510 liberum
1125 467 1361 511 voluntatis
1385 467 1630 523 arbitrium,

256 553 432 596 peccare
449 553 538 582 non
560 540 773 597 possunt?
795 541 903 591 Quae
924 548 1068 582 tamen
1091 537 1235 582 adhuc
1262 540 1389 582 etiam
1413 539 1518 598 ipsae
1539 554 1635 583 me-

253 607 380 652 liores
393 617 510 663 sunt,
528 623 660 668 quam
675 624 907 668 corporum
925 609 1224 668 quorumlibet
1235 609 1478 670 quamlibet
1490 609 1638 668 splen-

253 678 500 723 didissimus
522 679 683 737 fulgor,
708 695 840 739 quem
859 695 936 738 pro
957 680 1088 738 ipsius
1109 681 1269 724 summi
1294 681 1368 724 Dei
1397 680 1638 724 substantia

253 748 457 808 quidam¹
491 749 688 809 quamvis
717 764 817 793 cum
840 764 999 807 magno
1021 765 1166 794 errore
1198 759 1477 794 venerantur.
1509 748 1639 803 Quod

252 820 351 863 siin
374 819 526 864 ordine
557 836 863 879 corporearum
895 829 1192 865 creaturarum
1220 822 1275 865 ab
1311 821 1411 881 ipsis
1446 821 1638 867 siderum

251 891 392 935 choris
409 907 548 951 usque
569 892 624 935 ad
641 907 872 935 numerum
895 891 1149 950 capillorum
1169 901 1434 947 nostrorum,
1453 893 1513 935 ita
1537 907 1639 950 gra-

251 961 386 1005 datim
405 962 621 1005 bonarum
640 975 784 1003 rerum
803 961 1087 1019 pulchritudo
1110 962 1372 1015 contexitur,
1396 970 1446 1004 ut
1461 962 1639 1020 imperi-

252 1032 413 1076 tissime
435 1031 606 1074 dicatur
627 1048 635 1073 :
661 1029 777 1082 Quid
799 1039 863 1073 est
884 1031 998 1074 hoc?
1019 1033 1074 1074 Ut
1098 1031 1205 1091 quid
1222 1032 1339 1076 hoc?
1359 1031 1504 1074 omnia
1523 1031 1641 1074 enim

252 1102 405 1146 ordine
427 1117 505 1145 suo
527 1109 669 1145 creata
689 1109 790 1144 sunt
811 1116 821 1142 τ
846 1111 1012 1161 quanto
1030 1102 1269 1160 imperitius
1288 1101 1343 1146 de
1361 1117 1641 1162 quacumque

252 1173 395 1217 anima
415 1172 590 1225 dicitur,
620 1186 720 1230 quae
747 1171 803 1214 ad
826 1171 1142 1230 quantamlibet
1165 1171 1230 1214 sui
1250 1172 1417 1215 decoris
1447 1171 1641 1215 diminu-

252 1242 413 1287 tionem
440 1240 750 1300 defectumque
770 1242 1042 1299 pervenerit,
1069 1241 1262 1284 omnium
1287 1256 1518 1301 corporum
1540 1241 1639 1301 dig-

251 1313 431 1357 nitatem
452 1313 544 1356 sine
561 1311 649 1355 ulla
672 1311 947 1354 dubitatione
969 1326 1139 1370 semper
1156 1311 1411 1369 superabit?

309 1385 454 1427 XVII.
489 1381 626 1426 Aliter
660 1381 776 1424 enim
810 1381 995 1424 aestimat
1022 1381 1131 1425 ratio
1149 1416 1160 1434 ‚
1193 1381 1319 1425 aliter
1351 1396 1468 1425 usus.
1510 1381 1639 1426 Ratio

249 1454 432 1496 aestimat
452 1452 551 1495 luce
569 1451 774 1505 veritatis,
800 1460 850 1494 ut
871 1460 989 1494 recto
1003 1450 1169 1510 judicio
1186 1451 1347 1495 subdat
1363 1451 1532 1496 minora
1545 1467 1639 1496 ma-

242 1524 426 1582 joribus.
453 1525 562 1567 Usus
584 1531 731 1565 autem
757 1521 1074 1565 consuetudine
1096 1521 1419 1566 commoditatis
1444 1521 1639 1581 plerum-

249 1609 334 1654 que
354 1592 605 1647 inclinatur‚
635 1602 685 1636 ut
707 1608 755 1636 ea
779 1592 914 1651 pluris
941 1593 1127 1637 aestimet
1155 1609 1254 1652 quae
1285 1593 1441 1637 veritas
1470 1593 1639 1637 minora

248 1679 338 1708 esse
355 1663 588 1708 convincit.
609 1664 723 1707 Cum
739 1663 854 1706 enim
872 1678 1053 1722 corpora
1067 1662 1259 1708 coelestia
1281 1663 1536 1722 corporibus
1551 1671 1639 1707 ter-

248 1734 457 1778 restribus
494 1748 650 1790 magna
677 1733 923 1776 differentia
947 1734 1055 1777 ratio
1077 1742 1332 1792 praeponat,
1371 1733 1468 1793 quis
1490 1742 1638 1776 tamen

248 1804 485 1849 carnalium
505 1804 732 1848 hominum
750 1819 839 1847 non
861 1804 1030 1858 mallet,
1057 1803 1125 1848 vel
1147 1804 1276 1862 plura
1298 1804 1443 1848 deesse
1457 1804 1503 1847 in
1523 1802 1637 1848 coelo

248 1876 403 1930 sidera,
429 1889 561 1935 quam
582 1889 714 1917 unam
738 1873 1015 1917 arbusculam
1037 1875 1083 1918 in
1105 1889 1209 1933 agro
1234 1889 1313 1918 suo
1328 1909 1339 1929 ‚
1364 1883 1439 1917 aut
1460 1888 1637 1918 vaccam

247 1945 293 1989 in
313 1946 541 1989 armento?
565 1943 650 1989 Sed
666 1943 776 1988 sicut
793 1953 921 1988 aetate
943 1945 1125 2003 majores
1147 1944 1347 1988 homines
1365 1942 1436 1988 vel
1457 1943 1635 1987 omnino

248 2025 559 2069 contemnunt,
585 2014 649 2059 vel
670 2023 786 2058 certe
805 2015 1017 2073 patienter
1033 2014 1291 2073 corrigenda
1315 2022 1545 2073 expectant
1562 2014 1636 2073 ju-

248 2087 361 2132 dicia
375 2086 674 2147 parvulorum,
696 2085 773 2145 qui
785 2086 974 2145 exceptis
987 2083 1265 2145 quibusdam,
1287 2100 1476 2145 quorum
1489 2099 1635 2128 amore

248 2158 468 2213 laetantur,
490 2156 730 2218 quemlibet
752 2156 981 2200 hominum
1002 2165 1262 2199 caeterorum
1293 2156 1402 2199 mori
1432 2154 1604 2199 malunt
1619 2189 1631 2210 ,

249 2246 379 2289 quam
397 2243 612 2289 passerem
634 2243 761 2272 suum
777 2248 789 2285 3
809 2237 852 2271 et
870 2226 1009 2271 multo
1026 2227 1160 2285 magis
1176 2226 1211 2270 si
1229 2226 1362 2270 homo
1379 2226 1433 2269 sit
1452 2225 1524 2269 ille
1542 2235 1632 2269 ter-

249 2301 406 2356 ribilis,
432 2315 577 2361 passer
606 2308 751 2343 autem
779 2313 962 2343 canorus
985 2307 1028 2341 et
1050 2296 1232 2356 pulcher
1255 2315 1263 2340 :
1284 2297 1343 2339 ita
1375 2295 1405 2338 ii
1432 2295 1507 2355 qui
1537 2310 1635 2354 pro-

250 2381 377 2416 vectu
401 2372 531 2415 animi
553 2370 609 2415 ad
630 2371 881 2430 sapientiam
904 2368 1209 2428 profecerunt,
1242 2366 1463 2425 imperitos
1488 2380 1633 2409 rerum

253 2443 529 2487 aestimatores
545 2457 646 2486 cum
663 2441 906 2486 invenerint
933 2443 1072 2484 Deum
1093 2438 1321 2483 laudantes
1351 2437 1396 2481 in
1427 2435 1632 2481 creaturis

298 2526 311 2545 ¹
333 2526 509 2558 Manichaei.
