1729 3143
252 143 331 182 178
684 152 718 180 s.
755 152 985 180 AUGUSTINI
1016 153 1197 181 muscopi

246 235 362 264 mam
382 235 520 264 suam.
549 218 634 263 Sed
652 226 892 261 revertatur
913 217 969 262 ad
990 233 1055 274 se,
1080 218 1226 263 videat
1246 233 1291 262 se
1307 219 1419 264 latro
1442 221 1488 264 in
1505 236 1635 265 cruce

242 290 524 348 pendentem,
545 296 777 331 concurrat
796 286 850 331 ad
866 297 1051 347 patrem,
1076 288 1192 333 dicat
1210 288 1403 348 pendens
1416 292 1463 335 in
1479 306 1630 336 cruce:

242 378 260 399 «
287 360 483 412 Domine,
503 366 723 402 memento
744 359 830 402 mei
843 359 951 403 dum
965 359 1131 403 veneris
1151 359 1197 404 in
1214 374 1398 418 regnum
1416 364 1585 406 tuum¹.
1611 381 1629 402 »

240 430 438 482 Domine,
453 437 677 472 memento
699 429 802 484 mei,
821 444 912 474 non
931 445 1028 473 sum
1046 429 1207 488 dignus
1226 431 1371 474 vocari
1385 430 1501 475 filius
1514 439 1633 486 tuus,

235 500 401 556 suscipe
429 512 500 542 me
532 507 746 559 tanquam
770 514 911 543 unum
935 515 986 544 ex
1007 500 1155 544 servis.
1187 501 1388 556 Domine,
1414 509 1636 545 memento

232 568 333 611 mei.
350 570 481 613 Latro
493 569 611 613 enim
625 584 702 614 sua
718 569 950 614 attendens
962 570 1117 614 merita
1135 568 1190 614 de
1203 586 1247 614 se
1264 570 1359 629 ipso
1376 569 1605 614 diffidebat
1623 589 1632 614 :

230 637 306 683 sed
328 641 540 684 Dominus
568 649 782 701 tanquam
805 640 903 699 pius
925 649 1051 699 pater
1071 640 1232 684 latroni
1255 640 1379 700 quasi
1401 640 1493 684 filio
1514 639 1638 699 quod

231 707 538 769 desperaverat
565 711 798 755 offerebat.
824 708 1023 754 Proferat
1050 710 1154 754 huic
1185 719 1309 769 pater
1339 709 1495 754 stolam
1516 708 1638 753 illam

231 781 418 839 primam
438 818 449 838 ,
475 783 634 827 induat
654 782 795 826 filium
816 781 1144 826 immortalitate
1161 815 1172 836 ,
1197 795 1331 840 quem
1354 795 1502 823 secum
1515 778 1638 824 videt

228 851 274 895 in
295 868 427 898 cruce
446 854 714 913 pendentem
732 889 743 907 ,
779 853 1032 897 introducat
1053 867 1154 896 eum
1190 851 1237 895 in
1269 851 1453 895 domum
1483 869 1493 893 ε
1520 849 1638 892 dicat

227 923 427 969 Christus
449 926 608 970 latroni
636 944 645 969 z
675 943 693 965 «
716 928 858 968 Amen
879 924 978 968 dico
1001 923 1108 976 tibi,
1136 921 1270 966 hodie
1291 935 1467 964 mecum
1490 920 1571 963 eris
1591 919 1637 962 in

229 1011 248 1033 ))
274 994 518 1051 paradiso?
543 1013 563 1032 n
590 998 754 1030 Maon-,st
771 992 963 1028 vitulum
985 992 1247 1042 saginatum,
1267 991 1491 1031 hominem
1508 989 1635 1033 illum

228 1068 497 1117 susceptum,
514 1057 643 1100 etiam
655 1070 737 1114 pro
751 1053 998 1098 latronibus
1015 1054 1274 1098 crucifixum
1291 1074 1300 1100 ι
1318 1056 1505 1101 advocet
1521 1058 1632 1101 ami-

231 1145 304 1175 cos
336 1144 436 1173 suos
458 1125 703 1185 Discipulos
739 1125 902 1185 quihus
940 1123 1113 1168 dicebat
1138 1144 1147 1169 ε
1189 1144 1206 1165 «
1229 1126 1271 1170 Si
1304 1125 1496 1171 feceritis
1534 1144 1634 1187 quae

229 1220 248 1242 »
274 1198 437 1243 mando
452 1198 592 1250 vobis,
613 1197 706 1256 jam
723 1211 799 1240 vos
822 1211 912 1239 non
933 1194 1077 1239 dicam
1098 1211 1260 1250 servos,
1286 1197 1361 1240 sed
1387 1198 1545 1242 amicos
1559 1199 1574 1225 ³
1589 1218 1628 1241 .»

227 1275 502 1329 Praeparetur
534 1267 649 1311 illud
683 1266 934 1311 convivium
966 1266 1166 1321 coeleste,
1211 1276 1320 1312 astet
1348 1267 1423 1312 ille
1466 1269 1630 1313 chorus

226 1341 499 1400 Angelorum
514 1374 525 1394 ,
550 1338 739 1382 suaviter
755 1337 1004 1382 declamans
1026 1356 1034 1381 :
1065 1356 1083 1377 «
1103 1337 1250 1382 Gloria
1267 1339 1313 1382 in
1331 1339 1504 1383 excelsis
1518 1343 1625 1395 Deo,

230 1432 246 1454 ,η
272 1420 316 1455 et
337 1411 384 1455 in
405 1419 520 1454 terra
540 1424 622 1468 pax
640 1407 892 1452 hominibus
915 1408 1046 1451 bonae
1062 1408 1343 1452 voluntatis&
1364 1428 1382 1448 »
1410 1410 1568 1454 Veniat
1583 1418 1628 1454 et

221 1481 538 1542 primogenitus
559 1480 675 1524 filius
694 1478 784 1534 ille,
806 1488 850 1522 et
872 1478 982 1522 nolit
999 1480 1176 1522 intrare.
1198 1479 1303 1532 Quis
1321 1488 1385 1523 est
1404 1480 1486 1523 iste
1510 1479 1626 1523 filius

222 1552 540 1613 primogenitus
563 1552 639 1611 qui
661 1549 805 1594 noluit
826 1550 1012 1604 intrare,
1045 1549 1129 1592 nisi
1149 1548 1222 1593 ille
1244 1550 1410 1608 primus
1434 1554 1628 1609 Aposto—

224 1623 369 1669 lorum
398 1626 551 1667 Petrus
565 1657 576 1677 ,
614 1622 691 1682 qui
724 1621 779 1665 ad
813 1621 1197 1678 interrogationem
1226 1621 1356 1665 unius
1391 1620 1559 1665 ancillae
1580 1621 1627 1664 in

224 1695 334 1739 atrio
357 1691 590 1738 sacerdotis
612 1701 682 1736 ter
709 1690 944 1735 Dominum
964 1705 1093 1733 ausus
1109 1699 1173 1734 est
1190 1693 1407 1748 negare5?
1428 1711 1445 1732 »
1472 1690 1626 1734 Dixisti

223 1765 403 1826 quidem
421 1800 431 1818 ,
457 1780 483 1809 o
502 1767 652 1817 Petre,
676 1771 888 1822 tanquam
905 1762 1019 1821 patri
1038 1770 1116 1804 tuo
1133 1761 1307 1806 Christo
1326 1780 1334 1805 :
1362 1764 1455 1819 Ego
1477 1770 1624 1805 tecum

220 1835 446 1880 laboravi⁶
468 1854 478 1879 :
503 1832 684 1894 quando
700 1833 877 1876 dicebas
914 1830 1125 1876 Salvatori
1147 1849 1156 1875 ε
1187 1850 1204 1871 «
1225 1834 1388 1874 Tecum
1421 1846 1518 1874 sum
1556 1845 1626 1874 us-

227 1927 246 1948 »
270 1922 356 1967 que
379 1906 435 1949 ad
456 1914 669 1958 mortem,
700 1904 891 1947 animam
915 1917 1058 1945 meam
1089 1916 1170 1960 pro
1190 1910 1233 1945 te
1260 1915 1424 1960 ponam
1437 1902 1468 1943 ⁷.
1492 1919 1510 1941 »
1539 1900 1624 1944 Ubi

225 1985 288 2021 est
318 1975 438 2037 quod
471 1974 738 2035 promisisti?
760 1973 1045 2031 Interrogaris
1074 1971 1235 2025 semel,
1272 1980 1316 2015 et
1347 1985 1479 2028 negas
1511 1989 1520 2014 :
1553 1985 1623 2014 se-

225 2046 370 2092 cundo
391 2045 669 2104 interrogaris
684 2079 696 2099 ,
720 2052 764 2087 et
781 2057 913 2101 negas
931 2061 939 2086 :
963 2041 1092 2085 tertio
1105 2075 1115 2095 ,
1142 2049 1186 2083 et
1207 2055 1355 2099 negas.
1374 2042 1472 2085 Non
1489 2039 1551 2083 vis
1567 2039 1623 2084 ad

226 2118 475 2163 convivium
501 2117 691 2170 intrare,
723 2114 824 2158 ideo
857 2127 985 2156 ausus
1017 2127 1061 2155 es
1088 2120 1154 2155 ter
1176 2111 1412 2156 Dominum
1441 2125 1618 2169 negare.

228 2190 310 2234 Ubi
332 2198 421 2234 est:
450 2207 469 2230 «
488 2187 692 2234 Animam
710 2200 851 2230 meam
870 2199 950 2244 pro
972 2192 1015 2228 te
1032 2184 1226 2242 ponam?
1248 2202 1264 2222 n
1289 2184 1370 2224 Ter
1386 2190 1621 2239 negantem

230 2275 319 2305 non
338 2259 495 2305 terruit
513 2257 680 2317 ungula
699 2291 709 2311 ,
735 2254 811 2300 sed
833 2270 921 2298 una
943 2254 1155 2313 oppressit
1175 2250 1447 2296 muliercula.
1466 2252 1616 2295 Certe:

234 2347 253 2369 a
279 2333 443 2375 Tecum
458 2345 556 2376 sum
571 2342 710 2389 usque
732 2326 789 2372 ad
805 2335 1007 2371 mortem.
1032 2345 1050 2366 »
1082 2322 1214 2379 Vide,
1240 2322 1340 2367 vide
1358 2322 1514 2381 igitur,
1532 2325 1616 2366 Pe-

271 2431 285 2452 ἵ
303 2432 379 2463 Luc.
400 2442 490 2471 xxm,
509 2430 564 2472 42.
580 2427 824 2469 —21bid.43.
844 2445 885 2450 -
904 2425 919 2450 3
937 2428 1029 2458 Joan.
1050 2436 1106 2465 xv,
1125 2423 1163 2464 14
1183 2427 1216 2455 et
1238 2422 1288 2456 15.
1304 2440 1346 2447 —
1364 2420 1380 2448 ⁶
1401 2424 1480 2457 Luc.
1500 2435 1540 2465 11,
1563 2421 1612 2465 ¹4-

226 2487 241 2509 5
261 2486 381 2520 Matth.
397 2497 484 2527 xxvi,
502 2487 610 2528 69.—-
625 2484 640 2509 ⁶
658 2485 740 2518 Ibid.
759 2484 813 2516 35.
832 2500 872 2508 —
894 2489 907 2515 7
927 2484 1017 2515 Joan.
1037 2491 1109 2521 xm,
1131 2480 1182 2521 37.
