1729 3143
267 196 352 235 256
705 205 737 233 S.
775 206 1005 234 Aneusnm
1038 208 1217 235 Emscom

261 273 323 317 ait
346 290 356 316 :
385 290 404 312 «
431 271 530 316 Filii
551 278 696 314 autem
720 270 843 328 regni
866 271 995 330 hujus
1016 270 1147 315 ibunt
1172 271 1217 314 in
1241 272 1441 316 tenebras
1458 273 1645 316 exterio-

263 360 286 384 »
312 357 378 387 res
400 361 409 386 ε
429 342 489 385 ibi
510 341 590 384 erit
613 340 740 384 fletus
758 349 800 384 et
819 340 977 385 stridor
999 342 1196 385 dentium
1214 343 1246 385 ¹.
1274 359 1295 382 »
1322 343 1480 386 Gentes
1501 352 1646 386 autem

260 419 562 471 permanentes
578 409 624 452 in
637 409 831 454 bonitate
844 410 1034 464 adillud,
1046 411 1166 469 quod
1181 411 1378 469 superius
1392 412 1472 455 ait:
1489 412 1647 456 «Multi
1713 415 1715 424 '

261 498 284 523 »
310 482 365 525 ab
400 480 577 524 Oriente
611 489 654 523 et
686 480 925 524 Occidente
955 482 1156 535 venient,
1188 491 1232 525 et
1262 482 1520 525 recumbent
1547 497 1646 525 cum
1712 495 1714 502 ·

260 569 282 592 »
308 550 529 595 Abraham
552 558 596 594 et
616 552 733 594 Isaac
756 559 800 594 et
826 552 962 595 Jacob
985 552 1031 594 in
1059 566 1194 609 regno
1216 551 1432 596 coelorum
1450 555 1482 594 2.
1512 570 1531 592 »
1560 555 1649 596 Ita-
1712 562 1713 565 ’

257 634 344 680 que
364 619 449 664 illis
478 620 735 665 patriarchis
757 620 802 664 in
825 620 969 664 radice
990 621 1237 664 viventibus
1254 655 1268 675 ,
1293 630 1336 664 et
1363 620 1549 664 infidelis
1577 637 1649 664 su»

256 689 408 748 perbia
432 690 698 735 naturalium
725 705 946 735 ramorum
963 691 1079 749 justa
1102 691 1180 734 Dei
1202 691 1431 735 severitate
1453 690 1649 734 confrin—

257 760 374 818 gitur
388 795 400 816 ,
431 770 474 805 et
496 761 635 805 fidelis
656 760 878 805 humilitas
899 760 1072 804 oleastri
1096 761 1231 819 gratia
1259 760 1419 804 divinae
1440 760 1647 805 bonitatis

255 840 509 945 mslellimged
546 899 723 958 quando
761 897 925 943 Judaeis
962 900 1042 942 ista
1084 897 1292 942 dicuntur
1314 934 1325 953 ,
1362 898 1646 955 Evangelium

254 970 604 1029 Apostolumque
638 977 929 1013 contemnunt
949 1003 958 1021 ,
993 977 1036 1010 et
1070 967 1192 1026 quod
1225 967 1408 1010 dicimus
1440 983 1531 1010 non
1569 984 1649 1011 au·
1706 1017 1707 1027 ἵ

255 1038 414 1097 diunt3
439 1040 645 1097 quoniam
669 1038 790 1098 quod
811 1037 965 1096 legunt
981 1072 992 1091 ,
1018 1052 1107 1081 non
1131 1035 1399 1094 intelligunt.
1426 1039 1536 1081 Nam
1559 1038 1649 1081 uti-

254 1124 342 1167 que
372 1109 407 1150 si
434 1107 730 1163 intelligerent
765 1107 820 1150 de
855 1122 944 1165 quo
975 1107 1221 1165 praedixerit
1250 1107 1491 1163 Propheta,
1521 1122 1649 1165 quem
1703 1110 1706 1163 ξ

253 1177 410 1234 legunt
438 1194 446 1219 :
476 1194 497 1216 «
524 1172 634 1218 Dedi
651 1182 694 1216 te
712 1173 758 1215 in
778 1172 923 1216 lucem
943 1176 1139 1231 gentium
1159 1210 1170 1230 ,
1195 1175 1253 1218 ita
1276 1184 1326 1218 ut
1348 1175 1401 1219 sis
1422 1174 1535 1218 salus
1554 1191 1649 1218 mea

256 1263 279 1287 υ
305 1259 445 1304 usque
468 1243 514 1286 in
539 1244 645 1285 fines
671 1244 825 1285 terraess
847 1263 858 1298 3
887 1261 906 1282 »
934 1259 1023 1287 non
1051 1246 1110 1288 sic
1132 1245 1236 1288 caeci
1268 1254 1410 1288 essent
1428 1279 1438 1298 ,
1472 1260 1561 1289 non
1591 1246 1650 1289 sic
1700 1298 1703 1313 Ι
1728 1276 1729 1285 ,

255 1314 432 1371 aegroti,
454 1322 504 1356 ut
525 1312 571 1355 in
589 1312 774 1355 Domino
791 1312 963 1355 Christo
981 1329 1061 1355 nec
1078 1315 1221 1355 lucem
1241 1323 1541 1371 agnoscerent,
1567 1330 1648 1357 nec
1700 1327 1703 1346 ³
1727 1335 1729 1342 ·

253 1384 453 1429 salutem.
494 1385 604 1425 Item
635 1383 669 1425 si
699 1382 1024 1438 intelligerent,
1061 1383 1181 1441 quod
1213 1383 1485 1427 infructuose
1517 1394 1648 1442 atque

253 1454 442 1499 inaniter
462 1460 666 1506 cantant,
692 1451 747 1494 de
769 1452 930 1509 quibus
952 1453 1005 1495 sit
1027 1453 1371 1510 praenuntiatum
1394 1472 1402 1496 :
1433 1472 1453 1494 «
1479 1456 1531 1496 In
1551 1469 1647 1496 om·-

256 1542 279 1565 »
306 1537 408 1567 nem
430 1531 589 1566 terram
612 1522 742 1565 exivit
762 1537 894 1565 sonus
917 1537 1068 1565 eorum
1085 1557 1096 1576 ,
1122 1532 1165 1565 et
1185 1523 1231 1565 in
1253 1523 1359 1566 fines
1382 1523 1498 1567 orbis
1520 1532 1647 1566 terrae

255 1611 278 1635 >›
304 1593 437 1637 verba
459 1607 612 1635 eorum
631 1594 647 1616 4
664 1626 674 1646 ,
704 1609 724 1631 »
751 1592 805 1635 ad
837 1607 992 1635 sonum
1021 1592 1332 1649 Apostolorum
1361 1593 1611 1649 evigilarent.
1632 1627 1642 1647 ,

253 1673 299 1707 et
320 1663 452 1707 verba
469 1677 622 1706 eorum
636 1661 783 1705 divina
797 1677 886 1705 esse
903 1663 1127 1705 sentirent.
1149 1666 1209 1706 De
1224 1663 1381 1707 sanctis
1399 1678 1480 1722 ego
1500 1664 1646 1722 Scrip-

255 1733 388 1786 turis,
415 1746 602 1790 quarum
623 1740 667 1773 et
695 1730 812 1788 apud
842 1732 954 1789 ipsos
984 1746 1138 1788 magna
1162 1732 1350 1776 habetur
1380 1735 1614 1777 auctoritas
1632 1768 1642 1787 ,

253 1802 466 1847 sumenda
488 1810 591 1845 sunt
610 1800 855 1844 testimonia
870 1834 880 1854 ,
907 1816 1095 1859 quorum
1113 1810 1155 1843 et
1177 1802 1211 1845 si
1229 1801 1370 1846 nolint
1393 1803 1540 1846 oblata
1555 1804 1645 1846 uti·
1711 1829 1718 1837 ·

252 1872 375 1916 litate
391 1872 558 1926 sanari,
583 1880 730 1929 aperta
748 1871 913 1929 possint
935 1871 1114 1913 veritate
1137 1871 1350 1914 convinci.

253 1977 256 1980 .
316 1944 398 1985 ΙΙΙ.
427 1941 510 1986 Sed
534 1941 673 2000 primo
692 1955 844 1983 eorum
865 1938 937 1983 ille
955 1938 1282 1998 redarguendus
1304 1949 1366 1983 est
1386 1956 1532 1996 error,
1557 1958 1646 2001 quo

254 2019 413 2071 putant
438 2010 495 2054 ad
521 2024 598 2054 nos
628 2010 727 2054 ideo
751 2024 840 2054 non
862 2009 1076 2068 pertinere
1100 2009 1386 2052 Instrumenti
1408 2011 1564 2054 veteris
1588 2011 1644 2054 li-

253 2083 354 2127 bros
372 2117 383 2138 ‚
408 2082 511 2142 quia
530 2083 621 2141 jam
641 2096 729 2125 non
759 2089 929 2135 vetera,
956 2079 1032 2124 sed
1059 2094 1171 2123 nova
1205 2089 1474 2124 sacramenta
1503 2096 1644 2126 serva·
1688 2076 1691 2130 s

253 2169 367 2198 mus.
393 2153 555 2197 Dicunt
574 2152 689 2196 enim
709 2152 833 2196 nobis
860 2171 869 2194 :
896 2150 1010 2203 Quid
1033 2150 1150 2209 apud
1180 2166 1255 2194 vos
1278 2150 1381 2195 facit
1407 2149 1537 2195 lectio
1559 2155 1643 2195 Le·
1711 2171 1713 2194 ς

255 2226 316 2282 gis
337 2233 381 2268 et
403 2225 719 2283 Prophetarum
737 2258 747 2277 ,
773 2223 895 2281 cujus
915 2231 1132 2280 praecepta
1152 2236 1319 2265 servare
1343 2236 1432 2264 non
1452 2220 1585 2265 vultis
1598 2224 1644 2265 ⁵?

253 2297 319 2337 Eo
334 2294 455 2354 quod
467 2309 637 2338 carnem
656 2292 857 2351 praeputii
869 2307 959 2336 non
974 2290 1321 2335 circumcidimus
1336 2290 1638 2346 masculinam,
1684 2303 1687 2308 ’

256 2372 299 2406 et
315 2364 529 2408 vescimur
551 2363 752 2407 carnibus
771 2377 878 2420 quas
901 2365 988 2405 Lex
1011 2360 1115 2404 dicit
1136 2361 1382 2404 immundas
1404 2396 1414 2415 ‚
1441 2376 1519 2404 nec
1543 2361 1639 2404 sab-

308 2471 315 2486 ¹
335 2467 446 2497 Mattli.
466 2477 534 2506 vm,
556 2478 605 2497 ιο.
627 2482 667 2487 --
683 2472 694 2487 ²
712 2463 793 2496 Ibid.
819 2476 868 2496 11.
888 2480 927 2488 -
951 2462 964 2486 3
992 2464 1061 2496 lsai.
1085 2474 1167 2503 xus,
1185 2464 1218 2495 (5.
1241 2480 1280 2486 --
1302 2463 1316 2492 4
1337 2464 1415 2495 1³:31⁴
1445 2474 1530 2503 xvffl,
1552 2463 1582 2493 5.
1601 2480 1640 2485 —-

258 2517 272 2543 5³
296 2520 391 2553 Beda.
412 2533 466 2554 seu
480 2522 599 2561 Florus,
618 2522 657 2552 ad
677 2520 794 2552 Coloss.
816 2530 849 2550 ιι,

1684 2275 1687 2302 ἒ

1682 2409 1685 2445 i
