<?xml version="1.0" encoding="UTF-8"?>
<!DOCTYPE html PUBLIC "-//W3C//DTD XHTML 1.0 Transitional//EN"
    "http://www.w3.org/TR/xhtml1/DTD/xhtml1-transitional.dtd">
<html xmlns="http://www.w3.org/1999/xhtml" xml:lang="en" lang="en">
 <head>
  <title>
</title>
<meta http-equiv="Content-Type" content="text/html;charset=utf-8" />
  <meta name='ocr-system' content='tesseract 3.04.00' />
  <meta name='ocr-capabilities' content='ocr_page ocr_carea ocr_par ocr_line ocrx_word'/>
</head>
<body>
  <div class='ocr_page' id='page_1' title='image "./operaomniaaccura27auguuoft/operaomniaaccura27auguuoft_0018.png"; bbox 0 0 1729 3143; ppageno 0'>
   <div class='ocr_carea' id='block_1_1' title="bbox 183 200 1574 948">
    <p class='ocr_par' dir='ltr' id='par_1_1' title="bbox 186 200 1564 392">
     <span class='ocr_line' id='line_1_1' title="bbox 620 200 1125 227; baseline -0.006 0"><span class='ocrx_word' id='word_1_1' title='bbox 620 203 649 227; x_wconf 40' lang='grc' dir='ltr'>ἓ.</span> <span class='ocrx_word' id='word_1_2' title='bbox 691 205 727 227; x_wconf 61' lang='lat' dir='ltr'>At</span> <span class='ocrx_word' id='word_1_3' title='bbox 745 201 914 226; x_wconf 56' lang='lat' dir='ltr'>‹MJSTIEI</span> <span class='ocrx_word' id='word_1_4' title='bbox 951 200 1125 225; x_wconf 65' lang='lat' dir='ltr'>Ei²l⁷.-&#39;(&#39;‹¹)PI</span> 
     </span>
     <span class='ocr_line' id='line_1_2' title="bbox 186 262 1564 325; baseline -0.001 -17"><span class='ocrx_word' id='word_1_5' title='bbox 186 268 519 325; x_wconf 74' lang='lat' dir='ltr'>incorruptionis</span> <span class='ocrx_word' id='word_1_6' title='bbox 538 264 825 309; x_wconf 80' lang='lat' dir='ltr'>inaestimabili</span> <span class='ocrx_word' id='word_1_7' title='bbox 842 264 963 308; x_wconf 82' lang='lat' dir='ltr'>lucro</span> <span class='ocrx_word' id='word_1_8' title='bbox 980 262 1251 323; x_wconf 86' lang='lat' dir='ltr'>quantalibet</span> <span class='ocrx_word' id='word_1_9' title='bbox 1272 264 1362 322; x_wconf 86' lang='lat' dir='ltr'>ejus</span> <span class='ocrx_word' id='word_1_10' title='bbox 1379 277 1564 321; x_wconf 68' lang='lat' dir='ltr'>praesen-</span> 
     </span>
     <span class='ocr_line' id='line_1_3' title="bbox 188 336 692 392; baseline -0.004 -13"><span class='ocrx_word' id='word_1_11' title='bbox 188 336 243 380; x_wconf 80' lang='lat' dir='ltr'>tia</span> <span class='ocrx_word' id='word_1_12' title='bbox 261 336 418 381; x_wconf 89' lang='lat' dir='ltr'>damna</span> <span class='ocrx_word' id='word_1_13' title='bbox 434 343 692 392; x_wconf 81' lang='lat' dir='ltr'>compenset.</span> 
     </span>
    </p>

    <p class='ocr_par' dir='ltr' id='par_1_2' title="bbox 183 403 1574 948">
     <span class='ocr_line' id='line_1_4' title="bbox 246 403 1566 463; baseline -0.002 -13"><span class='ocrx_word' id='word_1_14' title='bbox 246 409 368 451; x_wconf 88' lang='lat' dir='ltr'><strong>VIII.</strong></span> <span class='ocrx_word' id='word_1_15' title='bbox 404 405 607 459; x_wconf 90' lang='lat' dir='ltr'>Quamvis</span> <span class='ocrx_word' id='word_1_16' title='bbox 629 413 774 448; x_wconf 81' lang='lat' dir='ltr'>autem</span> <span class='ocrx_word' id='word_1_17' title='bbox 790 405 996 463; x_wconf 87' lang='lat' dir='ltr'>patientia</span> <span class='ocrx_word' id='word_1_18' title='bbox 1015 404 1150 448; x_wconf 91' lang='lat' dir='ltr'>virtus</span> <span class='ocrx_word' id='word_1_19' title='bbox 1167 403 1220 447; x_wconf 91' lang='lat' dir='ltr'>sit</span> <span class='ocrx_word' id='word_1_20' title='bbox 1241 403 1392 457; x_wconf 86' lang='lat' dir='ltr'>animi,</span> <span class='ocrx_word' id='word_1_21' title='bbox 1408 404 1566 461; x_wconf 89' lang='lat' dir='ltr'>partim</span> 
     </span>
     <span class='ocr_line' id='line_1_5' title="bbox 184 472 1567 532; baseline -0.004 -12"><span class='ocrx_word' id='word_1_22' title='bbox 184 485 330 520; x_wconf 87' lang='lat' dir='ltr'>tamen</span> <span class='ocrx_word' id='word_1_23' title='bbox 351 492 399 520; x_wconf 89' lang='lat' dir='ltr'>ea</span> <span class='ocrx_word' id='word_1_24' title='bbox 420 476 556 518; x_wconf 89' lang='lat' dir='ltr'>utitur</span> <span class='ocrx_word' id='word_1_25' title='bbox 574 475 741 518; x_wconf 91' lang='lat' dir='ltr'>animus</span> <span class='ocrx_word' id='word_1_26' title='bbox 761 474 806 517; x_wconf 89' lang='lat' dir='ltr'>in</span> <span class='ocrx_word' id='word_1_27' title='bbox 827 489 870 517; x_wconf 92' lang='lat' dir='ltr'>se</span> <span class='ocrx_word' id='word_1_28' title='bbox 890 474 1000 532; x_wconf 89' lang='lat' dir='ltr'>ipso,</span> <span class='ocrx_word' id='word_1_29' title='bbox 1021 474 1178 532; x_wconf 87' lang='lat' dir='ltr'>partim</span> <span class='ocrx_word' id='word_1_30' title='bbox 1192 487 1295 517; x_wconf 87' lang='lat' dir='ltr'>vero</span> <span class='ocrx_word' id='word_1_31' title='bbox 1319 472 1364 515; x_wconf 91' lang='lat' dir='ltr'>in</span> <span class='ocrx_word' id='word_1_32' title='bbox 1384 486 1567 529; x_wconf 89' lang='lat' dir='ltr'>corpore</span> 
     </span>
     <span class='ocr_line' id='line_1_6' title="bbox 185 541 1569 603; baseline -0.001 -15"><span class='ocrx_word' id='word_1_33' title='bbox 185 559 278 590; x_wconf 89' lang='lat' dir='ltr'>suo.</span> <span class='ocrx_word' id='word_1_34' title='bbox 306 549 356 589; x_wconf 92' lang='lat' dir='ltr'>In</span> <span class='ocrx_word' id='word_1_35' title='bbox 384 560 427 588; x_wconf 91' lang='lat' dir='ltr'>se</span> <span class='ocrx_word' id='word_1_36' title='bbox 447 545 540 603; x_wconf 88' lang='lat' dir='ltr'>ipso</span> <span class='ocrx_word' id='word_1_37' title='bbox 562 545 700 588; x_wconf 86' lang='lat' dir='ltr'>utitur</span> <span class='ocrx_word' id='word_1_38' title='bbox 726 544 949 603; x_wconf 86' lang='lat' dir='ltr'>patientia,</span> <span class='ocrx_word' id='word_1_39' title='bbox 976 543 1153 603; x_wconf 91' lang='lat' dir='ltr'>quando</span> <span class='ocrx_word' id='word_1_40' title='bbox 1174 542 1310 586; x_wconf 80' lang='lat' dir='ltr'>illaeso</span> <span class='ocrx_word' id='word_1_41' title='bbox 1333 550 1376 584; x_wconf 84' lang='lat' dir='ltr'>et</span> <span class='ocrx_word' id='word_1_42' title='bbox 1402 541 1569 586; x_wconf 85' lang='lat' dir='ltr'>intacto</span> 
     </span>
     <span class='ocr_line' id='line_1_7' title="bbox 184 609 1569 674; baseline -0.003 -16"><span class='ocrx_word' id='word_1_43' title='bbox 184 629 363 673; x_wconf 85' lang='lat' dir='ltr'>corpore</span> <span class='ocrx_word' id='word_1_44' title='bbox 385 613 549 674; x_wconf 87' lang='lat' dir='ltr'>aliquid</span> <span class='ocrx_word' id='word_1_45' title='bbox 570 614 690 673; x_wconf 81' lang='lat' dir='ltr'>quod</span> <span class='ocrx_word' id='word_1_46' title='bbox 711 629 800 658; x_wconf 86' lang='lat' dir='ltr'>non</span> <span class='ocrx_word' id='word_1_47' title='bbox 816 612 1016 672; x_wconf 84' lang='lat' dir='ltr'>expediat</span> <span class='ocrx_word' id='word_1_48' title='bbox 1037 613 1106 658; x_wconf 88' lang='lat' dir='ltr'>vel</span> <span class='ocrx_word' id='word_1_49' title='bbox 1131 628 1221 656; x_wconf 92' lang='lat' dir='ltr'>non</span> <span class='ocrx_word' id='word_1_50' title='bbox 1239 611 1407 666; x_wconf 83' lang='lat' dir='ltr'>deceat,</span> <span class='ocrx_word' id='word_1_51' title='bbox 1424 609 1569 655; x_wconf 85' lang='lat' dir='ltr'>facere</span> 
     </span>
     <span class='ocr_line' id='line_1_8' title="bbox 185 680 1570 742; baseline -0.002 -16"><span class='ocrx_word' id='word_1_52' title='bbox 185 693 259 728; x_wconf 85' lang='lat' dir='ltr'>aut</span> <span class='ocrx_word' id='word_1_53' title='bbox 288 683 429 727; x_wconf 84' lang='lat' dir='ltr'>dicere</span> <span class='ocrx_word' id='word_1_54' title='bbox 461 683 728 742; x_wconf 83' lang='lat' dir='ltr'>quibuslibet</span> <span class='ocrx_word' id='word_1_55' title='bbox 756 682 1087 727; x_wconf 81' lang='lat' dir='ltr'>adversitatibus</span> <span class='ocrx_word' id='word_1_56' title='bbox 1109 691 1185 726; x_wconf 92' lang='lat' dir='ltr'>aut</span> <span class='ocrx_word' id='word_1_57' title='bbox 1205 680 1477 725; x_wconf 83' lang='lat' dir='ltr'>foeditatibus</span> <span class='ocrx_word' id='word_1_58' title='bbox 1499 695 1570 724; x_wconf 89' lang='lat' dir='ltr'>re-</span> 
     </span>
     <span class='ocr_line' id='line_1_9' title="bbox 183 749 1572 809; baseline -0.002 -13"><span class='ocrx_word' id='word_1_59' title='bbox 183 768 282 796; x_wconf 84' lang='lat' dir='ltr'>rum</span> <span class='ocrx_word' id='word_1_60' title='bbox 315 768 390 796; x_wconf 87' lang='lat' dir='ltr'>seu</span> <span class='ocrx_word' id='word_1_61' title='bbox 416 752 650 796; x_wconf 85' lang='lat' dir='ltr'>verborum</span> <span class='ocrx_word' id='word_1_62' title='bbox 673 751 858 796; x_wconf 90' lang='lat' dir='ltr'>stimulis</span> <span class='ocrx_word' id='word_1_63' title='bbox 881 752 1104 806; x_wconf 86' lang='lat' dir='ltr'>incitatur,</span> <span class='ocrx_word' id='word_1_64' title='bbox 1136 760 1180 794; x_wconf 89' lang='lat' dir='ltr'>et</span> <span class='ocrx_word' id='word_1_65' title='bbox 1208 752 1424 809; x_wconf 85' lang='lat' dir='ltr'>patienter</span> <span class='ocrx_word' id='word_1_66' title='bbox 1457 749 1572 794; x_wconf 84' lang='lat' dir='ltr'>mala</span> 
     </span>
     <span class='ocr_line' id='line_1_10' title="bbox 186 818 1573 880; baseline -0.004 -14"><span class='ocrx_word' id='word_1_67' title='bbox 186 823 330 866; x_wconf 89' lang='lat' dir='ltr'>omnia</span> <span class='ocrx_word' id='word_1_68' title='bbox 353 821 523 875; x_wconf 80' lang='lat' dir='ltr'>tolerat,</span> <span class='ocrx_word' id='word_1_69' title='bbox 549 837 603 864; x_wconf 85' lang='lat' dir='ltr'>ne</span> <span class='ocrx_word' id='word_1_70' title='bbox 624 822 714 880; x_wconf 89' lang='lat' dir='ltr'>ipse</span> <span class='ocrx_word' id='word_1_71' title='bbox 736 821 838 864; x_wconf 91' lang='lat' dir='ltr'>mali</span> <span class='ocrx_word' id='word_1_72' title='bbox 856 820 1022 880; x_wconf 89' lang='lat' dir='ltr'>aliquid</span> <span class='ocrx_word' id='word_1_73' title='bbox 1040 835 1170 879; x_wconf 88' lang='lat' dir='ltr'>opere</span> <span class='ocrx_word' id='word_1_74' title='bbox 1186 818 1255 864; x_wconf 87' lang='lat' dir='ltr'>vel</span> <span class='ocrx_word' id='word_1_75' title='bbox 1277 834 1351 863; x_wconf 88' lang='lat' dir='ltr'>ore</span> <span class='ocrx_word' id='word_1_76' title='bbox 1368 820 1573 863; x_wconf 90' lang='lat' dir='ltr'>commit-</span> 
     </span>
     <span class='ocr_line' id='line_1_11' title="bbox 189 871 1574 948; baseline -0.004 -13"><span class='ocrx_word' id='word_1_77' title='bbox 189 901 265 935; x_wconf 85' lang='lat' dir='ltr'>tat.</span> <span class='ocrx_word' id='word_1_78' title='bbox 297 894 377 934; x_wconf 88' lang='lat' dir='ltr'>Per</span> <span class='ocrx_word' id='word_1_79' title='bbox 398 891 511 934; x_wconf 87' lang='lat' dir='ltr'>hanc</span> <span class='ocrx_word' id='word_1_80' title='bbox 533 871 784 948; x_wconf 61' lang='lat' dir='ltr'>patientiam</span> <span class='ocrx_word' id='word_1_81' title='bbox 809 890 1086 944; x_wconf 82' lang='lat' dir='ltr'>sustinemus,</span> <span class='ocrx_word' id='word_1_82' title='bbox 1113 889 1243 932; x_wconf 87' lang='lat' dir='ltr'>etiam</span> <span class='ocrx_word' id='word_1_83' title='bbox 1266 888 1373 932; x_wconf 90' lang='lat' dir='ltr'>dum</span> <span class='ocrx_word' id='word_1_84' title='bbox 1392 901 1574 946; x_wconf 88' lang='lat' dir='ltr'>corpore</span> 
     </span>
    </p>
   </div>
   <div class='ocr_carea' id='block_1_2' title="bbox 185 956 1580 2409">
    <p class='ocr_par' dir='ltr' id='par_1_3' title="bbox 185 956 1580 2409">
     <span class='ocr_line' id='line_1_12' title="bbox 185 956 1574 1018; baseline -0.002 -15"><span class='ocrx_word' id='word_1_85' title='bbox 185 961 277 1004; x_wconf 90' lang='lat' dir='ltr'>sani</span> <span class='ocrx_word' id='word_1_86' title='bbox 310 974 473 1013; x_wconf 89' lang='lat' dir='ltr'>sumus,</span> <span class='ocrx_word' id='word_1_87' title='bbox 509 959 629 1018; x_wconf 88' lang='lat' dir='ltr'>quod</span> <span class='ocrx_word' id='word_1_88' title='bbox 664 960 774 1002; x_wconf 87' lang='lat' dir='ltr'>inter</span> <span class='ocrx_word' id='word_1_89' title='bbox 796 960 926 1016; x_wconf 82' lang='lat' dir='ltr'>hujus</span> <span class='ocrx_word' id='word_1_90' title='bbox 948 958 1094 1002; x_wconf 82' lang='lat' dir='ltr'>saeculi</span> <span class='ocrx_word' id='word_1_91' title='bbox 1122 957 1322 1002; x_wconf 89' lang='lat' dir='ltr'>scandala</span> <span class='ocrx_word' id='word_1_92' title='bbox 1345 956 1574 1001; x_wconf 83' lang='lat' dir='ltr'>beatitudo</span> 
     </span>
     <span class='ocr_line' id='line_1_13' title="bbox 186 1027 1573 1086; baseline -0.002 -13"><span class='ocrx_word' id='word_1_93' title='bbox 186 1039 330 1073; x_wconf 81' lang='lat' dir='ltr'>nostra</span> <span class='ocrx_word' id='word_1_94' title='bbox 352 1028 554 1072; x_wconf 86' lang='lat' dir='ltr'>differtur</span> <span class='ocrx_word' id='word_1_95' title='bbox 573 1047 582 1072; x_wconf 72' lang='grc' dir='ltr'><em>ι</em></span> <span class='ocrx_word' id='word_1_96' title='bbox 608 1027 726 1071; x_wconf 92' lang='lat' dir='ltr'>unde</span> <span class='ocrx_word' id='word_1_97' title='bbox 752 1027 917 1071; x_wconf 90' lang='lat' dir='ltr'>dictum</span> <span class='ocrx_word' id='word_1_98' title='bbox 941 1037 1005 1070; x_wconf 89' lang='lat' dir='ltr'>est</span> <span class='ocrx_word' id='word_1_99' title='bbox 1025 1027 1145 1086; x_wconf 82' lang='lat' dir='ltr'>quod</span> <span class='ocrx_word' id='word_1_100' title='bbox 1168 1027 1300 1086; x_wconf 90' lang='lat' dir='ltr'>paulo</span> <span class='ocrx_word' id='word_1_101' title='bbox 1328 1036 1428 1071; x_wconf 89' lang='lat' dir='ltr'>ante</span> <span class='ocrx_word' id='word_1_102' title='bbox 1450 1041 1573 1070; x_wconf 90' lang='lat' dir='ltr'>com-</span> 
     </span>
     <span class='ocr_line' id='line_1_14' title="bbox 187 1096 1574 1156; baseline -0.001 -14"><span class='ocrx_word' id='word_1_103' title='bbox 187 1099 448 1142; x_wconf 82' lang='lat' dir='ltr'>memoravi:</span> <span class='ocrx_word' id='word_1_104' title='bbox 468 1116 486 1138; x_wconf 92' lang='lat'>«</span> <span class='ocrx_word' id='word_1_105' title='bbox 505 1097 548 1141; x_wconf 89' lang='lat' dir='ltr'>Si</span> <span class='ocrx_word' id='word_1_106' title='bbox 570 1097 691 1156; x_wconf 80' lang='lat' dir='ltr'>quod</span> <span class='ocrx_word' id='word_1_107' title='bbox 713 1112 801 1140; x_wconf 89' lang='lat' dir='ltr'>non</span> <span class='ocrx_word' id='word_1_108' title='bbox 823 1096 1021 1140; x_wconf 87' lang='lat' dir='ltr'>videmus</span> <span class='ocrx_word' id='word_1_109' title='bbox 1041 1112 1277 1152; x_wconf 84' lang='lat' dir='ltr'>speramus,</span> <span class='ocrx_word' id='word_1_110' title='bbox 1302 1112 1380 1151; x_wconf 88' lang='lat' dir='ltr'>per</span> <span class='ocrx_word' id='word_1_111' title='bbox 1402 1097 1574 1155; x_wconf 88' lang='lat' dir='ltr'>patien-</span> 
     </span>
     <span class='ocr_line' id='line_1_15' title="bbox 189 1162 1578 1220; baseline 0.001 -13"><span class='ocrx_word' id='word_1_112' title='bbox 189 1186 208 1207; x_wconf 90' lang='lat'>»</span> <span class='ocrx_word' id='word_1_113' title='bbox 246 1169 349 1210; x_wconf 92' lang='lat' dir='ltr'>tiam</span> <span class='ocrx_word' id='word_1_114' title='bbox 372 1169 691 1219; x_wconf 80' lang='lat' dir='ltr'>expectamus¹.</span> <span class='ocrx_word' id='word_1_115' title='bbox 711 1168 840 1208; x_wconf 86' lang='lat' dir='ltr'>»Hac</span> <span class='ocrx_word' id='word_1_116' title='bbox 857 1163 1063 1220; x_wconf 85' lang='lat' dir='ltr'>patientia</span> <span class='ocrx_word' id='word_1_117' title='bbox 1080 1171 1252 1205; x_wconf 85' lang='lat' dir='ltr'>sanctus</span> <span class='ocrx_word' id='word_1_118' title='bbox 1274 1162 1412 1206; x_wconf 86' lang='lat' dir='ltr'>David</span> <span class='ocrx_word' id='word_1_119' title='bbox 1433 1166 1578 1208; x_wconf 87' lang='lat' dir='ltr'>convi-</span> 
     </span>
     <span class='ocr_line' id='line_1_16' title="bbox 186 1231 1573 1290; baseline 0 -12"><span class='ocrx_word' id='word_1_120' title='bbox 186 1234 340 1279; x_wconf 84' lang='lat' dir='ltr'>ciantis</span> <span class='ocrx_word' id='word_1_121' title='bbox 363 1231 596 1290; x_wconf 89' lang='lat' dir='ltr'>opprobria</span> <span class='ocrx_word' id='word_1_122' title='bbox 623 1231 838 1285; x_wconf 87' lang='lat' dir='ltr'>toleravit,</span> <span class='ocrx_word' id='word_1_123' title='bbox 872 1241 915 1274; x_wconf 89' lang='lat' dir='ltr'>et</span> <span class='ocrx_word' id='word_1_124' title='bbox 941 1247 1040 1275; x_wconf 87' lang='lat' dir='ltr'>cum</span> <span class='ocrx_word' id='word_1_125' title='bbox 1073 1231 1200 1276; x_wconf 84' lang='lat' dir='ltr'>facile</span> <span class='ocrx_word' id='word_1_126' title='bbox 1234 1242 1376 1289; x_wconf 88' lang='lat' dir='ltr'>posset</span> <span class='ocrx_word' id='word_1_127' title='bbox 1409 1234 1573 1289; x_wconf 86' lang='lat' dir='ltr'>ulcisci,</span> 
     </span>
     <span class='ocr_line' id='line_1_17' title="bbox 187 1298 1576 1361; baseline -0.001 -13"><span class='ocrx_word' id='word_1_128' title='bbox 187 1319 277 1348; x_wconf 89' lang='lat' dir='ltr'>non</span> <span class='ocrx_word' id='word_1_129' title='bbox 310 1301 450 1346; x_wconf 91' lang='lat' dir='ltr'>solum</span> <span class='ocrx_word' id='word_1_130' title='bbox 482 1315 571 1344; x_wconf 88' lang='lat' dir='ltr'>non</span> <span class='ocrx_word' id='word_1_131' title='bbox 605 1298 723 1361; x_wconf 88' lang='lat' dir='ltr'>fecit,</span> <span class='ocrx_word' id='word_1_132' title='bbox 761 1315 912 1344; x_wconf 88' lang='lat' dir='ltr'>verum</span> <span class='ocrx_word' id='word_1_133' title='bbox 942 1309 985 1343; x_wconf 87' lang='lat' dir='ltr'>et</span> <span class='ocrx_word' id='word_1_134' title='bbox 1019 1301 1151 1344; x_wconf 89' lang='lat' dir='ltr'>alium</span> <span class='ocrx_word' id='word_1_135' title='bbox 1186 1317 1265 1360; x_wconf 91' lang='lat' dir='ltr'>pro</span> <span class='ocrx_word' id='word_1_136' title='bbox 1287 1317 1331 1345; x_wconf 91' lang='lat' dir='ltr'>se</span> <span class='ocrx_word' id='word_1_137' title='bbox 1353 1301 1576 1347; x_wconf 89' lang='lat' dir='ltr'>dolentem</span> 
     </span>
     <span class='ocr_line' id='line_1_18' title="bbox 188 1370 1578 1432; baseline -0.001 -14"><span class='ocrx_word' id='word_1_138' title='bbox 188 1381 546 1430; x_wconf 88' lang='lat' dir='ltr'>commotumque</span> <span class='ocrx_word' id='word_1_139' title='bbox 568 1370 879 1429; x_wconf 83' lang='lat' dir='ltr'>compescuit²‚</span> <span class='ocrx_word' id='word_1_140' title='bbox 916 1379 959 1414; x_wconf 89' lang='lat' dir='ltr'>et</span> <span class='ocrx_word' id='word_1_141' title='bbox 987 1380 1243 1429; x_wconf 88' lang='lat' dir='ltr'>potestatem</span> <span class='ocrx_word' id='word_1_142' title='bbox 1261 1373 1425 1430; x_wconf 83' lang='lat' dir='ltr'>regiam</span> <span class='ocrx_word' id='word_1_143' title='bbox 1442 1374 1578 1432; x_wconf 85' lang='lat' dir='ltr'>magis</span> 
     </span>
     <span class='ocr_line' id='line_1_19' title="bbox 188 1438 1577 1502; baseline 0.001 -16"><span class='ocrx_word' id='word_1_144' title='bbox 188 1441 386 1487; x_wconf 87' lang='lat' dir='ltr'>adhibuit</span> <span class='ocrx_word' id='word_1_145' title='bbox 408 1438 699 1498; x_wconf 89' lang='lat' dir='ltr'>prohibendo,</span> <span class='ocrx_word' id='word_1_146' title='bbox 727 1454 859 1498; x_wconf 88' lang='lat' dir='ltr'>quam</span> <span class='ocrx_word' id='word_1_147' title='bbox 883 1440 1125 1483; x_wconf 83' lang='lat' dir='ltr'>exercendo</span> <span class='ocrx_word' id='word_1_148' title='bbox 1148 1440 1401 1485; x_wconf 86' lang='lat' dir='ltr'>vindictam.</span> <span class='ocrx_word' id='word_1_149' title='bbox 1427 1444 1577 1502; x_wconf 87' lang='lat' dir='ltr'>Neque</span> 
     </span>
     <span class='ocr_line' id='line_1_20' title="bbox 188 1509 1570 1570; baseline 0.001 -15"><span class='ocrx_word' id='word_1_150' title='bbox 188 1521 293 1556; x_wconf 88' lang='lat' dir='ltr'>tunc</span> <span class='ocrx_word' id='word_1_151' title='bbox 316 1512 405 1570; x_wconf 87' lang='lat' dir='ltr'>ejus</span> <span class='ocrx_word' id='word_1_152' title='bbox 427 1525 583 1568; x_wconf 90' lang='lat' dir='ltr'>corpus</span> <span class='ocrx_word' id='word_1_153' title='bbox 605 1509 750 1569; x_wconf 88' lang='lat' dir='ltr'>aliquo</span> <span class='ocrx_word' id='word_1_154' title='bbox 781 1510 935 1552; x_wconf 85' lang='lat' dir='ltr'>morbo</span> <span class='ocrx_word' id='word_1_155' title='bbox 964 1510 1238 1568; x_wconf 85' lang='lat' dir='ltr'>affligebatur</span> <span class='ocrx_word' id='word_1_156' title='bbox 1267 1520 1342 1555; x_wconf 88' lang='lat' dir='ltr'>aut</span> <span class='ocrx_word' id='word_1_157' title='bbox 1372 1512 1570 1568; x_wconf 88' lang='lat' dir='ltr'>vulnere,</span> 
     </span>
     <span class='ocr_line' id='line_1_21' title="bbox 189 1578 1575 1637; baseline 0.001 -12"><span class='ocrx_word' id='word_1_158' title='bbox 189 1580 264 1625; x_wconf 91' lang='lat' dir='ltr'>sed</span> <span class='ocrx_word' id='word_1_159' title='bbox 280 1579 539 1624; x_wconf 89' lang='lat' dir='ltr'>humilitatis</span> <span class='ocrx_word' id='word_1_160' title='bbox 562 1588 733 1637; x_wconf 88' lang='lat' dir='ltr'>tempus</span> <span class='ocrx_word' id='word_1_161' title='bbox 756 1578 1085 1636; x_wconf 82' lang='lat' dir='ltr'>agnoscebatur,</span> <span class='ocrx_word' id='word_1_162' title='bbox 1108 1596 1156 1624; x_wconf 87' lang='lat' dir='ltr'>ac</span> <span class='ocrx_word' id='word_1_163' title='bbox 1175 1580 1397 1625; x_wconf 84' lang='lat' dir='ltr'>ferebatur</span> <span class='ocrx_word' id='word_1_164' title='bbox 1412 1581 1575 1627; x_wconf 80' lang='lat' dir='ltr'>volun-—</span> 
     </span>
     <span class='ocr_line' id='line_1_22' title="bbox 188 1648 1577 1707; baseline 0.001 -12"><span class='ocrx_word' id='word_1_165' title='bbox 188 1660 252 1695; x_wconf 86' lang='lat' dir='ltr'>tas</span> <span class='ocrx_word' id='word_1_166' title='bbox 290 1650 383 1703; x_wconf 91' lang='lat' dir='ltr'>Dei,</span> <span class='ocrx_word' id='word_1_167' title='bbox 421 1658 601 1707; x_wconf 84' lang='lat' dir='ltr'>propter</span> <span class='ocrx_word' id='word_1_168' title='bbox 634 1663 764 1707; x_wconf 85' lang='lat' dir='ltr'>quam</span> <span class='ocrx_word' id='word_1_169' title='bbox 800 1648 1111 1707; x_wconf 85' lang='lat' dir='ltr'>patientissimo</span> <span class='ocrx_word' id='word_1_170' title='bbox 1148 1650 1294 1694; x_wconf 88' lang='lat' dir='ltr'>animo</span> <span class='ocrx_word' id='word_1_171' title='bbox 1333 1652 1577 1697; x_wconf 87' lang='lat' dir='ltr'>amaritudo</span> 
     </span>
     <span class='ocr_line' id='line_1_23' title="bbox 188 1718 1576 1777; baseline 0.001 -12"><span class='ocrx_word' id='word_1_172' title='bbox 188 1718 465 1765; x_wconf 88' lang='lat' dir='ltr'>contumeliae</span> <span class='ocrx_word' id='word_1_173' title='bbox 486 1718 735 1761; x_wconf 86' lang='lat' dir='ltr'>bibebatur.</span> <span class='ocrx_word' id='word_1_174' title='bbox 764 1720 888 1762; x_wconf 88' lang='lat' dir='ltr'>Hanc</span> <span class='ocrx_word' id='word_1_175' title='bbox 911 1719 1160 1777; x_wconf 85' lang='lat' dir='ltr'>patientiam</span> <span class='ocrx_word' id='word_1_176' title='bbox 1184 1720 1393 1764; x_wconf 88' lang='lat' dir='ltr'>Dominus</span> <span class='ocrx_word' id='word_1_177' title='bbox 1410 1721 1576 1777; x_wconf 85' lang='lat' dir='ltr'>docuit,</span> 
     </span>
     <span class='ocr_line' id='line_1_24' title="bbox 194 1788 1577 1850; baseline 0.003 -17"><span class='ocrx_word' id='word_1_178' title='bbox 194 1788 374 1850; x_wconf 90' lang='lat' dir='ltr'>quando</span> <span class='ocrx_word' id='word_1_179' title='bbox 407 1788 633 1833; x_wconf 87' lang='lat' dir='ltr'>commotis</span> <span class='ocrx_word' id='word_1_180' title='bbox 668 1788 927 1832; x_wconf 87' lang='lat' dir='ltr'>zizaniorum</span> <span class='ocrx_word' id='word_1_181' title='bbox 950 1789 1234 1847; x_wconf 85' lang='lat' dir='ltr'>permixtione</span> <span class='ocrx_word' id='word_1_182' title='bbox 1256 1791 1402 1846; x_wconf 87' lang='lat' dir='ltr'>servis,</span> <span class='ocrx_word' id='word_1_183' title='bbox 1435 1801 1479 1836; x_wconf 89' lang='lat' dir='ltr'>et</span> <span class='ocrx_word' id='word_1_184' title='bbox 1497 1807 1577 1837; x_wconf 90' lang='lat' dir='ltr'>vo-</span> 
     </span>
     <span class='ocr_line' id='line_1_25' title="bbox 195 1857 1574 1917; baseline 0.004 -14"><span class='ocrx_word' id='word_1_185' title='bbox 195 1860 387 1904; x_wconf 89' lang='lat' dir='ltr'>lentibus</span> <span class='ocrx_word' id='word_1_186' title='bbox 421 1874 469 1902; x_wconf 87' lang='lat' dir='ltr'>ea</span> <span class='ocrx_word' id='word_1_187' title='bbox 500 1858 718 1916; x_wconf 79' lang='lat' dir='ltr'>colligere,</span> <span class='ocrx_word' id='word_1_188' title='bbox 756 1857 863 1901; x_wconf 80' lang='lat' dir='ltr'>dixit</span> <span class='ocrx_word' id='word_1_189' title='bbox 894 1858 1161 1916; x_wconf 88' lang='lat' dir='ltr'>respondisse</span> <span class='ocrx_word' id='word_1_190' title='bbox 1191 1860 1574 1917; x_wconf 83' lang='lat' dir='ltr'>patremfamilias:</span> 
     </span>
     <span class='ocr_line' id='line_1_26' title="bbox 197 1929 1579 1991; baseline 0.006 -21"><span class='ocrx_word' id='word_1_191' title='bbox 197 1950 216 1971; x_wconf 88' lang='lat'>«</span> <span class='ocrx_word' id='word_1_192' title='bbox 253 1929 386 1973; x_wconf 89' lang='lat' dir='ltr'>Sinite</span> <span class='ocrx_word' id='word_1_193' title='bbox 414 1937 598 1987; x_wconf 86' lang='lat' dir='ltr'>utraque</span> <span class='ocrx_word' id='word_1_194' title='bbox 626 1942 816 1971; x_wconf 85' lang='lat' dir='ltr'>crescere</span> <span class='ocrx_word' id='word_1_195' title='bbox 850 1943 988 1987; x_wconf 86' lang='lat' dir='ltr'>usque</span> <span class='ocrx_word' id='word_1_196' title='bbox 1016 1929 1071 1972; x_wconf 88' lang='lat' dir='ltr'>ad</span> <span class='ocrx_word' id='word_1_197' title='bbox 1104 1933 1326 1974; x_wconf 58' lang='lat' dir='ltr'>messemss.</span> <span class='ocrx_word' id='word_1_198' title='bbox 1353 1949 1372 1971; x_wconf 93' lang='lat'>»</span> <span class='ocrx_word' id='word_1_199' title='bbox 1396 1933 1579 1991; x_wconf 85' lang='lat' dir='ltr'>Oportet</span> 
     </span>
     <span class='ocr_line' id='line_1_27' title="bbox 191 1996 1575 2059; baseline 0.002 -16"><span class='ocrx_word' id='word_1_200' title='bbox 191 2000 305 2043; x_wconf 90' lang='lat' dir='ltr'>enim</span> <span class='ocrx_word' id='word_1_201' title='bbox 326 1999 538 2057; x_wconf 86' lang='lat' dir='ltr'>patienter</span> <span class='ocrx_word' id='word_1_202' title='bbox 554 1997 669 2051; x_wconf 82' lang='lat' dir='ltr'>ferri,</span> <span class='ocrx_word' id='word_1_203' title='bbox 688 1997 808 2056; x_wconf 88' lang='lat' dir='ltr'>quod</span> <span class='ocrx_word' id='word_1_204' title='bbox 826 1996 1079 2042; x_wconf 86' lang='lat' dir='ltr'>festinanter</span> <span class='ocrx_word' id='word_1_205' title='bbox 1098 2015 1188 2044; x_wconf 84' lang='lat' dir='ltr'>non</span> <span class='ocrx_word' id='word_1_206' title='bbox 1209 2010 1382 2059; x_wconf 89' lang='lat' dir='ltr'>oportet</span> <span class='ocrx_word' id='word_1_207' title='bbox 1399 2002 1575 2046; x_wconf 82' lang='lat' dir='ltr'>auferri.</span> 
     </span>
     <span class='ocr_line' id='line_1_28' title="bbox 196 2065 1576 2130; baseline 0.003 -18"><span class='ocrx_word' id='word_1_208' title='bbox 196 2069 334 2126; x_wconf 85' lang='lat' dir='ltr'>Hujus</span> <span class='ocrx_word' id='word_1_209' title='bbox 345 2076 387 2111; x_wconf 91' lang='lat' dir='ltr'>et</span> <span class='ocrx_word' id='word_1_210' title='bbox 399 2067 487 2125; x_wconf 90' lang='lat' dir='ltr'>ipse</span> <span class='ocrx_word' id='word_1_211' title='bbox 499 2067 719 2125; x_wconf 82' lang='lat' dir='ltr'>patientiae</span> <span class='ocrx_word' id='word_1_212' title='bbox 734 2065 920 2125; x_wconf 83' lang='lat' dir='ltr'>praebuit</span> <span class='ocrx_word' id='word_1_213' title='bbox 933 2076 975 2111; x_wconf 85' lang='lat' dir='ltr'>et</span> <span class='ocrx_word' id='word_1_214' title='bbox 988 2069 1299 2114; x_wconf 87' lang='lat' dir='ltr'>demonstravit</span> <span class='ocrx_word' id='word_1_215' title='bbox 1313 2072 1576 2130; x_wconf 81' lang='lat' dir='ltr'>exemplum,</span> 
     </span>
     <span class='ocr_line' id='line_1_29' title="bbox 193 2135 1580 2199; baseline 0.004 -20"><span class='ocrx_word' id='word_1_216' title='bbox 193 2135 371 2196; x_wconf 88' lang='lat' dir='ltr'>quando</span> <span class='ocrx_word' id='word_1_217' title='bbox 381 2145 480 2178; x_wconf 85' lang='lat' dir='ltr'>ante</span> <span class='ocrx_word' id='word_1_218' title='bbox 487 2136 727 2194; x_wconf 84' lang='lat' dir='ltr'>passionem</span> <span class='ocrx_word' id='word_1_219' title='bbox 738 2137 926 2194; x_wconf 86' lang='lat' dir='ltr'>corporis</span> <span class='ocrx_word' id='word_1_220' title='bbox 935 2136 1281 2197; x_wconf 87' lang='lat' dir='ltr'>sui,discipulum</span> <span class='ocrx_word' id='word_1_221' title='bbox 1292 2142 1314 2182; x_wconf 90' lang='lat' dir='ltr'>J</span> <span class='ocrx_word' id='word_1_222' title='bbox 1320 2139 1580 2199; x_wconf 59' lang='lat' dir='ltr'>udamssprius</span> 
     </span>
     <span class='ocr_line' id='line_1_30' title="bbox 194 2204 1580 2269; baseline 0.003 -20"><span class='ocrx_word' id='word_1_223' title='bbox 194 2221 326 2265; x_wconf 85' lang='lat' dir='ltr'>quam</span> <span class='ocrx_word' id='word_1_224' title='bbox 344 2205 590 2249; x_wconf 87' lang='lat' dir='ltr'>ostenderet</span> <span class='ocrx_word' id='word_1_225' title='bbox 609 2204 878 2259; x_wconf 82' lang='lat' dir='ltr'>traditorem,</span> <span class='ocrx_word' id='word_1_226' title='bbox 899 2206 1078 2264; x_wconf 89' lang='lat' dir='ltr'>pertulit</span> <span class='ocrx_word' id='word_1_227' title='bbox 1093 2206 1257 2263; x_wconf 77' lang='lat' dir='ltr'>furem3</span> <span class='ocrx_word' id='word_1_228' title='bbox 1281 2217 1323 2251; x_wconf 91' lang='lat' dir='ltr'>et</span> <span class='ocrx_word' id='word_1_229' title='bbox 1338 2218 1437 2252; x_wconf 88' lang='lat' dir='ltr'>ante</span> <span class='ocrx_word' id='word_1_230' title='bbox 1450 2225 1580 2269; x_wconf 87' lang='lat' dir='ltr'>expe—</span> 
     </span>
     <span class='ocr_line' id='line_1_31' title="bbox 194 2274 1578 2337; baseline 0.004 -19"><span class='ocrx_word' id='word_1_231' title='bbox 194 2276 429 2319; x_wconf 87' lang='lat' dir='ltr'>rimentum</span> <span class='ocrx_word' id='word_1_232' title='bbox 456 2274 731 2318; x_wconf 80' lang='lat' dir='ltr'>vinculorum</span> <span class='ocrx_word' id='word_1_233' title='bbox 750 2285 792 2319; x_wconf 87' lang='lat' dir='ltr'>et</span> <span class='ocrx_word' id='word_1_234' title='bbox 815 2276 953 2319; x_wconf 87' lang='lat' dir='ltr'>crucis</span> <span class='ocrx_word' id='word_1_235' title='bbox 976 2285 1019 2319; x_wconf 86' lang='lat' dir='ltr'>et</span> <span class='ocrx_word' id='word_1_236' title='bbox 1040 2278 1206 2331; x_wconf 84' lang='lat' dir='ltr'>mortis,</span> <span class='ocrx_word' id='word_1_237' title='bbox 1236 2277 1360 2321; x_wconf 89' lang='lat' dir='ltr'>labiis</span> <span class='ocrx_word' id='word_1_238' title='bbox 1383 2279 1473 2337; x_wconf 87' lang='lat' dir='ltr'>ejus</span> <span class='ocrx_word' id='word_1_239' title='bbox 1494 2279 1578 2324; x_wconf 88' lang='lat' dir='ltr'>do-</span> 
     </span>
     <span class='ocr_line' id='line_1_32' title="bbox 196 2344 1579 2409; baseline 0.006 -22"><span class='ocrx_word' id='word_1_240' title='bbox 196 2345 293 2388; x_wconf 91' lang='lat' dir='ltr'>losis</span> <span class='ocrx_word' id='word_1_241' title='bbox 327 2360 416 2388; x_wconf 88' lang='lat' dir='ltr'>non</span> <span class='ocrx_word' id='word_1_242' title='bbox 442 2345 615 2402; x_wconf 83' lang='lat' dir='ltr'>negavit</span> <span class='ocrx_word' id='word_1_243' title='bbox 643 2344 841 2388; x_wconf 83' lang='lat' dir='ltr'>osculum</span> <span class='ocrx_word' id='word_1_244' title='bbox 872 2345 1027 2402; x_wconf 74' lang='lat' dir='ltr'>pacis⁴.</span> <span class='ocrx_word' id='word_1_245' title='bbox 1056 2349 1158 2389; x_wconf 88' lang='lat' dir='ltr'>Haec</span> <span class='ocrx_word' id='word_1_246' title='bbox 1179 2347 1339 2402; x_wconf 86' lang='lat' dir='ltr'>omnia,</span> <span class='ocrx_word' id='word_1_247' title='bbox 1368 2350 1463 2392; x_wconf 85' lang='lat' dir='ltr'>etsi</span> <span class='ocrx_word' id='word_1_248' title='bbox 1491 2365 1579 2409; x_wconf 88' lang='lat' dir='ltr'>qua</span> 
     </span>
    </p>
   </div>
   <div class='ocr_carea' id='block_1_3' title="bbox 198 2439 1577 2538">
    <p class='ocr_par' dir='ltr' id='par_1_4' title="bbox 198 2439 1577 2538">
     <span class='ocr_line' id='line_1_33' title="bbox 243 2439 1577 2488; baseline 0.005 -16"><span class='ocrx_word' id='word_1_249' title='bbox 243 2448 250 2463; x_wconf 87' lang='lat'><em>¹</em></span> <span class='ocrx_word' id='word_1_250' title='bbox 273 2443 364 2473; x_wconf 84' lang='lat' dir='ltr'>Rom.</span> <span class='ocrx_word' id='word_1_251' title='bbox 385 2452 453 2480; x_wconf 82' lang='lat' dir='ltr'>vm,</span> <span class='ocrx_word' id='word_1_252' title='bbox 473 2444 584 2472; x_wconf 56' lang='lat'>251-</span> <span class='ocrx_word' id='word_1_253' title='bbox 601 2449 612 2463; x_wconf 80' lang='lat'>²</span> <span class='ocrx_word' id='word_1_254' title='bbox 629 2450 648 2472; x_wconf 82' lang='lat'><strong>2</strong></span> <span class='ocrx_word' id='word_1_255' title='bbox 665 2444 741 2483; x_wconf 24' lang='lat' dir='ltr'>Regi</span> <span class='ocrx_word' id='word_1_256' title='bbox 762 2452 827 2480; x_wconf 74' lang='lat' dir='ltr'>xvi,</span> <span class='ocrx_word' id='word_1_257' title='bbox 852 2439 963 2472; x_wconf 38' lang='lat' dir='ltr'>tofi-³</span> <span class='ocrx_word' id='word_1_258' title='bbox 979 2441 1098 2472; x_wconf 69' lang='lat' dir='ltr'>Matth.</span> <span class='ocrx_word' id='word_1_259' title='bbox 1116 2453 1181 2484; x_wconf 73' lang='lat' dir='ltr'>xm,</span> <span class='ocrx_word' id='word_1_260' title='bbox 1199 2443 1250 2474; x_wconf 83' lang='lat'>30.</span> <span class='ocrx_word' id='word_1_261' title='bbox 1269 2460 1308 2466; x_wconf 93' lang='lat'>—-</span> <span class='ocrx_word' id='word_1_262' title='bbox 1324 2443 1339 2473; x_wconf 77' lang='lat'>4</span> <span class='ocrx_word' id='word_1_263' title='bbox 1352 2446 1445 2477; x_wconf 85' lang='lat' dir='ltr'>Joan.</span> <span class='ocrx_word' id='word_1_264' title='bbox 1466 2456 1526 2488; x_wconf 83' lang='lat' dir='ltr'>xu,</span> <span class='ocrx_word' id='word_1_265' title='bbox 1543 2447 1577 2487; x_wconf 88' lang='grc'>6,</span> 
     </span>
     <span class='ocr_line' id='line_1_34' title="bbox 198 2496 776 2538; baseline 0 -12"><span class='ocrx_word' id='word_1_266' title='bbox 198 2502 229 2526; x_wconf 69' lang='lat' dir='ltr'>et</span> <span class='ocrx_word' id='word_1_267' title='bbox 253 2508 324 2533; x_wconf 74' lang='lat' dir='ltr'>xm,</span> <span class='ocrx_word' id='word_1_268' title='bbox 360 2505 414 2537; x_wconf 55' lang='grc' dir='ltr'>ῦς),</span> <span class='ocrx_word' id='word_1_269' title='bbox 439 2500 470 2528; x_wconf 79' lang='lat' dir='ltr'>et</span> <span class='ocrx_word' id='word_1_270' title='bbox 487 2497 598 2528; x_wconf 67' lang='lat' dir='ltr'>Manli.</span> <span class='ocrx_word' id='word_1_271' title='bbox 619 2507 705 2536; x_wconf 70' lang='lat' dir='ltr'>xxvi,</span> <span class='ocrx_word' id='word_1_272' title='bbox 725 2496 776 2538; x_wconf 52' lang='grc' dir='ltr'>ἧς).</span> 
     </span>
    </p>
   </div>
  </div>
 </body>
</html>
