1729 3143
576 203 629 228 DE
662 201 828 238 Gummi,
864 202 946 229 mu.
983 203 1012 227 ι.
1402 190 1484 230 429

104 264 280 309 visibilis
311 274 356 309 et
387 266 699 325 incomposita,
735 265 926 309 materiae
957 264 1152 310 confusio
1181 274 1224 309 et
1245 265 1485 311 obscuritas

105 335 413 379 nominabatur
431 354 440 380 :
462 345 506 380 et
527 334 646 395 quod
664 335 972 379 nominabatur
993 351 1106 395 aqua
1127 350 1256 395 super
1272 351 1404 396 quam
1420 335 1486 380 fe-

103 405 278 449 rebatur
301 406 483 466 Spiritus
504 407 605 462 Dei,
628 404 777 450 eadem
800 420 946 449 rursus
964 406 1142 450 materia
1156 407 1480 452 nominabatur.

102 478 229 522 Nunc
261 492 364 521 vero
393 492 505 536 aqua
537 477 618 521 ista
654 485 697 520 et
739 485 852 520 terra
885 474 1128 521 formantur
1161 494 1214 522 ex
1240 478 1314 522 illa
1345 487 1484 523 mate-

102 547 163 591 ria
179 582 190 601 ,
214 563 314 606 quae
335 548 436 606 ipsis
456 547 706 591 nominibus
722 545 1024 606 appellabatur
1038 583 1048 603 ‚
1074 557 1309 608 antequam
1326 548 1485 595 formas

100 617 200 661 istas
229 633 336 676 quas
364 626 483 661 nunc
510 616 707 662 videmus
736 617 964 676 acciperet.
995 619 1105 662 Sane
1127 619 1313 675 dicitur,
1339 621 1385 664 in
1405 621 1486 665 he-

98 687 217 731 braea
247 685 469 731 locutione
498 703 672 738 omnem
705 703 918 748 aquarum
951 691 1329 748 congregationem
1348 726 1360 746 ‚
1399 692 1486 737 sive

100 757 308 802 salsarum
330 758 418 802 sive
440 757 636 803 dulcium
655 794 665 814 ‚
690 774 808 803 mare
831 758 1053 818 appellari.

156 831 278 873 XIX.
309 848 329 871 «
354 831 411 874 Et
432 828 537 874 dixit
559 833 672 874 Deus
700 849 708 875 z
734 830 958 875 Germinet
991 839 1107 875 terra
1132 831 1314 876 herbam
1337 830 1486 890 pabuli

102 916 123 941 »
149 899 362 944 ferentem
396 916 544 944 semen
574 902 815 940 seeundum
845 913 971 938 suum
1005 909 1140 954 genus
1168 911 1210 939 et
1237 901 1478 945 similitudi-

102 985 123 1009 »
149 982 249 1012 nem
267 1002 277 1023 ,
305 976 348 1011 et
369 966 537 1026 lignum
561 964 836 1010 fructiferum
854 966 1017 1010 faciens
1035 965 1228 1011 fructum
1247 1002 1258 1023 ,
1285 969 1408 1029 cujus
1425 986 1486 1015 se-

103 1055 123 1080 »
148 1054 249 1082 men
267 1038 320 1082 sit
341 1039 387 1082 in
408 1053 452 1082 se
474 1038 715 1082 secundum
739 1053 862 1081 suam
886 1036 1213 1081 similitudinem
1237 1057 1245 1083 :
1273 1049 1316 1083 et
1341 1040 1401 1085 sic
1424 1050 1488 1086 est

102 1127 123 1152 »
145 1109 324 1154 factum.
351 1112 408 1153 Et
425 1109 550 1169 ejecit
568 1119 680 1153 terra
701 1109 880 1153 herbam
903 1108 1080 1168 pabuli,
1106 1108 1318 1154 ferentem
1339 1126 1486 1157 semen

102 1199 123 1222 »
146 1179 388 1225 secundum
417 1195 545 1223 suum
569 1195 703 1238 genus
720 1214 730 1234 ‚
767 1188 810 1223 et
837 1180 1001 1238 lignum
1025 1179 1302 1224 fructiferum
1325 1179 1486 1226 faciens

104 1271 121 1293 »
147 1250 340 1295 fructum
355 1286 367 1307 ‚
391 1251 512 1311 cujus
538 1266 684 1294 semen
707 1250 833 1293 estin
855 1265 899 1293 se
921 1249 1161 1293 secundum
1184 1266 1304 1293 suam
1331 1251 1482 1295 simili-

105 1341 123 1363 »
149 1323 345 1366 tudinem
365 1357 375 1377 ,
401 1321 641 1367 secundum
670 1337 795 1366 suum
831 1336 964 1379 genus
986 1337 1114 1380 super
1137 1331 1310 1365 terram.
1340 1325 1396 1367 Et
1417 1324 1485 1367 vi-

104 1411 122 1433 »
148 1392 213 1436 dit
238 1396 350 1436 Deus
372 1393 474 1452 quia
495 1393 662 1437 bonurn
685 1401 775 1447 est,
808 1401 850 1436 et
871 1392 986 1436 facta
1009 1401 1073 1435 est
1095 1407 1298 1451 vespera,
1324 1402 1368 1436 et
1395 1392 1486 1438 fac-

99 1481 119 1505 »
148 1473 243 1507 tum
261 1473 324 1508 est
339 1480 464 1508 mane
481 1463 570 1508 dies
592 1464 744 1508 tertius
762 1466 791 1506 1.
814 1482 833 1504 »
861 1463 941 1507 Hic
963 1462 1102 1508 solent
1119 1463 1261 1507 dicere
1282 1481 1291 1506 ι
1315 1464 1357 1509 Si
1372 1467 1485 1509 Deus

91 1535 219 1595 jussit
247 1535 365 1579 nasci
387 1535 440 1578 de
465 1545 577 1579 terra
599 1535 780 1578 herbam
804 1533 954 1593 pabuli
975 1569 985 1589 ‚
1022 1544 1065 1578 et
1085 1534 1255 1593 lignum
1282 1534 1483 1579 fructife-

95 1620 192 1648 rum
211 1640 221 1660 ,
245 1605 341 1664 quis
356 1605 482 1664 jussit
504 1605 620 1648 nasci
638 1614 778 1649 tantas
797 1604 952 1648 herbas
969 1604 1036 1648 vel
1058 1604 1248 1664 spinosas
1266 1604 1335 1650 vel
1352 1621 1484 1649 vene-

94 1690 249 1730 nosas,
275 1692 373 1735 quae
411 1676 466 1719 ad
498 1675 712 1735 pabulum
747 1690 837 1719 non
870 1674 1130 1734 proficiunt,
1163 1684 1205 1719 et
1235 1684 1322 1719 tam
1346 1675 1483 1720 multa

93 1744 212 1803 ligna
248 1760 347 1804 quae
378 1746 551 1789 nullum
585 1744 779 1789 fructum
800 1745 984 1789 ferunt?
1017 1745 1185 1798 Quibus
1212 1746 1270 1790 sic
1303 1762 1483 1806 respon-

95 1815 291 1860 dendum
313 1825 405 1871 est,
441 1825 491 1860 ut
518 1815 638 1860 nulla
666 1816 856 1875 indignis
880 1816 1129 1876 aperiantur
1150 1817 1376 1875 mysteria,
1402 1833 1483 1861 ne-

48 1893 55 1895 “
93 1903 179 1947 que
200 1887 454 1932 ostendatur
471 1888 516 1931 in
539 1904 625 1948 qua
647 1888 786 1945 figura
808 1887 1057 1932 futurorum
1076 1889 1156 1932 ista
1170 1889 1230 1933 sic
1248 1888 1361 1933 dicta
1378 1890 1476 1933 sint.

94 1959 211 2015 Ergo
229 1957 464 2001 dicendum
481 1966 565 2012 est,
586 1958 707 2017 quod
724 1973 801 2017 per
817 1968 1044 2017 peccatum
1058 1958 1246 2003 hominis
1263 1967 1376 2002 terra
1395 1974 1482 2003 ma-

93 2026 251 2073 ledicta
273 2029 328 2072 sit
342 2063 353 2083 ‚
378 2037 428 2073 ut
444 2029 586 2088 spinas
603 2038 772 2088 pareret
793 2048 802 2073 ι
825 2044 913 2073 non
932 2038 981 2072 ut
999 2029 1089 2088 ipsa
1108 2044 1259 2088 poenas
1276 2029 1476 2084 sentiret,

93 2115 192 2158 quae
211 2100 300 2143 sine
321 2115 447 2144 seusu
465 2108 552 2154 est,
578 2099 653 2143 sed
674 2109 724 2144 ut
742 2101 906 2159 peccati
925 2100 1105 2144 humani
1130 2101 1293 2144 crimen
1312 2114 1480 2159 semper

92 2169 345 2214 hominibus
377 2180 476 2214 ante
511 2169 659 2214 oculos
689 2179 894 2229 poneret,
922 2185 1010 2229 quo
1038 2169 1379 2215 admonerentur
1401 2167 1479 2213 ali-

92 2241 270 2300 quando
308 2242 441 2285 averti
473 2257 495 2285 a
531 2241 743 2300 peccatis,
769 2250 812 2285 et
839 2241 893 2284 ad
923 2241 999 2285 Dei
1022 2250 1239 2301 praecepta
1261 2239 1471 2285 converti.

92 2312 250 2355 Herbae
273 2321 417 2355 autern
440 2327 668 2355 venenosae
686 2312 739 2355 ad
764 2327 939 2370 poenam
959 2310 1030 2356 vel
1053 2313 1108 2356 ad
1131 2309 1475 2356 exercitationem

91 2383 340 2426 mortalium
363 2392 517 2427 creatae
539 2393 639 2427 sunt
660 2402 668 2427 ;
692 2391 734 2426 et
751 2383 833 2426 hoc
856 2392 996 2426 totum
1021 2393 1194 2443 propter
1214 2389 1444 2438 peccatum
1459 2415 1470 2436 ‚

90 2454 191 2512 quia
213 2453 416 2498 mortales
437 2463 533 2513 post
565 2463 789 2514 peccatum
814 2453 915 2498 facti
937 2466 1095 2497 sumuS.
1129 2453 1210 2494 Per
1231 2449 1474 2496 infructuo-

139 2544 145 2560 ¹
167 2540 246 2572 Gen.
269 2550 293 2581 Ξ,
314 2541 430 2573 20—23.
