1729 3143
258 191 311 228 98
689 197 724 226 s.
759 196 994 224 Aucus‘nm
1026 196 1209 224 muscum

253 264 393 309 fantes
415 278 542 309 necas
557 296 568 318 ‚
593 271 636 306 et
657 270 745 307 tuae
762 261 970 321 nequitiae
986 269 1116 305 testes
1133 260 1358 318 cumulas3
1377 269 1421 306 et
1438 261 1636 307 Christus
1682 276 1684 278 ’

251 349 277 379 a
296 342 341 383 te
360 349 457 379 ‘non
477 332 698 378 invenitur
713 366 725 387 ‚
748 331 851 392 quia
878 331 1074 377 nondum
1098 331 1217 376 venit
1238 331 1329 391 ejus
1357 331 1464 376 hora
1487 340 1539 376 ut
1558 346 1638 390 pa-

249 405 397 450 tiatur.
429 403 602 447 Teneris
633 400 813 462 quidem
841 412 1092 462 persecutor
1118 403 1277 448 Christi
1303 411 1347 447 et
1367 417 1466 446 reus
1487 402 1639 447 mortis

247 476 368 534 ejus,
406 473 708 532 nihil-agendo
739 474 785 518 in
819 475 911 534 ipso
944 494 952 520 :
985 473 1062 519 sed
1084 474 1190 518 dum
1214 473 1350 517 multa
1378 473 1465 531 agis
1485 481 1637 517 contra

249 544 390 602 ipsum
411 577 423 598 ,
460 542 685 602 perdidisti
717 553 761 588 te
784 544 943 604 ipsum.
970 544 1085 597 Quid
1105 543 1262 587 metuis
1282 542 1415 586 talem
1437 545 1600 601 Regem
1622 575 1634 596 ‚

245 613 322 672 qui
343 613 402 657 sic
424 613 544 658 venit
564 628 742 672 regnare
756 648 767 669 ‚
793 623 842 658 ut
864 623 908 658 te
930 613 1041 658 nolit
1063 613 1326 658 excludere?
1348 615 1489 666 Quem
1511 627 1636 672 quae—

243 681 299 726 ris
317 716 329 737 ,
354 685 445 726 Rex
462 697 616 742 regum
635 692 700 727 est
726 702 735 728 ς
763 685 798 727 si
819 683 954 727 velles
975 698 1154 727 securus
1175 683 1373 727 obtinere
1396 692 1522 727 tuum
1539 697 1637 741 reg-

243 767 349 795 num
365 786 376 806 ‚
399 752 482 811 ipsi
499 752 763 813 supplicares
779 788 791 807 ,
814 763 864 796 ut
880 754 934 797 ab
960 752 1038 797 illo
1062 753 1275 811 acciperes
1302 753 1632 811 sempiternum.

241 824 411 880 Regnet
439 823 636 868 Christus
661 822 885 884 quomodo
920 824 1040 868 venit
1069 838 1250 882 regnare
1269 857 1280 877 ‚
1311 822 1515 882 suscipiat
1542 836 1637 866 cre-

239 892 391 937 dentes
412 927 423 947 ,
460 893 645 938 irrideat·
656 902 965 954 persequentes
983 928 994 948 ‚
1018 892 1156 937 faciat
1183 901 1398 937 certantes
1415 927 1426 947 ‚
1462 891 1638 951 adjuvet

238 960 488 1008 laborantes
510 997 519 1018 ‚
549 973 727 1008 coronet
747 965 971 1008 vincentes
986 999 997 1018 ,
1022 963 1158 1008 donet
1188 964 1458 1007 sanctitatem
1476 998 1487 1017 ‚
1521 970 1637 1006 amet

239 1034 482 1078 castitatem
505 1069 516 1089 ,
551 1043 799 1078 remuneret
831 1034 1139 1093 virginitatem.
1183 1031 1408 1088 Gaudete,
1448 1032 1636 1091 virgines

176 1132 179 1133 ν
237 1114 398 1143 sanctoe
430 1130 442 1150 9
496 1105 618 1154 virgo
667 1105 835 1153 peperit
875 1105 1096 1139 Clu-iatum
1157 1106 1253 1141 Non
1293 1114 1370 1140 VOS
1410 1103 1638 1142 COnU'lStet

239 1166 439 1211 sterilitas
457 1200 467 1220 ‚
493 1180 678 1225 quarum
708 1164 814 1209 fides
845 1179 1001 1222 magna
1033 1173 1097 1208 est
1127 1164 1419 1210 foecunditas:
1445 1181 1526 1211 nec
1553 1165 1637 1211 do-

237 1236 360 1281 leatis
399 1251 488 1281 non
525 1250 601 1280 vos
631 1250 720 1279 esse
750 1245 909 1279 matres
927 1270 937 1290 ‚
976 1250 1076 1294 quae
1107 1235 1355 1294 spiritaliter
1392 1239 1632 1295 generatis,

237 1307 424 1365 virgines
461 1307 748 1365 permanetis,
789 1305 898 1349 filios
933 1305 1174 1364 suscipitis,
1215 1306 1511 1365 integritatem
1545 1323 1635 1353 non

237 1376 447 1420 amittitis.
473 1376 709 1435 Accepistis
738 1375 793 1419 ab
825 1375 902 1419 illo
935 1390 1097 1419 nomen
1119 1385 1365 1420 maternum
1382 1411 1393 1431 ,
1430 1387 1480 1421 ut
1501 1377 1633 1423 decus

237 1447 440 1491 castitatis
461 1447 508 1490 in
528 1462 605 1491 vos
623 1454 873 1503 permaneat
893 1446 1222 1504 sempiternum.
1247 1451 1400 1492 Amate
1421 1448 1542 1507 quod
1564 1464 1632 1492 es-

235 1518 288 1561 tis
301 1552 313 1572 ‚
339 1527 505 1563 servate
524 1515 645 1576 quod
663 1516 901 1576 accepistis.
929 1517 1166 1561 Imitamini
1184 1517 1333 1561 fideles
1353 1527 1534 1562 matrem
1556 1535 1631 1564 ca-

236 1587 337 1646 pitis
358 1587 487 1631 vestri
508 1621 518 1641 ‚
544 1586 689 1645 sponsi
709 1586 842 1631 vestri
868 1606 876 1630 z
903 1602 993 1631 non
1014 1588 1138 1631 vobis
1162 1588 1393 1647 denegavit
1414 1589 1595 1648 pignora
1615 1625 1626 1645 ‚

236 1658 313 1717 qui
326 1666 453 1701 natus
466 1666 528 1700 est
542 1656 597 1700 de
613 1656 781 1715 virgine
801 1657 952 1701 Maria.
973 1656 1103 1710 Quod
1125 1666 1258 1701 tantae
1270 1659 1398 1702 matri
1413 1659 1601 1704 contulit
1615 1694 1626 1715 ‚

236 1736 280 1770 et
308 1727 355 1770 in
375 1742 451 1770 sua
476 1741 606 1771 carne
623 1727 807 1770 servavit
823 1761 834 1781 ,
859 1726 943 1770 hoc
966 1727 1094 1770 etiam
1116 1727 1239 1771 vobis
1262 1728 1468 1784 donavit,
1505 1730 1629 1787 virgo

236 1805 375 1840 mater
392 1831 403 1849 ,
437 1805 584 1840 sancta
612 1811 713 1840 caro
742 1795 903 1840 Christi
926 1795 981 1839 ab
1006 1797 1125 1840 omni
1147 1798 1406 1855 contagione
1440 1800 1624 1858 integra.

239 1866 324 1913 Sed
358 1882 435 1911 nec
464 1867 555 1925 ipsa
583 1882 683 1911 caro
706 1867 796 1926 ejus
819 1865 972 1910 sterilis
991 1865 1103 1920 fuit,
1138 1866 1242 1911 dum
1272 1883 1349 1926 per
1385 1883 1480 1912 eam
1515 1884 1628 1928 prae-

236 1937 422 1981 dicando
462 1937 673 1996 spiritales
714 1937 824 1981 filios
859 1937 1127 1994 regeneravit
1164 1938 1215 1981 ad
1247 1938 1409 1993 vitam,
1449 1947 1493 1983 et
1529 1949 1627 1999 post

238 2006 480 2066 passionem
506 2022 584 2066 per
616 2016 757 2050 totum
782 2005 998 2050 mundum
1022 2005 1303 2051 fructificavit
1324 2009 1476 2052 occisa.

295 2080 348 2121 V.
387 2077 607 2122 Crucifixi.
635 2079 699 2120 Ex
735 2077 819 2121 hoc
852 2076 971 2121 omni
1001 2075 1202 2121 libertate
1225 2089 1442 2138 assumpta
1463 2113 1474 2133 ,
1505 2078 1623 2122 fidu-

236 2149 347 2192 ciam
381 2148 446 2192 sui
479 2148 623 2192 anima
653 2147 794 2206 capiat
823 2148 1069 2191 christiana.
1096 2150 1193 2192 Non
1224 2149 1339 2192 enim
1369 2148 1623 2193 erubescere

236 2218 369 2262 debet
390 2220 435 2261 in
452 2218 707 2262 crucifixum
725 2232 769 2260 se
786 2216 1016 2261 credidisse
1035 2218 1260 2262 christum.
1287 2220 1404 2262 Crux
1424 2217 1496 2262 ill-a
1519 2220 1622 2263 fide-

236 2287 350 2332 libus
391 2303 480 2333 non
515 2297 577 2332 est
619 2287 902 2347 opprobrium
920 2322 930 2341 ‚
972 2287 1047 2331 sed
1085 2287 1348 2346 triumphus
1389 2290 1506 2332 Crux
1547 2288 1619 2332 illa

236 2356 441 2401 vexillum
463 2367 658 2403 nostrum
681 2366 744 2401 est
765 2365 915 2401 contra
937 2356 1229 2401 adversarium
1250 2366 1447 2401 nostrnm
1461 2357 1618 2402 diabo-

237 2425 330 2470 luni
354 2443 365 2469 :
389 2430 598 2484 pugnavit
620 2429 734 2472 enim
758 2431 849 2471 Rex
875 2436 1020 2471 noster
1043 2443 1121 2486 pro
1146 2427 1270 2470 nobis
1292 2437 1442 2471 contra
1460 2427 1617 2471 adver-

237 2499 394 2543 sarium
428 2507 639 2542 nostrum.
690 2498 971 2543 Adversarius
1010 2497 1210 2542 diabolus
1250 2507 1395 2542 noster
1431 2507 1614 2544 mortem
