<?xml version="1.0" encoding="UTF-8"?>
<!DOCTYPE html PUBLIC "-//W3C//DTD XHTML 1.0 Transitional//EN"
    "http://www.w3.org/TR/xhtml1/DTD/xhtml1-transitional.dtd">
<html xmlns="http://www.w3.org/1999/xhtml" xml:lang="en" lang="en">
 <head>
  <title>
</title>
<meta http-equiv="Content-Type" content="text/html;charset=utf-8" />
  <meta name='ocr-system' content='tesseract 3.04.00' />
  <meta name='ocr-capabilities' content='ocr_page ocr_carea ocr_par ocr_line ocrx_word'/>
</head>
<body>
  <div class='ocr_page' id='page_1' title='image "./operaomniaaccura27auguuoft/operaomniaaccura27auguuoft_0439.png"; bbox 0 0 1729 3143; ppageno 0'>
   <div class='ocr_carea' id='block_1_1' title="bbox 0 0 51 2385">
    <p class='ocr_par' dir='ltr' id='par_1_1' title="bbox 0 0 51 2385">
     <span class='ocr_line' id='line_1_1' title="bbox 0 0 51 2385; baseline 0 0"><span class='ocrx_word' id='word_1_1' title='bbox 0 0 51 2385; x_wconf 95' lang='lat' dir='ltr'> </span> 
     </span>
    </p>
   </div>
   <div class='ocr_carea' id='block_1_2' title="bbox 566 237 1471 286">
    <p class='ocr_par' dir='ltr' id='par_1_2' title="bbox 566 237 1471 286">
     <span class='ocr_line' id='line_1_2' title="bbox 566 237 1471 286; baseline 0 -9"><span class='ocrx_word' id='word_1_2' title='bbox 566 251 618 277; x_wconf 85' lang='lat' dir='ltr'>DE</span> <span class='ocrx_word' id='word_1_3' title='bbox 650 249 818 286; x_wconf 61' lang='lat' dir='ltr'>nuncsi,</span> <span class='ocrx_word' id='word_1_4' title='bbox 853 249 936 275; x_wconf 76' lang='lat' dir='ltr'>Lm.</span> <span class='ocrx_word' id='word_1_5' title='bbox 971 250 999 275; x_wconf 88' lang='lat'>1.</span> <span class='ocrx_word' id='word_1_6' title='bbox 1389 237 1471 277; x_wconf 73' lang='lat'>427</span> 
     </span>
    </p>
   </div>
   <div class='ocr_carea' id='block_1_3' title="bbox 87 312 1480 1003">
    <p class='ocr_par' dir='ltr' id='par_1_3' title="bbox 90 312 1477 710">
     <span class='ocr_line' id='line_1_3' title="bbox 96 312 1475 373; baseline 0.001 -15"><span class='ocrx_word' id='word_1_7' title='bbox 96 313 397 373; x_wconf 87' lang='lat' dir='ltr'>accipiendum</span> <span class='ocrx_word' id='word_1_8' title='bbox 412 347 424 369; x_wconf 96' lang='lat'>,</span> <span class='ocrx_word' id='word_1_9' title='bbox 450 314 554 373; x_wconf 87' lang='lat' dir='ltr'>quia</span> <span class='ocrx_word' id='word_1_10' title='bbox 575 313 745 358; x_wconf 86' lang='lat' dir='ltr'>vocavit</span> <span class='ocrx_word' id='word_1_11' title='bbox 761 315 875 356; x_wconf 85' lang='lat' dir='ltr'>Deus</span> <span class='ocrx_word' id='word_1_12' title='bbox 898 331 908 357; x_wconf 75' lang='lat'>2</span> <span class='ocrx_word' id='word_1_13' title='bbox 937 312 1144 372; x_wconf 89' lang='lat' dir='ltr'>quoniam</span> <span class='ocrx_word' id='word_1_14' title='bbox 1164 321 1378 372; x_wconf 87' lang='lat' dir='ltr'>quantum</span> <span class='ocrx_word' id='word_1_15' title='bbox 1400 329 1475 360; x_wconf 90' lang='lat' dir='ltr'>ac-</span> 
     </span>
     <span class='ocr_line' id='line_1_4' title="bbox 94 382 1477 443; baseline 0.001 -14"><span class='ocrx_word' id='word_1_16' title='bbox 94 383 288 429; x_wconf 91' lang='lat' dir='ltr'>cedimus</span> <span class='ocrx_word' id='word_1_17' title='bbox 305 385 350 428; x_wconf 90' lang='lat' dir='ltr'>in</span> <span class='ocrx_word' id='word_1_18' title='bbox 370 383 599 443; x_wconf 89' lang='lat' dir='ltr'>Scripturis</span> <span class='ocrx_word' id='word_1_19' title='bbox 616 392 660 428; x_wconf 87' lang='lat' dir='ltr'>et</span> <span class='ocrx_word' id='word_1_20' title='bbox 676 382 722 425; x_wconf 93' lang='lat' dir='ltr'>in</span> <span class='ocrx_word' id='word_1_21' title='bbox 738 382 798 426; x_wconf 89' lang='lat' dir='ltr'>eis</span> <span class='ocrx_word' id='word_1_22' title='bbox 821 384 1101 427; x_wconf 83' lang='lat' dir='ltr'>assuescimus</span> <span class='ocrx_word' id='word_1_23' title='bbox 1120 418 1131 439; x_wconf 93' lang='lat'>‚</span> <span class='ocrx_word' id='word_1_24' title='bbox 1155 391 1328 428; x_wconf 89' lang='lat' dir='ltr'>tantum</span> <span class='ocrx_word' id='word_1_25' title='bbox 1350 385 1477 430; x_wconf 90' lang='lat' dir='ltr'>nobis</span> 
     </span>
     <span class='ocr_line' id='line_1_5' title="bbox 92 453 1477 515; baseline 0 -16"><span class='ocrx_word' id='word_1_26' title='bbox 92 454 335 499; x_wconf 88' lang='lat' dir='ltr'>locutiones</span> <span class='ocrx_word' id='word_1_27' title='bbox 356 470 505 499; x_wconf 88' lang='lat' dir='ltr'>earum</span> <span class='ocrx_word' id='word_1_28' title='bbox 526 454 820 498; x_wconf 86' lang='lat' dir='ltr'>innotescunt.</span> <span class='ocrx_word' id='word_1_29' title='bbox 848 453 916 497; x_wconf 90' lang='lat' dir='ltr'>Sic</span> <span class='ocrx_word' id='word_1_30' title='bbox 938 454 1054 497; x_wconf 90' lang='lat' dir='ltr'>enim</span> <span class='ocrx_word' id='word_1_31' title='bbox 1075 454 1285 499; x_wconf 87' lang='lat' dir='ltr'>dicimus:</span> <span class='ocrx_word' id='word_1_32' title='bbox 1303 455 1383 499; x_wconf 88' lang='lat' dir='ltr'>Ille</span> <span class='ocrx_word' id='word_1_33' title='bbox 1399 471 1477 515; x_wconf 90' lang='lat' dir='ltr'>pa-</span> 
     </span>
     <span class='ocr_line' id='line_1_6' title="bbox 91 522 1477 579; baseline 0.001 -9"><span class='ocrx_word' id='word_1_34' title='bbox 91 524 344 570; x_wconf 86' lang='lat' dir='ltr'>terfamilias</span> <span class='ocrx_word' id='word_1_35' title='bbox 370 525 600 570; x_wconf 83' lang='lat' dir='ltr'>aedificavit</span> <span class='ocrx_word' id='word_1_36' title='bbox 629 522 810 568; x_wconf 88' lang='lat' dir='ltr'>domum</span> <span class='ocrx_word' id='word_1_37' title='bbox 831 522 954 566; x_wconf 89' lang='lat' dir='ltr'>istam</span> <span class='ocrx_word' id='word_1_38' title='bbox 971 558 982 578; x_wconf 88' lang='lat'>‚</span> <span class='ocrx_word' id='word_1_39' title='bbox 1007 524 1053 567; x_wconf 93' lang='lat' dir='ltr'>id</span> <span class='ocrx_word' id='word_1_40' title='bbox 1075 533 1160 579; x_wconf 84' lang='lat' dir='ltr'>est,</span> <span class='ocrx_word' id='word_1_41' title='bbox 1184 524 1388 570; x_wconf 86' lang='lat' dir='ltr'>aedificari</span> <span class='ocrx_word' id='word_1_42' title='bbox 1409 524 1477 571; x_wconf 84' lang='lat' dir='ltr'>fe-</span> 
     </span>
     <span class='ocr_line' id='line_1_7' title="bbox 91 593 1477 657; baseline 0.001 -17"><span class='ocrx_word' id='word_1_43' title='bbox 91 596 177 652; x_wconf 87' lang='lat' dir='ltr'>cit,</span> <span class='ocrx_word' id='word_1_44' title='bbox 202 605 246 640; x_wconf 88' lang='lat' dir='ltr'>et</span> <span class='ocrx_word' id='word_1_45' title='bbox 275 595 415 640; x_wconf 85' lang='lat' dir='ltr'>multa</span> <span class='ocrx_word' id='word_1_46' title='bbox 443 595 545 639; x_wconf 85' lang='lat' dir='ltr'>talia</span> <span class='ocrx_word' id='word_1_47' title='bbox 568 610 645 655; x_wconf 91' lang='lat' dir='ltr'>per</span> <span class='ocrx_word' id='word_1_48' title='bbox 667 608 817 639; x_wconf 90' lang='lat' dir='ltr'>omnes</span> <span class='ocrx_word' id='word_1_49' title='bbox 837 593 972 639; x_wconf 83' lang='lat' dir='ltr'>libros</span> <span class='ocrx_word' id='word_1_50' title='bbox 1001 593 1248 640; x_wconf 84' lang='lat' dir='ltr'>divinarum</span> <span class='ocrx_word' id='word_1_51' title='bbox 1278 597 1477 657; x_wconf 88' lang='lat' dir='ltr'>Scriptu-</span> 
     </span>
     <span class='ocr_line' id='line_1_8' title="bbox 90 664 558 710; baseline -0.002 0"><span class='ocrx_word' id='word_1_52' title='bbox 90 680 235 710; x_wconf 87' lang='lat' dir='ltr'>rarum</span> <span class='ocrx_word' id='word_1_53' title='bbox 258 664 558 709; x_wconf 86' lang='lat' dir='ltr'>inveniuntur.</span> 
     </span>
    </p>

    <p class='ocr_par' dir='ltr' id='par_1_4' title="bbox 87 732 1480 1003">
     <span class='ocr_line' id='line_1_9' title="bbox 148 732 1479 793; baseline 0.002 -14"><span class='ocrx_word' id='word_1_54' title='bbox 148 737 269 779; x_wconf 86' lang='lat' dir='ltr'>XVI.</span> <span class='ocrx_word' id='word_1_55' title='bbox 301 754 322 778; x_wconf 92' lang='lat'>«</span> <span class='ocrx_word' id='word_1_56' title='bbox 347 737 404 779; x_wconf 87' lang='lat' dir='ltr'>Et</span> <span class='ocrx_word' id='word_1_57' title='bbox 432 733 547 779; x_wconf 86' lang='lat' dir='ltr'>facta</span> <span class='ocrx_word' id='word_1_58' title='bbox 575 742 639 778; x_wconf 84' lang='lat' dir='ltr'>est</span> <span class='ocrx_word' id='word_1_59' title='bbox 668 748 845 793; x_wconf 88' lang='lat' dir='ltr'>vespera</span> <span class='ocrx_word' id='word_1_60' title='bbox 860 768 872 789; x_wconf 90' lang='lat'>‚</span> <span class='ocrx_word' id='word_1_61' title='bbox 897 742 941 778; x_wconf 89' lang='grc'>61</span> <span class='ocrx_word' id='word_1_62' title='bbox 965 732 1131 779; x_wconf 85' lang='lat' dir='ltr'>factum</span> <span class='ocrx_word' id='word_1_63' title='bbox 1153 743 1218 780; x_wconf 89' lang='lat' dir='ltr'>est</span> <span class='ocrx_word' id='word_1_64' title='bbox 1240 750 1368 781; x_wconf 86' lang='lat' dir='ltr'>mane</span> <span class='ocrx_word' id='word_1_65' title='bbox 1389 735 1479 780; x_wconf 89' lang='lat' dir='ltr'>dies</span> 
     </span>
     <span class='ocr_line' id='line_1_10' title="bbox 91 804 1480 865; baseline 0.003 -18"><span class='ocrx_word' id='word_1_66' title='bbox 91 823 114 847; x_wconf 87' lang='lat'>»</span> <span class='ocrx_word' id='word_1_67' title='bbox 138 807 298 850; x_wconf 79' lang='lat' dir='ltr'>unus1.</span> <span class='ocrx_word' id='word_1_68' title='bbox 323 824 341 848; x_wconf 86' lang='lat'>»</span> <span class='ocrx_word' id='word_1_69' title='bbox 368 808 424 849; x_wconf 86' lang='lat' dir='ltr'>Et</span> <span class='ocrx_word' id='word_1_70' title='bbox 441 805 544 849; x_wconf 90' lang='lat' dir='ltr'>hinc</span> <span class='ocrx_word' id='word_1_71' title='bbox 564 805 888 849; x_wconf 82' lang='lat' dir='ltr'>calumniantur</span> <span class='ocrx_word' id='word_1_72' title='bbox 909 804 1167 860; x_wconf 83' lang='lat' dir='ltr'>Manichaei,</span> <span class='ocrx_word' id='word_1_73' title='bbox 1193 805 1298 850; x_wconf 90' lang='lat' dir='ltr'>dum</span> <span class='ocrx_word' id='word_1_74' title='bbox 1322 815 1480 865; x_wconf 86' lang='lat' dir='ltr'>putant</span> 
     </span>
     <span class='ocr_line' id='line_1_11' title="bbox 87 873 1477 935; baseline 0 -15"><span class='ocrx_word' id='word_1_75' title='bbox 87 876 148 920; x_wconf 87' lang='lat' dir='ltr'>ita</span> <span class='ocrx_word' id='word_1_76' title='bbox 169 875 335 920; x_wconf 89' lang='lat' dir='ltr'>dictum</span> <span class='ocrx_word' id='word_1_77' title='bbox 354 890 443 919; x_wconf 90' lang='lat' dir='ltr'>esse</span> <span class='ocrx_word' id='word_1_78' title='bbox 459 910 470 930; x_wconf 87' lang='lat'>‚</span> <span class='ocrx_word' id='word_1_79' title='bbox 494 876 616 935; x_wconf 88' lang='lat' dir='ltr'>quasi</span> <span class='ocrx_word' id='word_1_80' title='bbox 639 890 662 919; x_wconf 90' lang='lat' dir='ltr'>a</span> <span class='ocrx_word' id='word_1_81' title='bbox 683 890 864 929; x_wconf 84' lang='lat' dir='ltr'>vespera</span> <span class='ocrx_word' id='word_1_82' title='bbox 884 873 975 917; x_wconf 88' lang='lat' dir='ltr'>dies</span> <span class='ocrx_word' id='word_1_83' title='bbox 999 875 1197 927; x_wconf 73' lang='lat' dir='ltr'>eoeperit.</span> <span class='ocrx_word' id='word_1_84' title='bbox 1223 878 1322 919; x_wconf 87' lang='lat' dir='ltr'>Non</span> <span class='ocrx_word' id='word_1_85' title='bbox 1342 875 1477 919; x_wconf 87' lang='lat' dir='ltr'>intel-</span> 
     </span>
     <span class='ocr_line' id='line_1_12' title="bbox 87 938 1478 1003; baseline 0.001 -15"><span class='ocrx_word' id='word_1_86' title='bbox 87 945 229 1002; x_wconf 86' lang='lat' dir='ltr'>ligunt</span> <span class='ocrx_word' id='word_1_87' title='bbox 251 947 546 1003; x_wconf 82' lang='lat' dir='ltr'>operationem</span> <span class='ocrx_word' id='word_1_88' title='bbox 564 941 680 984; x_wconf 88' lang='lat' dir='ltr'>illam</span> <span class='ocrx_word' id='word_1_89' title='bbox 699 956 785 1000; x_wconf 84' lang='lat' dir='ltr'>qua</span> <span class='ocrx_word' id='word_1_90' title='bbox 806 939 883 983; x_wconf 76' lang='lat' dir='ltr'>lux</span> <span class='ocrx_word' id='word_1_91' title='bbox 899 938 1012 983; x_wconf 86' lang='lat' dir='ltr'>facta</span> <span class='ocrx_word' id='word_1_92' title='bbox 1027 949 1091 984; x_wconf 88' lang='lat' dir='ltr'>est</span> <span class='ocrx_word' id='word_1_93' title='bbox 1105 974 1116 995; x_wconf 90' lang='lat'>,</span> <span class='ocrx_word' id='word_1_94' title='bbox 1142 949 1186 984; x_wconf 90' lang='lat' dir='ltr'>et</span> <span class='ocrx_word' id='word_1_95' title='bbox 1208 940 1394 986; x_wconf 88' lang='lat' dir='ltr'>divisum</span> <span class='ocrx_word' id='word_1_96' title='bbox 1414 956 1478 991; x_wconf 87' lang='lat' dir='ltr'>est</span> 
     </span>
    </p>
   </div>
   <div class='ocr_carea' id='block_1_4' title="bbox 81 1010 1478 2623">
    <p class='ocr_par' dir='ltr' id='par_1_5' title="bbox 85 1010 1478 1836">
     <span class='ocr_line' id='line_1_13' title="bbox 87 1010 1477 1067; baseline 0.001 -8"><span class='ocrx_word' id='word_1_97' title='bbox 87 1016 202 1059; x_wconf 89' lang='lat' dir='ltr'>inter</span> <span class='ocrx_word' id='word_1_98' title='bbox 218 1014 360 1058; x_wconf 89' lang='lat' dir='ltr'>lucem</span> <span class='ocrx_word' id='word_1_99' title='bbox 383 1023 426 1058; x_wconf 92' lang='lat' dir='ltr'>et</span> <span class='ocrx_word' id='word_1_100' title='bbox 443 1013 642 1057; x_wconf 82' lang='lat' dir='ltr'>tenebras</span> <span class='ocrx_word' id='word_1_101' title='bbox 658 1046 670 1066; x_wconf 87' lang='lat'>‚</span> <span class='ocrx_word' id='word_1_102' title='bbox 692 1021 735 1056; x_wconf 87' lang='lat' dir='ltr'>et</span> <span class='ocrx_word' id='word_1_103' title='bbox 751 1020 902 1055; x_wconf 86' lang='lat' dir='ltr'>vocata</span> <span class='ocrx_word' id='word_1_104' title='bbox 919 1020 982 1055; x_wconf 92' lang='lat' dir='ltr'>est</span> <span class='ocrx_word' id='word_1_105' title='bbox 995 1010 1072 1055; x_wconf 84' lang='lat' dir='ltr'>lux</span> <span class='ocrx_word' id='word_1_106' title='bbox 1089 1010 1179 1055; x_wconf 91' lang='lat' dir='ltr'>dies</span> <span class='ocrx_word' id='word_1_107' title='bbox 1191 1047 1202 1067; x_wconf 93' lang='lat'>,</span> <span class='ocrx_word' id='word_1_108' title='bbox 1223 1021 1266 1057; x_wconf 90' lang='lat' dir='ltr'>et</span> <span class='ocrx_word' id='word_1_109' title='bbox 1282 1015 1477 1060; x_wconf 85' lang='lat' dir='ltr'>tenebrae</span> 
     </span>
     <span class='ocr_line' id='line_1_14' title="bbox 87 1082 1478 1143; baseline 0.001 -13"><span class='ocrx_word' id='word_1_110' title='bbox 87 1101 174 1131; x_wconf 84' lang='lat' dir='ltr'>nox</span> <span class='ocrx_word' id='word_1_111' title='bbox 202 1106 213 1143; x_wconf 79' lang='lat'>3</span> <span class='ocrx_word' id='word_1_112' title='bbox 246 1085 359 1128; x_wconf 91' lang='lat' dir='ltr'>hanc</span> <span class='ocrx_word' id='word_1_113' title='bbox 393 1099 493 1142; x_wconf 84' lang='lat' dir='ltr'>ergo</span> <span class='ocrx_word' id='word_1_114' title='bbox 522 1092 658 1128; x_wconf 86' lang='lat' dir='ltr'>totam</span> <span class='ocrx_word' id='word_1_115' title='bbox 693 1082 986 1142; x_wconf 88' lang='lat' dir='ltr'>operationem</span> <span class='ocrx_word' id='word_1_116' title='bbox 1019 1097 1109 1126; x_wconf 89' lang='lat' dir='ltr'>non</span> <span class='ocrx_word' id='word_1_117' title='bbox 1140 1082 1394 1143; x_wconf 84' lang='lat' dir='ltr'>intelligunt</span> <span class='ocrx_word' id='word_1_118' title='bbox 1423 1086 1478 1131; x_wconf 90' lang='lat' dir='ltr'>ad</span> 
     </span>
     <span class='ocr_line' id='line_1_15' title="bbox 88 1155 1476 1216; baseline 0 -15"><span class='ocrx_word' id='word_1_119' title='bbox 88 1157 204 1202; x_wconf 89' lang='lat' dir='ltr'>diem</span> <span class='ocrx_word' id='word_1_120' title='bbox 233 1156 451 1215; x_wconf 86' lang='lat' dir='ltr'>pertinere</span> <span class='ocrx_word' id='word_1_121' title='bbox 478 1174 487 1199; x_wconf 75' lang='grc' dir='ltr'>ε</span> <span class='ocrx_word' id='word_1_122' title='bbox 513 1155 743 1214; x_wconf 87' lang='lat' dir='ltr'>posthanc</span> <span class='ocrx_word' id='word_1_123' title='bbox 772 1163 916 1198; x_wconf 85' lang='lat' dir='ltr'>autem</span> <span class='ocrx_word' id='word_1_124' title='bbox 943 1155 1237 1213; x_wconf 84' lang='lat' dir='ltr'>operationem</span> <span class='ocrx_word' id='word_1_125' title='bbox 1266 1165 1476 1216; x_wconf 87' lang='lat' dir='ltr'>tanquam</span> 
     </span>
     <span class='ocr_line' id='line_1_16' title="bbox 86 1224 1478 1285; baseline 0.001 -13"><span class='ocrx_word' id='word_1_126' title='bbox 86 1227 211 1272; x_wconf 87' lang='lat' dir='ltr'>finito</span> <span class='ocrx_word' id='word_1_127' title='bbox 232 1226 302 1270; x_wconf 91' lang='lat' dir='ltr'>die</span> <span class='ocrx_word' id='word_1_128' title='bbox 332 1225 446 1270; x_wconf 84' lang='lat' dir='ltr'>facta</span> <span class='ocrx_word' id='word_1_129' title='bbox 469 1235 532 1269; x_wconf 82' lang='lat' dir='ltr'>est</span> <span class='ocrx_word' id='word_1_130' title='bbox 558 1240 750 1285; x_wconf 84' lang='lat' dir='ltr'>vespera.</span> <span class='ocrx_word' id='word_1_131' title='bbox 781 1224 864 1270; x_wconf 86' lang='lat' dir='ltr'>Sed</span> <span class='ocrx_word' id='word_1_132' title='bbox 893 1225 995 1285; x_wconf 88' lang='lat' dir='ltr'>quia</span> <span class='ocrx_word' id='word_1_133' title='bbox 1017 1227 1145 1269; x_wconf 85' lang='lat' dir='ltr'>etiam</span> <span class='ocrx_word' id='word_1_134' title='bbox 1168 1242 1256 1271; x_wconf 80' lang='lat' dir='ltr'>nox</span> <span class='ocrx_word' id='word_1_135' title='bbox 1279 1227 1331 1271; x_wconf 90' lang='lat' dir='ltr'>ad</span> <span class='ocrx_word' id='word_1_136' title='bbox 1362 1229 1478 1273; x_wconf 91' lang='lat' dir='ltr'>diem</span> 
     </span>
     <span class='ocr_line' id='line_1_17' title="bbox 86 1294 1477 1356; baseline 0.001 -15"><span class='ocrx_word' id='word_1_137' title='bbox 86 1312 212 1341; x_wconf 91' lang='lat' dir='ltr'>suum</span> <span class='ocrx_word' id='word_1_138' title='bbox 235 1296 424 1356; x_wconf 88' lang='lat' dir='ltr'>pertinet</span> <span class='ocrx_word' id='word_1_139' title='bbox 441 1330 453 1351; x_wconf 90' lang='lat'>‚</span> <span class='ocrx_word' id='word_1_140' title='bbox 478 1311 567 1340; x_wconf 93' lang='lat' dir='ltr'>non</span> <span class='ocrx_word' id='word_1_141' title='bbox 585 1295 744 1339; x_wconf 90' lang='lat' dir='ltr'>dicitur</span> <span class='ocrx_word' id='word_1_142' title='bbox 761 1296 960 1339; x_wconf 88' lang='lat' dir='ltr'>transisse</span> <span class='ocrx_word' id='word_1_143' title='bbox 975 1294 1064 1339; x_wconf 90' lang='lat' dir='ltr'>dies</span> <span class='ocrx_word' id='word_1_144' title='bbox 1084 1311 1196 1340; x_wconf 89' lang='lat' dir='ltr'>unus</span> <span class='ocrx_word' id='word_1_145' title='bbox 1213 1331 1225 1350; x_wconf 82' lang='lat'>‚</span> <span class='ocrx_word' id='word_1_146' title='bbox 1250 1297 1330 1340; x_wconf 88' lang='lat' dir='ltr'>nisi</span> <span class='ocrx_word' id='word_1_147' title='bbox 1347 1298 1477 1343; x_wconf 88' lang='lat' dir='ltr'>etiam</span> 
     </span>
     <span class='ocr_line' id='line_1_18' title="bbox 88 1367 1476 1428; baseline 0.001 -15"><span class='ocrx_word' id='word_1_148' title='bbox 88 1379 216 1413; x_wconf 87' lang='lat' dir='ltr'>nocte</span> <span class='ocrx_word' id='word_1_149' title='bbox 247 1376 461 1412; x_wconf 88' lang='lat' dir='ltr'>transacta</span> <span class='ocrx_word' id='word_1_150' title='bbox 484 1382 585 1411; x_wconf 90' lang='lat' dir='ltr'>cum</span> <span class='ocrx_word' id='word_1_151' title='bbox 607 1367 774 1411; x_wconf 84' lang='lat' dir='ltr'>factum</span> <span class='ocrx_word' id='word_1_152' title='bbox 797 1376 860 1411; x_wconf 90' lang='lat' dir='ltr'>est</span> <span class='ocrx_word' id='word_1_153' title='bbox 882 1382 1008 1411; x_wconf 90' lang='lat' dir='ltr'>mane</span> <span class='ocrx_word' id='word_1_154' title='bbox 1031 1386 1040 1412; x_wconf 73' lang='grc' dir='ltr'><strong><em>ι</em></strong></span> <span class='ocrx_word' id='word_1_155' title='bbox 1066 1368 1126 1412; x_wconf 93' lang='lat' dir='ltr'>sic</span> <span class='ocrx_word' id='word_1_156' title='bbox 1149 1367 1353 1428; x_wconf 80' lang='lat' dir='ltr'>deinceps</span> <span class='ocrx_word' id='word_1_157' title='bbox 1376 1371 1476 1414; x_wconf 88' lang='lat' dir='ltr'>reli-</span> 
     </span>
     <span class='ocr_line' id='line_1_19' title="bbox 87 1439 1475 1500; baseline 0.003 -18"><span class='ocrx_word' id='word_1_158' title='bbox 87 1440 163 1500; x_wconf 90' lang='lat' dir='ltr'>qui</span> <span class='ocrx_word' id='word_1_159' title='bbox 186 1439 275 1483; x_wconf 89' lang='lat' dir='ltr'>dies</span> <span class='ocrx_word' id='word_1_160' title='bbox 297 1447 609 1498; x_wconf 90' lang='lat' dir='ltr'>computantur</span> <span class='ocrx_word' id='word_1_161' title='bbox 633 1453 656 1482; x_wconf 90' lang='lat' dir='ltr'>a</span> <span class='ocrx_word' id='word_1_162' title='bbox 675 1453 801 1482; x_wconf 88' lang='lat' dir='ltr'>mane</span> <span class='ocrx_word' id='word_1_163' title='bbox 822 1454 960 1498; x_wconf 88' lang='lat' dir='ltr'>usque</span> <span class='ocrx_word' id='word_1_164' title='bbox 980 1439 1027 1482; x_wconf 93' lang='lat' dir='ltr'>in</span> <span class='ocrx_word' id='word_1_165' title='bbox 1050 1454 1191 1484; x_wconf 88' lang='lat' dir='ltr'>mane.</span> <span class='ocrx_word' id='word_1_166' title='bbox 1212 1442 1339 1486; x_wconf 91' lang='lat' dir='ltr'>Nunc</span> <span class='ocrx_word' id='word_1_167' title='bbox 1357 1441 1475 1485; x_wconf 89' lang='grc'><strong>6111111</strong></span> 
     </span>
     <span class='ocr_line' id='line_1_20' title="bbox 87 1510 1476 1572; baseline 0.001 -17"><span class='ocrx_word' id='word_1_168' title='bbox 87 1525 188 1555; x_wconf 90' lang='lat' dir='ltr'>cum</span> <span class='ocrx_word' id='word_1_169' title='bbox 205 1510 371 1555; x_wconf 85' lang='lat' dir='ltr'>factum</span> <span class='ocrx_word' id='word_1_170' title='bbox 389 1520 452 1554; x_wconf 89' lang='lat' dir='ltr'>est</span> <span class='ocrx_word' id='word_1_171' title='bbox 473 1525 622 1564; x_wconf 83' lang='lat' dir='ltr'>mane,</span> <span class='ocrx_word' id='word_1_172' title='bbox 645 1518 688 1553; x_wconf 90' lang='grc'>61</span> <span class='ocrx_word' id='word_1_173' title='bbox 710 1518 950 1554; x_wconf 84' lang='lat' dir='ltr'>transactus</span> <span class='ocrx_word' id='word_1_174' title='bbox 969 1519 1031 1554; x_wconf 85' lang='lat' dir='ltr'>est</span> <span class='ocrx_word' id='word_1_175' title='bbox 1049 1525 1162 1554; x_wconf 89' lang='lat' dir='ltr'>unus</span> <span class='ocrx_word' id='word_1_176' title='bbox 1180 1510 1270 1555; x_wconf 91' lang='lat' dir='ltr'>dies</span> <span class='ocrx_word' id='word_1_177' title='bbox 1288 1543 1299 1563; x_wconf 96' lang='lat'>,</span> <span class='ocrx_word' id='word_1_178' title='bbox 1323 1512 1476 1572; x_wconf 87' lang='lat' dir='ltr'>incipit</span> 
     </span>
     <span class='ocr_line' id='line_1_21' title="bbox 87 1581 1476 1642; baseline 0.001 -17"><span class='ocrx_word' id='word_1_179' title='bbox 87 1582 283 1640; x_wconf 86' lang='lat' dir='ltr'>operatio</span> <span class='ocrx_word' id='word_1_180' title='bbox 300 1616 311 1636; x_wconf 96' lang='lat'>,</span> <span class='ocrx_word' id='word_1_181' title='bbox 346 1596 445 1641; x_wconf 89' lang='lat' dir='ltr'>quae</span> <span class='ocrx_word' id='word_1_182' title='bbox 480 1581 678 1640; x_wconf 86' lang='lat' dir='ltr'>sequitur</span> <span class='ocrx_word' id='word_1_183' title='bbox 711 1581 766 1624; x_wconf 88' lang='lat' dir='ltr'>ab</span> <span class='ocrx_word' id='word_1_184' title='bbox 797 1581 889 1640; x_wconf 91' lang='lat' dir='ltr'>ipso</span> <span class='ocrx_word' id='word_1_185' title='bbox 910 1596 1038 1624; x_wconf 87' lang='grc'><strong>1113116</strong></span> <span class='ocrx_word' id='word_1_186' title='bbox 1060 1581 1180 1640; x_wconf 88' lang='lat' dir='ltr'>quod</span> <span class='ocrx_word' id='word_1_187' title='bbox 1197 1583 1286 1642; x_wconf 88' lang='lat' dir='ltr'>jam</span> <span class='ocrx_word' id='word_1_188' title='bbox 1311 1581 1476 1627; x_wconf 88' lang='lat' dir='ltr'>factum</span> 
     </span>
     <span class='ocr_line' id='line_1_22' title="bbox 86 1651 1473 1711; baseline 0.001 -15"><span class='ocrx_word' id='word_1_189' title='bbox 86 1660 150 1696; x_wconf 87' lang='lat' dir='ltr'>est</span> <span class='ocrx_word' id='word_1_190' title='bbox 166 1686 177 1706; x_wconf 89' lang='lat'>‚</span> <span class='ocrx_word' id='word_1_191' title='bbox 204 1660 248 1695; x_wconf 87' lang='lat' dir='ltr'>et</span> <span class='ocrx_word' id='word_1_192' title='bbox 270 1661 364 1710; x_wconf 88' lang='lat' dir='ltr'>post</span> <span class='ocrx_word' id='word_1_193' title='bbox 382 1652 518 1711; x_wconf 86' lang='lat' dir='ltr'>ipsam</span> <span class='ocrx_word' id='word_1_194' title='bbox 536 1651 831 1710; x_wconf 88' lang='lat' dir='ltr'>operationem</span> <span class='ocrx_word' id='word_1_195' title='bbox 854 1652 904 1696; x_wconf 83' lang='lat' dir='ltr'>fit</span> <span class='ocrx_word' id='word_1_196' title='bbox 924 1667 1101 1711; x_wconf 86' lang='lat' dir='ltr'>vespera</span> <span class='ocrx_word' id='word_1_197' title='bbox 1116 1687 1127 1707; x_wconf 88' lang='lat'>,</span> <span class='ocrx_word' id='word_1_198' title='bbox 1152 1651 1311 1697; x_wconf 87' lang='lat' dir='ltr'>deinde</span> <span class='ocrx_word' id='word_1_199' title='bbox 1328 1669 1473 1710; x_wconf 89' lang='lat' dir='ltr'>mane,</span> 
     </span>
     <span class='ocr_line' id='line_1_23' title="bbox 86 1721 1477 1782; baseline 0.002 -16"><span class='ocrx_word' id='word_1_200' title='bbox 86 1730 129 1766; x_wconf 86' lang='lat' dir='ltr'>et</span> <span class='ocrx_word' id='word_1_201' title='bbox 154 1722 309 1766; x_wconf 89' lang='lat' dir='ltr'>transit</span> <span class='ocrx_word' id='word_1_202' title='bbox 334 1721 444 1765; x_wconf 89' lang='lat' dir='ltr'>alter</span> <span class='ocrx_word' id='word_1_203' title='bbox 471 1722 562 1766; x_wconf 90' lang='lat' dir='ltr'>dies</span> <span class='ocrx_word' id='word_1_204' title='bbox 581 1740 590 1767; x_wconf 92' lang='lat'>:</span> <span class='ocrx_word' id='word_1_205' title='bbox 611 1731 743 1782; x_wconf 88' lang='lat' dir='ltr'>atque</span> <span class='ocrx_word' id='word_1_206' title='bbox 764 1723 822 1767; x_wconf 87' lang='lat' dir='ltr'>ita</span> <span class='ocrx_word' id='word_1_207' title='bbox 839 1721 1044 1782; x_wconf 87' lang='lat' dir='ltr'>deinceps</span> <span class='ocrx_word' id='word_1_208' title='bbox 1062 1724 1209 1769; x_wconf 86' lang='lat' dir='ltr'>caeteri</span> <span class='ocrx_word' id='word_1_209' title='bbox 1230 1723 1322 1770; x_wconf 89' lang='lat' dir='ltr'>dies</span> <span class='ocrx_word' id='word_1_210' title='bbox 1343 1733 1477 1770; x_wconf 83' lang='lat' dir='ltr'>trans-</span> 
     </span>
     <span class='ocr_line' id='line_1_24' title="bbox 85 1800 662 1836; baseline 0.002 -1"><span class='ocrx_word' id='word_1_211' title='bbox 85 1800 206 1836; x_wconf 89' lang='lat' dir='ltr'>eunt.</span> <span class='ocrx_word' id='word_1_212' title='bbox 660 1823 662 1825; x_wconf 77' lang='lat'>.</span> 
     </span>
    </p>

    <p class='ocr_par' dir='ltr' id='par_1_6' title="bbox 81 1861 1475 2558">
     <span class='ocr_line' id='line_1_25' title="bbox 143 1861 1475 1910; baseline 0.004 -5"><span class='ocrx_word' id='word_1_213' title='bbox 143 1863 286 1905; x_wconf 89' lang='lat' dir='ltr'>XVII.</span> <span class='ocrx_word' id='word_1_214' title='bbox 316 1879 336 1904; x_wconf 89' lang='lat'>«</span> <span class='ocrx_word' id='word_1_215' title='bbox 360 1862 418 1905; x_wconf 90' lang='lat' dir='ltr'>Et</span> <span class='ocrx_word' id='word_1_216' title='bbox 449 1861 557 1905; x_wconf 85' lang='lat' dir='ltr'>dixit</span> <span class='ocrx_word' id='word_1_217' title='bbox 579 1863 694 1906; x_wconf 88' lang='lat' dir='ltr'>Deus</span> <span class='ocrx_word' id='word_1_218' title='bbox 726 1880 736 1907; x_wconf 88' lang='lat'>:</span> <span class='ocrx_word' id='word_1_219' title='bbox 765 1862 863 1907; x_wconf 86' lang='lat' dir='ltr'>Fiat</span> <span class='ocrx_word' id='word_1_220' title='bbox 893 1863 1218 1909; x_wconf 87' lang='lat' dir='ltr'>firmamentum</span> <span class='ocrx_word' id='word_1_221' title='bbox 1255 1863 1302 1909; x_wconf 92' lang='grc'>111</span> <span class='ocrx_word' id='word_1_222' title='bbox 1329 1864 1475 1910; x_wconf 82' lang='grc'><strong>11161110</strong></span> 
     </span>
     <span class='ocr_line' id='line_1_26' title="bbox 88 1931 1475 1995; baseline 0.005 -21"><span class='ocrx_word' id='word_1_223' title='bbox 88 1950 110 1974; x_wconf 93' lang='grc'>))</span> <span class='ocrx_word' id='word_1_224' title='bbox 137 1948 262 1992; x_wconf 86' lang='lat' dir='ltr'>aquae</span> <span class='ocrx_word' id='word_1_225' title='bbox 280 1967 291 1987; x_wconf 89' lang='lat'>,</span> <span class='ocrx_word' id='word_1_226' title='bbox 313 1942 356 1977; x_wconf 90' lang='grc'>61</span> <span class='ocrx_word' id='word_1_227' title='bbox 377 1933 431 1977; x_wconf 87' lang='lat' dir='ltr'>sit</span> <span class='ocrx_word' id='word_1_228' title='bbox 452 1931 605 1978; x_wconf 89' lang='lat' dir='ltr'>divisio</span> <span class='ocrx_word' id='word_1_229' title='bbox 635 1933 749 1977; x_wconf 87' lang='lat' dir='ltr'>inter</span> <span class='ocrx_word' id='word_1_230' title='bbox 774 1948 931 1993; x_wconf 87' lang='lat' dir='ltr'>aquam</span> <span class='ocrx_word' id='word_1_231' title='bbox 955 1942 999 1978; x_wconf 89' lang='grc'>61</span> <span class='ocrx_word' id='word_1_232' title='bbox 1021 1950 1177 1995; x_wconf 90' lang='lat' dir='ltr'>aquam</span> <span class='ocrx_word' id='word_1_233' title='bbox 1197 1956 1209 1994; x_wconf 79' lang='lat'><em>3</em></span> <span class='ocrx_word' id='word_1_234' title='bbox 1234 1944 1278 1980; x_wconf 90' lang='grc'>61</span> <span class='ocrx_word' id='word_1_235' title='bbox 1302 1937 1362 1981; x_wconf 93' lang='lat' dir='ltr'>sic</span> <span class='ocrx_word' id='word_1_236' title='bbox 1384 1935 1475 1980; x_wconf 88' lang='lat' dir='ltr'>fac-</span> 
     </span>
     <span class='ocr_line' id='line_1_27' title="bbox 88 2002 1474 2062; baseline 0.004 -16"><span class='ocrx_word' id='word_1_237' title='bbox 88 2020 110 2045; x_wconf 80' lang='grc'>»</span> <span class='ocrx_word' id='word_1_238' title='bbox 134 2012 229 2047; x_wconf 85' lang='grc'><strong>111111</strong></span> <span class='ocrx_word' id='word_1_239' title='bbox 261 2011 340 2047; x_wconf 90' lang='lat' dir='ltr'>est.</span> <span class='ocrx_word' id='word_1_240' title='bbox 376 2005 433 2048; x_wconf 90' lang='lat' dir='ltr'>Et</span> <span class='ocrx_word' id='word_1_241' title='bbox 464 2002 568 2048; x_wconf 87' lang='lat' dir='ltr'>fecit</span> <span class='ocrx_word' id='word_1_242' title='bbox 597 2007 713 2048; x_wconf 92' lang='lat' dir='ltr'>Deus</span> <span class='ocrx_word' id='word_1_243' title='bbox 738 2005 1062 2050; x_wconf 85' lang='lat' dir='ltr'>firmamentum</span> <span class='ocrx_word' id='word_1_244' title='bbox 1079 2041 1090 2062; x_wconf 88' lang='lat'>‚</span> <span class='ocrx_word' id='word_1_245' title='bbox 1116 2017 1159 2051; x_wconf 86' lang='lat' dir='ltr'>et</span> <span class='ocrx_word' id='word_1_246' title='bbox 1187 2007 1332 2052; x_wconf 87' lang='lat' dir='ltr'>divisit</span> <span class='ocrx_word' id='word_1_247' title='bbox 1361 2011 1474 2052; x_wconf 92' lang='lat' dir='ltr'>Deus</span> 
     </span>
     <span class='ocr_line' id='line_1_28' title="bbox 90 2073 1474 2139; baseline 0.005 -22"><span class='ocrx_word' id='word_1_248' title='bbox 90 2093 109 2116; x_wconf 74' lang='grc'>1)</span> <span class='ocrx_word' id='word_1_249' title='bbox 134 2073 248 2118; x_wconf 89' lang='lat' dir='ltr'>inter</span> <span class='ocrx_word' id='word_1_250' title='bbox 262 2089 418 2134; x_wconf 90' lang='lat' dir='ltr'>aquam</span> <span class='ocrx_word' id='word_1_251' title='bbox 437 2091 536 2135; x_wconf 87' lang='lat' dir='ltr'>quae</span> <span class='ocrx_word' id='word_1_252' title='bbox 550 2085 614 2120; x_wconf 90' lang='lat' dir='ltr'>est</span> <span class='ocrx_word' id='word_1_253' title='bbox 627 2091 756 2135; x_wconf 87' lang='lat' dir='ltr'>super</span> <span class='ocrx_word' id='word_1_254' title='bbox 771 2077 1113 2132; x_wconf 88' lang='lat' dir='ltr'>firmamentum,</span> <span class='ocrx_word' id='word_1_255' title='bbox 1134 2088 1176 2123; x_wconf 86' lang='lat' dir='ltr'>et</span> <span class='ocrx_word' id='word_1_256' title='bbox 1190 2079 1303 2123; x_wconf 86' lang='lat' dir='ltr'>inter</span> <span class='ocrx_word' id='word_1_257' title='bbox 1316 2095 1474 2139; x_wconf 88' lang='lat' dir='ltr'>aquam</span> 
     </span>
     <span class='ocr_line' id='line_1_29' title="bbox 90 2145 1470 2204; baseline 0.004 -17"><span class='ocrx_word' id='word_1_258' title='bbox 90 2163 109 2186; x_wconf 91' lang='lat'>»</span> <span class='ocrx_word' id='word_1_259' title='bbox 133 2161 233 2204; x_wconf 87' lang='lat' dir='ltr'>quae</span> <span class='ocrx_word' id='word_1_260' title='bbox 255 2154 319 2189; x_wconf 88' lang='lat' dir='ltr'>est</span> <span class='ocrx_word' id='word_1_261' title='bbox 339 2145 422 2189; x_wconf 91' lang='lat' dir='ltr'>sub</span> <span class='ocrx_word' id='word_1_262' title='bbox 445 2146 738 2203; x_wconf 85' lang='lat' dir='ltr'>firmamento,</span> <span class='ocrx_word' id='word_1_263' title='bbox 751 2157 795 2193; x_wconf 92' lang='grc'>61</span> <span class='ocrx_word' id='word_1_264' title='bbox 811 2148 983 2194; x_wconf 88' lang='lat' dir='ltr'>vocavit</span> <span class='ocrx_word' id='word_1_265' title='bbox 1001 2152 1113 2194; x_wconf 90' lang='lat' dir='ltr'>Deus</span> <span class='ocrx_word' id='word_1_266' title='bbox 1130 2150 1470 2204; x_wconf 86' lang='lat' dir='ltr'>firmamentum,</span> 
     </span>
     <span class='ocr_line' id='line_1_30' title="bbox 87 2215 1474 2278; baseline 0.006 -22"><span class='ocrx_word' id='word_1_267' title='bbox 87 2231 108 2256; x_wconf 86' lang='lat'>»</span> <span class='ocrx_word' id='word_1_268' title='bbox 133 2215 306 2260; x_wconf 87' lang='lat' dir='ltr'>Coelum</span> <span class='ocrx_word' id='word_1_269' title='bbox 330 2235 339 2260; x_wconf 74' lang='grc' dir='ltr'><strong><em>ι</em></strong></span> <span class='ocrx_word' id='word_1_270' title='bbox 360 2225 402 2260; x_wconf 89' lang='grc'>61</span> <span class='ocrx_word' id='word_1_271' title='bbox 419 2215 529 2260; x_wconf 87' lang='lat' dir='ltr'>vidit</span> <span class='ocrx_word' id='word_1_272' title='bbox 551 2220 665 2262; x_wconf 86' lang='lat' dir='ltr'>Deus</span> <span class='ocrx_word' id='word_1_273' title='bbox 682 2219 783 2278; x_wconf 89' lang='lat' dir='ltr'>quia</span> <span class='ocrx_word' id='word_1_274' title='bbox 800 2219 966 2264; x_wconf 87' lang='lat' dir='ltr'>bonum</span> <span class='ocrx_word' id='word_1_275' title='bbox 984 2229 1048 2265; x_wconf 85' lang='lat' dir='ltr'>est</span> <span class='ocrx_word' id='word_1_276' title='bbox 1061 2222 1092 2264; x_wconf 80' lang='lat'>².</span> <span class='ocrx_word' id='word_1_277' title='bbox 1113 2240 1133 2262; x_wconf 92' lang='grc'>))</span> <span class='ocrx_word' id='word_1_278' title='bbox 1156 2223 1257 2266; x_wconf 84' lang='lat' dir='ltr'>Haec</span> <span class='ocrx_word' id='word_1_279' title='bbox 1274 2237 1362 2265; x_wconf 92' lang='lat' dir='ltr'>non</span> <span class='ocrx_word' id='word_1_280' title='bbox 1382 2235 1474 2264; x_wconf 89' lang='lat' dir='ltr'>me·</span> 
     </span>
     <span class='ocr_line' id='line_1_31' title="bbox 82 2285 1470 2351; baseline 0.006 -23"><span class='ocrx_word' id='word_1_281' title='bbox 82 2285 190 2328; x_wconf 92' lang='lat' dir='ltr'>mini</span> <span class='ocrx_word' id='word_1_282' title='bbox 210 2287 474 2331; x_wconf 86' lang='lat' dir='ltr'>Manichaeos</span> <span class='ocrx_word' id='word_1_283' title='bbox 497 2287 814 2346; x_wconf 88' lang='lat' dir='ltr'>reprehendere</span> <span class='ocrx_word' id='word_1_284' title='bbox 834 2290 999 2337; x_wconf 86' lang='lat' dir='ltr'>solere:</span> <span class='ocrx_word' id='word_1_285' title='bbox 1019 2300 1165 2335; x_wconf 86' lang='lat' dir='ltr'>tamen</span> <span class='ocrx_word' id='word_1_286' title='bbox 1184 2291 1302 2351; x_wconf 92' lang='lat' dir='ltr'>quod</span> <span class='ocrx_word' id='word_1_287' title='bbox 1321 2289 1470 2334; x_wconf 85' lang='lat' dir='ltr'>divisae</span> 
     </span>
     <span class='ocr_line' id='line_1_32' title="bbox 83 2356 1471 2419; baseline 0.004 -20"><span class='ocrx_word' id='word_1_288' title='bbox 83 2364 185 2400; x_wconf 92' lang='lat' dir='ltr'>sunt</span> <span class='ocrx_word' id='word_1_289' title='bbox 202 2372 325 2416; x_wconf 85' lang='lat' dir='ltr'>aquae</span> <span class='ocrx_word' id='word_1_290' title='bbox 343 2366 393 2402; x_wconf 89' lang='lat' dir='ltr'>ut</span> <span class='ocrx_word' id='word_1_291' title='bbox 415 2356 509 2402; x_wconf 78' lang='lat' dir='ltr'>aliae</span> <span class='ocrx_word' id='word_1_292' title='bbox 530 2367 671 2403; x_wconf 86' lang='lat' dir='ltr'>essent</span> <span class='ocrx_word' id='word_1_293' title='bbox 690 2375 819 2419; x_wconf 89' lang='lat' dir='ltr'>super</span> <span class='ocrx_word' id='word_1_294' title='bbox 842 2361 1164 2406; x_wconf 82' lang='lat' dir='ltr'>firmamentum</span> <span class='ocrx_word' id='word_1_295' title='bbox 1181 2397 1190 2413; x_wconf 84' lang='lat'>‚</span> <span class='ocrx_word' id='word_1_296' title='bbox 1211 2367 1253 2402; x_wconf 81' lang='lat' dir='ltr'>et</span> <span class='ocrx_word' id='word_1_297' title='bbox 1272 2357 1366 2402; x_wconf 86' lang='grc'><strong>31136</strong></span> <span class='ocrx_word' id='word_1_298' title='bbox 1384 2359 1471 2404; x_wconf 91' lang='lat' dir='ltr'>sub</span> 
     </span>
     <span class='ocr_line' id='line_1_33' title="bbox 82 2425 1465 2488; baseline 0.003 -18"><span class='ocrx_word' id='word_1_299' title='bbox 82 2425 355 2472; x_wconf 88' lang='lat' dir='ltr'>firmamento</span> <span class='ocrx_word' id='word_1_300' title='bbox 371 2462 383 2483; x_wconf 87' lang='lat'>‚</span> <span class='ocrx_word' id='word_1_301' title='bbox 407 2428 616 2488; x_wconf 90' lang='lat' dir='ltr'>quoniam</span> <span class='ocrx_word' id='word_1_302' title='bbox 633 2432 856 2476; x_wconf 87' lang='lat' dir='ltr'>materiam</span> <span class='ocrx_word' id='word_1_303' title='bbox 874 2431 993 2477; x_wconf 88' lang='lat' dir='ltr'>illam</span> <span class='ocrx_word' id='word_1_304' title='bbox 1016 2432 1266 2476; x_wconf 84' lang='lat' dir='ltr'>dicebamus</span> <span class='ocrx_word' id='word_1_305' title='bbox 1289 2430 1465 2474; x_wconf 88' lang='lat' dir='ltr'>nomine</span> 
     </span>
     <span class='ocr_line' id='line_1_34' title="bbox 81 2497 1465 2558; baseline 0.004 -18"><span class='ocrx_word' id='word_1_306' title='bbox 81 2511 207 2556; x_wconf 83' lang='lat' dir='ltr'>aquae</span> <span class='ocrx_word' id='word_1_307' title='bbox 228 2497 487 2557; x_wconf 84' lang='lat' dir='ltr'>appellatam</span> <span class='ocrx_word' id='word_1_308' title='bbox 504 2499 671 2558; x_wconf 42' lang='lat' dir='ltr'>„credo</span> <span class='ocrx_word' id='word_1_309' title='bbox 690 2501 966 2548; x_wconf 87' lang='lat' dir='ltr'>firmamento</span> <span class='ocrx_word' id='word_1_310' title='bbox 991 2499 1094 2546; x_wconf 85' lang='lat' dir='ltr'>coeli</span> <span class='ocrx_word' id='word_1_311' title='bbox 1118 2500 1344 2546; x_wconf 86' lang='lat' dir='ltr'>materiam</span> <span class='ocrx_word' id='word_1_312' title='bbox 1365 2515 1465 2546; x_wconf 91' lang='lat' dir='ltr'>cor-</span> 
     </span>
    </p>

    <p class='ocr_par' dir='ltr' id='par_1_7' title="bbox 130 2581 596 2623">
     <span class='ocr_line' id='line_1_35' title="bbox 130 2581 596 2623; baseline 0.004 -10"><span class='ocrx_word' id='word_1_313' title='bbox 130 2585 139 2601; x_wconf 89' lang='lat'><em>¹</em></span> <span class='ocrx_word' id='word_1_314' title='bbox 160 2581 238 2613; x_wconf 89' lang='lat' dir='ltr'>Gen.</span> <span class='ocrx_word' id='word_1_315' title='bbox 255 2592 279 2623; x_wconf 84' lang='lat'>1,</span> <span class='ocrx_word' id='word_1_316' title='bbox 295 2581 326 2614; x_wconf 88' lang='grc'>5.</span> <span class='ocrx_word' id='word_1_317' title='bbox 347 2599 384 2607; x_wconf 93' lang='lat'>-</span> <span class='ocrx_word' id='word_1_318' title='bbox 396 2583 505 2617; x_wconf 82' lang='lat' dir='ltr'>²1bid.</span> <span class='ocrx_word' id='word_1_319' title='bbox 520 2583 596 2617; x_wconf 90' lang='lat'><strong>6-8.</strong></span> 
     </span>
    </p>
   </div>
  </div>
 </body>
</html>
