1729 3143
381 199 434 225 DE
466 198 617 226 manno
650 198 863 234 ARssrTmo,
899 198 980 224 Lm.
1015 198 1063 224 11.
1329 189 1405 229 321

39 264 98 308 sic
129 272 179 307 ut
209 263 278 307 vel
308 271 449 307 totum
471 263 542 307 vel
563 278 661 321 pars
679 262 770 321 ipsa
791 278 923 321 quam
945 263 1098 317 sentio,
1124 261 1200 306 abs
1222 270 1264 306 te
1286 263 1415 308 etiam

38 334 277 391 sentiatur,
303 333 446 394 qualia
468 343 585 389 sunt,
612 334 698 377 sive
722 332 812 387 lux,
834 333 921 376 sive
942 348 1086 387 sonus,
1121 333 1208 378 sive
1237 349 1418 394 corpora

36 419 135 464 quae
150 403 414 461 attingimus,
435 418 523 447 non
540 412 686 446 tamen
705 401 918 446 laedimus.
940 406 990 446 E.
1013 402 1231 463 intelligo.
1252 407 1304 448 A.
1321 407 1418 449 Ma-

36 473 243 518 nifestum
258 483 320 516 est
338 487 438 531 ergo
460 488 525 526 ea,
546 487 645 531 quae
662 486 751 515 non
769 482 1088 517 commutamus
1103 483 1145 517 et
1163 483 1310 518 tamen
1326 490 1420 519 sen-

36 544 167 587 timus
200 542 390 602 corporis
423 542 645 596 sensibus,
681 551 723 585 et
758 556 848 585 non
880 542 1098 600 pertinere
1130 544 1184 587 ad
1218 554 1419 590 naturam

35 629 239 658 sensuum
264 623 528 667 nostrorum,
553 621 596 655 et
618 620 846 670 propterea
868 612 1002 670 magis
1024 613 1150 657 nobis
1181 630 1268 659 esse
1299 632 1420 661 com-

36 685 200 737 munia,
227 683 326 742 quia
347 683 394 725 in
415 690 614 726 nostrum
637 682 863 740 proprium
885 691 928 726 et
946 684 1068 742 quasi
1091 685 1308 743 privatum
1331 702 1421 731 non

35 764 263 798 vertuntur
285 763 417 813 atque
439 762 682 797 mutantur.
707 756 759 797 E.
788 756 967 797 Prorsus
989 755 1210 799 assentior.
1237 761 1289 800 A.
1313 760 1420 802 Pro-

35 825 180 884 prium
211 840 314 884 ergo
336 833 379 868 et
405 825 527 884 quasi
554 825 772 883 privatum
806 823 1140 883 intelligendum
1170 835 1263 880 est,
1299 827 1421 886 quod

35 895 271 955 unicuique
302 903 501 938 nostrum
524 893 603 938 soli
625 903 714 947 est,
737 903 780 938 et
807 893 927 953 quod
958 895 1004 939 in
1039 910 1083 939 se
1114 894 1230 939 solus
1260 897 1417 950 sentit,

33 965 152 1021 quod
175 965 231 1003 ad
251 975 372 1003 suam
406 973 606 1006 naturam
636 964 807 1017 proprie
833 965 1019 1018 pertinet
1043 979 1051 1005 ε
1078 977 1311 1007 commune
1341 981 1421 1008 au-

31 1041 120 1075 tem
142 1039 205 1073 est
226 1029 348 1089 quasi
367 1028 595 1087 publicum
612 1063 623 1083 ,
659 1029 779 1088 quod
807 1030 862 1073 ab
892 1031 1095 1075 omnibus
1131 1033 1420 1079 sentientibus

31 1100 152 1145 nulla
167 1100 234 1145 sui
251 1099 530 1158 corruptione
548 1108 679 1158 atque
698 1101 1039 1145 commutatione
1055 1103 1255 1148 sentitur.
1279 1108 1329 1149 E.
1355 1109 1421 1150 lta

33 1181 109 1216 est.

88 1242 187 1284 XX.
213 1242 266 1283 A.
294 1242 385 1296 Age
402 1272 413 1293 ,
448 1253 567 1281 nunc
596 1239 773 1283 attende
791 1275 801 1295 ,
827 1250 870 1286 et
891 1241 960 1286 dic
990 1243 1097 1287 mihi
1125 1252 1273 1288 utrum
1296 1246 1421 1289 inve-

32 1312 177 1356 niatur
213 1308 404 1368 aliquid,
441 1308 561 1367 quod
594 1310 1086 1356 omnesnatiocinantes
1122 1329 1200 1358 sua
1234 1316 1418 1374 quisque

34 1382 199 1425 ratione
219 1389 349 1439 atque
363 1386 510 1422 mente
527 1378 816 1422 communiter
833 1378 1034 1436 videant,
1061 1397 1160 1426 cum
1174 1383 1285 1427 illud
1300 1383 1419 1443 quod

34 1451 204 1496 videtur
224 1459 383 1509 praesto
411 1449 463 1493 sit
495 1448 722 1502 omnibus,
749 1463 828 1492 nec
856 1449 899 1491 in
930 1464 1055 1492 usum
1084 1464 1235 1493 eorum
1257 1455 1419 1510 quibus

35 1530 191 1580 praesto
211 1529 274 1564 est
290 1527 584 1563 commutetur
599 1553 609 1571 ,
635 1518 757 1577 quasi
776 1518 900 1561 cibus
918 1528 993 1562 aut
1010 1519 1131 1576 potio
1147 1554 1157 1572 ,
1184 1519 1259 1563 sed
1276 1520 1420 1566 incor-

36 1601 216 1651 ruptum
250 1591 557 1648 integrumque
580 1598 857 1647 permaneat,
894 1589 981 1633 sive
1011 1588 1075 1632 illi
1098 1590 1301 1646 videant,
1333 1593 1421 1636 sive

35 1678 124 1706 non
153 1661 329 1704 videant
357 1679 364 1703 :
396 1676 450 1703 an
482 1658 593 1702 forte
624 1657 733 1701 nihil
766 1657 1015 1716 hujusmodi
1048 1673 1136 1703 esse
1170 1660 1420 1706 arbitraris?

36 1735 87 1777 E.
116 1735 209 1776 Imo
232 1729 370 1774 multa
398 1745 486 1773 esse
509 1729 634 1772 video
651 1763 661 1783 ,
685 1743 708 1771 e
737 1728 895 1787 quibus
924 1744 1061 1773 unum
1092 1734 1418 1776 commemorari

37 1803 134 1847 satis
156 1812 243 1853 est,
268 1799 388 1859 quod
420 1800 528 1842 ratio
558 1808 600 1842 et
636 1799 790 1842 veritas
824 1800 993 1842 numeri
1023 1799 1225 1844 omnibus
1249 1802 1421 1847 ratiociu

36 1871 242 1916 nantibus
260 1877 416 1927 praesto
434 1877 525 1921 est,
551 1875 600 1910 ut
622 1867 758 1911 omnis
783 1883 876 1910 cam
905 1879 1178 1928 computator
1200 1886 1276 1915 sua
1298 1873 1419 1932 quis-

36 1957 121 2001 que
155 1939 320 1983 ratione
355 1947 398 1980 et
429 1935 713 1994 intelligentia
755 1947 937 1981 conetur
972 1940 1296 1997 apprehendere
1332 1961 1340 1985 z
1377 1952 1420 1986 et

36 2011 144 2055 alius
160 2008 204 2053 id
230 2007 395 2051 facilius
414 2041 425 2060 ,
451 2006 558 2049 alius
581 2005 798 2050 difficilius
821 2007 984 2065 possit,
1009 2008 1116 2051 alius
1135 2011 1312 2054 omnino
1331 2026 1419 2054 non

35 2080 168 2139 possit
193 2098 200 2121 :
229 2092 328 2120 cuni
364 2086 509 2119 tamen
543 2075 633 2133 ipsa
664 2074 888 2134 aequaliter
921 2076 1121 2119 omnibus
1149 2092 1192 2121 se
1229 2080 1421 2136 praebeat

39 2148 281 2193 valentibus
302 2161 395 2190 eam
419 2160 598 2202 capere,
623 2159 703 2187 nec
735 2160 835 2187 cum
873 2160 966 2188 eam
1003 2147 1188 2205 quisque
1211 2150 1417 2208 percipit,

38 2221 85 2263 in
105 2220 171 2263 sui
196 2216 460 2277 perceptoris
483 2214 604 2273 quasi
628 2214 883 2258 alimentum
907 2225 1101 2259 vertatur
1123 2227 1254 2277 atque
1277 2229 1421 2263 mute-

39 2300 136 2347 tur,
163 2305 244 2332 nec
266 2303 365 2332 cum
387 2288 433 2330 in
471 2302 519 2329 ea
549 2284 732 2344 quisque
766 2284 958 2340 fallitur,
992 2287 1083 2345 ipsa
1113 2288 1311 2344 deficiat,
1347 2291 1420 2334 sed

39 2377 89 2405 ea
121 2375 221 2403 vera
257 2366 300 2400 et
331 2359 496 2414 integra
525 2364 838 2414 permanente,
863 2355 934 2398 ille
965 2356 1011 2399 in
1034 2371 1177 2402 errore
1210 2360 1264 2404 sit
1298 2370 1419 2405 tanto

41 2429 225 2488 amplius
241 2462 252 2482 ,
278 2435 446 2487 quanto
470 2426 612 2469 minus
635 2440 729 2468 eam
752 2424 884 2469 videt.

98 2501 220 2543 XXI.
246 2500 298 2541 A.
320 2499 454 2540 Recte
476 2510 576 2539 sane
597 2513 605 2539 z
626 2494 700 2539 sed
718 2493 845 2539 video
868 2504 910 2540 te
933 2504 1139 2555 tanquam
1159 2514 1249 2544 non
1267 2500 1419 2544 rudem

202 2578 388 2609 cxxxiv.
1211 2571 1258 2608 21
