1729 3143
480 215 535 242 DE
565 215 779 253 mamm,
813 216 950 244 senno
983 217 1044 244 ιν.
1360 207 1443 245 103

60 283 276 337 Agnoscat
311 294 355 322 se
387 280 525 324 omnis
562 281 695 324 homo
713 314 725 333 ‚
765 280 969 338 quoniam
1005 289 1184 339 propter
1217 281 1438 325 hominem

59 352 172 393 Deus
194 348 333 393 factus
356 359 420 394 est
440 350 589 394 homo.
615 350 744 402 Quod
777 365 856 407 pro
889 358 931 393 te
963 350 1176 410 suscepit,
1205 350 1366 395 levavit
1397 353 1443 395 in

58 419 244 478 coelum3
268 430 577 479 terrenumque
600 435 755 478 corpus
775 419 879 462 fecit
900 420 1091 464 coeleste.
1116 421 1159 465 Si
1176 420 1314 465 credis
1332 430 1376 466 et
1393 431 1442 466 tu.

57 492 178 550 quod
200 492 330 549 possis
353 505 573 548 resurgere
589 525 600 545 ‚
626 499 668 534 et
690 491 735 534 in
755 490 920 534 coelum
942 490 1172 536 ascendere
1192 512 1204 550 3
1228 493 1331 551 quia
1348 509 1442 537 cer—

56 569 126 604 tus
148 575 192 604 es
223 561 277 604 de
310 569 431 604 tanto
468 560 674 618 pignore,
698 574 875 604 securus
903 560 985 603 eris
1007 560 1062 604 de
1090 570 1213 606 tanto
1240 578 1437 607 munere.

57 633 223 688 Regnat
240 631 372 674 homo
381 631 470 689 jam
487 639 710 689 susceptus
727 646 751 674 a
768 630 941 676 Christo
955 665 966 683 ‚
987 629 1042 674 ad
1059 630 1281 676 dexteram
1303 634 1440 678 Patris

55 700 207 744 sedens
232 719 240 744 :
267 709 311 744 et
326 709 375 744 ut
395 701 463 744 sui
485 701 540 744 ab
563 700 639 745 illo
661 715 845 759 regnum
872 700 1088 759 accipiant
1102 735 1114 756 ‚
1137 711 1270 747 vocat
1288 736 1300 757 ‚
1324 703 1437 747 invi—

56 778 145 823 tat,
170 770 382 813 hortatur.
407 772 439 812 F
445 770 600 813 estinet
622 770 678 814 ad
696 785 796 814 eum
823 771 962 815 omnis
984 771 1126 815 anima
1142 805 1153 826 ,
1187 787 1287 831 quae
1315 773 1440 817 avida

55 848 117 883 est
135 836 282 897 gloriae
296 873 308 893 ‚
332 847 482 897 pergat
504 839 559 883 ad
577 839 709 884 talem
731 854 875 898 regem
894 875 904 894 ‚
932 856 956 884 a
977 856 1066 900 quo
1083 850 1133 885 ut
1150 842 1333 900 accipiat
1356 858 1439 901 po-

26 912 29 915 “
54 917 272 964 testatem,
297 925 386 954 non
404 910 442 953 ei
461 910 649 968 pretium
667 910 864 969 pecuniae
887 910 1036 968 dabit3
1061 910 1136 955 sed
1155 911 1329 970 plenam
1347 926 1441 970 per-

52 977 298 1040 fectamque
319 979 452 1024 fidem
469 995 570 1025 cum
587 980 642 1025 ad
663 995 763 1025 eum
786 979 995 1037 attulerit,
1022 981 1152 1026 etiam
1171 981 1360 1040 Angelos
1372 983 1440 1043 ju-

52 1048 231 1095 dicabit.

110 1116 234 1158 VIII.
263 1113 370 1157 Inde
390 1128 616 1158 venturus.
637 1121 742 1164 Quis
764 1127 826 1155 esi
843 1121 948 1166 iste,
972 1128 1049 1171 qm
1071 1125 1322 1173 expectatur
1338 1132 1442 1163 ven-

52 1195 176 1230 turus
197 1193 391 1228 mortuos
423 1183 630 1242 vivosque
646 1181 844 1241 judicare
863 1217 874 1237 ,
900 1183 982 1226 nisi
1012 1182 1086 1227 ille
1106 1185 1239 1230 homo
1261 1187 1337 1245 qui
1359 1203 1438 1247 pro

53 1254 178 1300 nobis
200 1253 404 1312 dignatus
426 1253 552 1296 estin
573 1266 703 1296 cruce
719 1251 941 1311 pendere?
964 1255 1106 1297 Homo
1119 1265 1343 1314 susceptus
1363 1273 1438 1302 ex-

51 1332 250 1386 pectatur
266 1332 316 1367 ut
332 1323 491 1367 veniat.
513 1324 731 1367 Caeterum
752 1322 995 1366 secundum
1014 1324 1061 1367 id
1082 1323 1202 1384 quod
1220 1328 1334 1370 Deus
1354 1337 1434 1385 est,

52 1405 96 1440 et
130 1395 247 1439 Patri
281 1392 461 1453 aequalis
493 1402 556 1437 est
577 1428 589 1447 ,
626 1407 796 1452 semper
812 1392 981 1452 judicat
1005 1428 1016 1448 ‚
1052 1403 1096 1439 et
1124 1410 1295 1455 semper
1324 1413 1437 1457 prae-

51 1480 146 1509 sens
168 1473 245 1509 est.
269 1464 426 1508 Veniet
444 1472 590 1507 autem
608 1462 877 1521 Redemptor
897 1472 1043 1507 noster
1064 1463 1110 1508 in
1126 1479 1174 1508 ea
1197 1464 1335 1511 forma
1352 1502 1363 1522 ‚
1391 1468 1437 1513 in

51 1551 139 1595 qua
175 1543 419 1593 assumptus
448 1543 540 1588 est,
577 1542 628 1577 ut
658 1533 892 1592 impleatur
930 1533 1040 1578 illud
1071 1535 1192 1594 quod
1219 1536 1275 1580 de
1301 1553 1354 1582 eo
1377 1539 1437 1583 ait

51 1606 262 1666 propheta
281 1605 506 1649 Zacharias
527 1623 536 1649 ε
561 1622 582 1647 «
600 1603 826 1648 Videbunt
842 1605 889 1648 in
906 1620 1035 1665 quem
1055 1617 1340 1665 pupugerunt
1356 1611 1386 1653 ¹.
1411 1628 1433 1651 n

52 1677 279 1721 Videbunt
297 1691 400 1734 ergo
420 1678 444 1719 J
448 1674 564 1719 udaei
579 1678 718 1719 Deum
738 1675 959 1720 hominem
973 1691 1142 1737 semper
1159 1688 1432 1737 regnantem,

51 1762 182 1807 quem
211 1745 411 1804 negando
439 1745 773 1805 desperaverant
803 1747 1077 1791 morientem.
1113 1748 1339 1793 Judicabit
1360 1765 1433 1795 eos

49 1818 96 1861 in
112 1817 264 1861 animis
287 1826 483 1861 mortuos
500 1852 511 1872 ‚
536 1816 613 1877 qui
635 1826 843 1861 venturus
861 1826 924 1861 est
949 1818 1203 1863 resuscitare
1219 1829 1429 1866 mortuos.

51 1888 231 1932 Duobus
247 1888 363 1932 enim
378 1887 517 1932 modis
533 1888 628 1932 haec
641 1888 855 1932 sententia
871 1889 1083 1949 accipitur
1106 1909 1115 1934 :
1139 1891 1238 1935 Vivi
1255 1901 1297 1935 et
1314 1907 1432 1937 mor-

49 1958 114 2003 tui
133 1959 179 2002 in
201 1959 344 2002 anima
369 1977 379 2003 t
408 1959 511 2002 item
532 1958 618 2003 vivi
639 1969 682 2003 et
703 1960 863 2004 mortui
883 1961 930 2004 in
952 1975 1148 2019 corpore.
1177 1962 1430 2007 Secundum

49 2028 237 2087 priorem
254 2063 264 2081 ‚
295 2028 510 2088 judicabit
542 2029 661 2073 vivos
692 2030 738 2073 in
771 2030 914 2075 anima
930 2065 941 2085 ,
967 2030 1223 2088 credentes3
1249 2041 1292 2076 et
1313 2048 1433 2076 mor-

50 2106 148 2160 tuos
168 2099 215 2140 in
237 2097 380 2140 anima
400 2132 411 2152 ‚
443 2097 576 2142 fidem
596 2098 764 2143 nullam
786 2100 996 2145 habentes
1032 2119 1041 2146 :
1077 2101 1318 2146 secundum
1338 2118 1438 2162 pos-

54 2166 256 2211 teriorem
271 2201 281 2220 ‚
302 2165 524 2226 judicabit
554 2168 673 2212 vivos
693 2169 872 2213 incarne
888 2205 899 2225 ,
924 2186 1033 2230 quos
1064 2182 1296 2230 praesentes
1318 2173 1442 2218 inve-

56 2237 170 2280 nerit
197 2237 290 2295 ejus
315 2236 528 2281 adventus
546 2258 557 2294 3
575 2237 792 2297 judicabit
808 2248 851 2283 et
867 2250 1063 2286 mortuos
1083 2242 1129 2286 in
1146 2258 1274 2287 carne
1291 2277 1302 2297 ‚
1328 2257 1438 2302 quos
1496 2293 1499 2295 ,

55 2307 387 2351 resuscitaturus
429 2316 492 2350 est
532 2311 645 2351 Deus
687 2308 893 2354 excelsus,
934 2310 1155 2372 Eligamus
1184 2347 1195 2366 ‚
1248 2312 1440 2359 dilectis-

56 2376 180 2430 simi,
207 2385 257 2420 ut
277 2377 396 2421 vivos
427 2392 505 2421 nos
537 2378 728 2423 inveniat
749 2380 840 2439 ejus
872 2380 1124 2427 advent-us
1112 2399 1158 2427 m
1190 2383 1360 2442 anima3
1385 2399 1439 2428 ne

56 2445 279 2505 peccando
305 2446 433 2491 simul
460 2448 515 2492 ab
549 2448 623 2493 illo
657 2450 889 2496 damnetur
915 2467 1016 2497 caro
1047 2462 1091 2497 et
1118 2453 1294 2499 anima.
1290 2419 1438 2509 gF’inis

101 2530 227 2562 ¹‚Zach
249 2533 689 2574 x11‚1oetJ0an.m‚37.
