1729 3143
240 195 321 234 322
664 200 699 232 3.-
733 195 967 226 Aueus1m1
998 197 1178 226 131’15001'1

234 273 388 316 harum
408 279 553 311 rerum
584 264 672 309 cito
700 263 914 309 invenisse
941 263 1062 323 quod
1083 263 1248 308 diceres
1268 281 1278 307 z
1300 272 1448 308 tamen
1476 265 1511 308 si
1532 265 1614 309 tibi

236 338 388 398 aliquis
409 335 571 379 diceret
587 367 599 388 ,
624 347 828 378 numeros
848 333 951 379 istos
973 348 1063 378 non
1082 348 1134 377 ex
1164 332 1309 393 aliqua
1330 348 1405 378 sua
1426 342 1582 379 natura
1599 368 1611 388 ‚

233 407 309 454 sed
329 423 382 452 ex
402 407 454 451 iis
475 405 605 450 rebus
625 419 732 466 quas
754 420 883 451 sensu
912 406 1104 465 corporis
1126 406 1380 464 attingimus
1395 441 1407 462 ‚
1431 406 1613 467 impres-

234 494 300 524 sos
321 493 409 522 esse
432 477 578 523 animo
605 486 754 523 nostro
781 477 905 538 quasi
938 477 1150 538 quasdam
1172 477 1380 536 imagines
1402 492 1617 537 quorum·
1667 496 1670 498 ’

232 564 318 610 que
330 547 564 594 visibilium
579 583 590 605 ,
614 548 724 610 quid
738 548 1050 608 responderes?
1073 564 1130 593 an
1145 558 1195 593 tu
1213 563 1392 609 quoque
1405 547 1452 591 id
1467 549 1618 607 putas?

233 622 286 664 E.
308 619 442 666 Nullo
462 620 595 665 modo
615 620 663 664 id
684 621 926 680 putaverim
949 639 959 666 ι
981 635 1073 665 non
1087 620 1204 664 enim
1225 620 1260 663 si
1282 634 1410 663 sensu
1429 619 1620 678 corporis

231 690 407 749 percepi
432 705 637 735 numeros
652 725 663 745 ,
694 689 858 734 idcirco
885 690 1015 734 etiam
1038 690 1251 734 rationem
1273 689 1513 746 partitionis
1533 704 1620 732 nu-

233 776 454 805 merorum
477 760 548 806 vel
568 760 859 820 copulationis
880 775 1012 805 sensu
1033 760 1224 820 corporis
1231 761 1462 837 percipere
1478 759 1617 819 potui.

235 834 326 876 Hac
349 833 467 876 enim
499 832 598 877 luce
629 832 786 876 mentis
819 829 973 875 refello
1000 846 1131 886 eum,
1168 831 1362 890 quisquis
1383 830 1484 875 vel
1474 846 1520 874 1n
1542 829 1622 874 ad-

236 901 383 948 dendo
403 902 509 947 vel
499 919 545 947 1n
572 901 836 947 retrahendo
857 901 964 946 dum
985 910 1208 961 computat
1229 901 1380 946 falsam
1410 916 1623 945 summam

236 974 572 1015 renuntiaverit.
599 975 656 1012 Et
686 971 901 1027 quidquid
934 987 1063 1012 sensu
1088 972 1280 1026 corporis
1307 977 1465 1025 tango,
1488 971 1625 1013 voluti

237 1051 301 1086 est
320 1042 406 1085 hoc
426 1039 587 1084 coelum
610 1047 653 1082 et
676 1039 771 1082 haec
796 1047 909 1082 terra
927 1073 939 1093 ‚
980 1047 1023 1082 et
1051 1052 1343 1098 quaecumque
1374 1038 1421 1081 in
1453 1038 1511 1081 eis
1544 1037 1626 1082 alia

237 1126 419 1170 corpora
439 1109 604 1163 sentio,
631 1109 831 1168 quandiu
859 1107 1008 1153 futura
1035 1109 1120 1153 sint
1148 1108 1295 1153 nescio
1316 1127 1326 1153 t
1351 1117 1516 1167 septem
1545 1124 1625 1152 au-

239 1191 328 1226 tem
362 1189 406 1224 et
435 1180 517 1224 tria
545 1180 695 1223 decem
723 1187 851 1236 sunt3
879 1187 922 1222 et
953 1194 1043 1222 non
1065 1178 1204 1223 solum
1230 1194 1348 1223 nunc
1367 1214 1378 1233 ,
1401 1179 1474 1222 sed
1498 1179 1625 1222 etiam

239 1265 408 1309 semper
425 1284 437 1305 ,
461 1264 604 1309 neque
629 1248 721 1292 ullo
749 1247 884 1292 modo
912 1244 1149 1305 aliquando
1179 1255 1347 1305 septem
1373 1256 1416 1290 et
1435 1247 1515 1291 tria
1536 1240 1626 1292 non

240 1321 420 1366 fuerunt
447 1320 598 1364 decem
618 1355 629 1374 ,
655 1329 731 1364 aut
761 1315 996 1375 aliquando
1023 1325 1189 1376 septem
1211 1326 1253 1360 et
1275 1317 1355 1361 tria
1380 1334 1470 1363 non
1497 1327 1626 1362 erunt

242 1391 408 1436 decem.
434 1393 559 1435 Hanc
575 1405 678 1448 ergo
694 1386 1048 1445 incoruptibilem
1068 1387 1238 1430 numeri
1260 1388 1485 1433 veritatem
1501 1424 1512 1444 ‚
1536 1389 1624 1433 dixi

241 1461 349 1505 mihi
371 1469 413 1504 et
435 1457 617 1501 cuilibet
637 1455 912 1500 ratiocinanti
934 1471 1023 1500 esse
1044 1472 1339 1501 communem.

297 1530 441 1574 XXII.
475 1530 528 1572 A.
553 1529 650 1572 Non
672 1527 821 1571 resisto
850 1526 932 1571 tibi
959 1527 1178 1572 verissima
1201 1537 1244 1572 et
1272 1528 1508 1573 certissima
1534 1544 1624 1573 res-

240 1599 468 1662 pondenti.
502 1597 586 1643 Sed
617 1598 731 1656 ipsos
763 1613 939 1658 quoqne
974 1613 1178 1644 numeros
1211 1615 1301 1644 non
1331 1614 1406 1658 per
1435 1600 1626 1659 corporis

241 1686 390 1716 sensus
411 1677 614 1713 attractos
636 1683 726 1712 esse
748 1667 873 1713 facile
894 1668 1059 1713 videbis
1076 1704 1087 1724 ,
1115 1671 1148 1714 si
1167 1670 1418 1728 cogitaveris
1438 1670 1626 1730 quemli—

241 1741 318 1786 bet
342 1753 574 1783 numerum
609 1746 672 1782 tot
693 1739 838 1782 vocari
859 1738 1029 1798 quoties
1066 1755 1203 1783 unum
1242 1740 1447 1784 habuerit
1472 1759 1482 1784 :
1504 1740 1626 1785 verbi

242 1812 376 1870 gratia
397 1829 405 1854 :
427 1809 462 1853 si
477 1809 543 1853 bis
562 1809 764 1852 habuerit
782 1823 922 1852 unum
939 1843 951 1863 ,
979 1809 1068 1853 duo
1089 1819 1329 1865 vocantur3
1353 1811 1387 1852 si
1403 1819 1493 1866 ter,
1511 1811 1594 1855 tria
1611 1832 1622 1868 3

240 1891 285 1926 et
306 1881 340 1925 si
360 1880 501 1924 decies
521 1894 660 1923 unum
681 1878 846 1922 habent
862 1913 872 1933 ,
898 1886 1004 1922 tunc
1026 1887 1238 1922 vocantur
1259 1877 1410 1922 decem
1431 1898 1440 1923 ε
1466 1889 1509 1923 et
1526 1881 1626 1939 qui-2

240 1952 347 1996 libet
389 1950 567 1994 omnino
598 1964 804 1993 numerus
846 1949 1015 2008 quoties
1052 1949 1186 1993 habet
1219 1965 1389 2005 unum,
1426 1950 1528 1994 hinc
1561 1949 1625 1993 illi

241 2036 401 2067 nomen
426 2030 490 2065 est
505 2055 516 2075 ‚
541 2029 584 2064 et
605 2029 671 2064 tot
692 2018 948 2078 appellatur.
976 2021 1122 2063 Ununi
1143 2034 1246 2063 vero
1270 2019 1465 2079 quisquis
1488 2020 1624 2064 veris-

242 2094 345 2138 sime
367 2093 523 2150 cogitat
540 2126 551 2146 ,
581 2090 775 2150 profecto
794 2091 957 2134 invenit
977 2090 1166 2149 corporis
1184 2091 1380 2134 sensibus
1396 2106 1484 2134 non
1499 2106 1623 2149 posse

240 2163 402 2207 sentiri.
441 2160 663 2221 Quidquid
696 2161 811 2204 enim
847 2159 922 2204 tali
956 2175 1084 2203 sensu
1119 2161 1370 2217 attingitur,
1407 2161 1498 2220 jam
1533 2175 1623 2205 non

239 2249 379 2278 unum
394 2269 405 2288 ‚
441 2232 517 2277 sed
537 2232 676 2276 multa
698 2247 787 2276 esse
814 2230 1088 2275 convincitur
1110 2249 1118 2274 ε
1145 2245 1301 2289 corpus
1324 2239 1388 2274 est
1409 2231 1525 2274 enim
1543 2267 1555 2286 ‚
1580 2241 1623 2275 et

238 2303 334 2348 ideo
351 2304 485 2348 habet
499 2301 836 2346 innumerabiles
857 2309 1016 2360 partes.
1045 2299 1129 2344 Sed
1146 2309 1195 2344 ut
1214 2300 1406 2344 minutas
1425 2315 1619 2361 quasque

239 2374 468 2434 minusque
492 2372 737 2418 articulatas
758 2387 845 2416 non
871 2385 1105 2429 persequar
1124 2405 1135 2424 ‚
1161 2369 1616 2430 quantulumcumque

237 2442 346 2486 illud
375 2443 681 2503 corpusculum
703 2443 782 2496 sit,
808 2441 940 2485 habet
971 2449 1086 2483 certe
1114 2440 1240 2483 aliam
1269 2451 1436 2498 partem
1467 2440 1617 2484 dexten

232 2526 322 2555 ram
345 2546 355 2563 ‚
394 2513 520 2557 aliam
549 2513 762 2556 sinistram
782 2545 792 2560 ,
825 2510 950 2554 aliam
977 2509 1241 2568 superiorem
1259 2543 1270 2563 ,
1296 2510 1418 2553 aliam
1443 2509 1617 2554 inferio-

1713 690 1729 789 *1-2-2--22
1713 619 1729 647 Ξ
1712 549 1729 593 -εῑ

1715 1110 1729 1153 ’ἕ
1715 1026 1729 1067 e·‘⁴.
1716 973 1728 1000 Εἰ
1717 903 1728 930 τῖ’
1713 816 1729 860 Ξ.

1719 1942 1729 1985 ν).
1718 1886 1729 1913 ε
1718 1815 1728 1840 ⁴1
1719 1746 1729 1773 m
1718 1604 1729 1702 eant-m
1719 1535 1727 1562 (τ’
1717 1464 1729 1507 ,ει
1719 1393 1729 1420 ’τι
1717 1322 1728 1349 ==¹
1715 1238 1728 1278 *Q
