1729 3143
558 198 609 223 DE
643 197 809 234 GENESI‚
843 198 926 224 ΜΒ,
963 197 992 222 1.
1380 182 1461 222 417

88 259 229 305 fontes
249 275 274 303 a
299 260 458 320 quibus
477 261 796 314 aberraverant,
814 268 912 319 post
926 274 1102 317 magnos
1115 259 1283 304 labores
1299 259 1467 317 fatigati

89 339 223 390 atque
244 330 437 374 sitientes
459 339 502 374 et
522 345 633 389 pene
654 329 815 380 mortui
836 339 1128 374 revertuntur.

148 402 226 443 ΙΙΙ.
264 401 459 445 Primum
481 416 583 459 ergo
604 400 765 444 librum
789 400 954 443 Veteris
978 399 1264 453 Testamenti,
1290 399 1366 458 qui
1382 400 1472 443 ins-

89 469 274 515 cribitur
291 471 465 516 Genesis
481 506 492 526 ‚
516 472 576 516 sic
595 472 737 515 solent
750 470 982 514 Manichaei
997 469 1328 530 reprehendere.
1347 468 1476 523 Quod

92 541 301 599 ser-imum
317 551 381 585 est
403 560 412 586 :
442 560 462 583 «
482 544 533 585 In
548 540 760 601 principio
777 539 880 583 fecit
900 543 1011 583 Deus
1030 540 1189 584 coelum
1208 550 1251 584 et
1264 550 1440 594 terram,
1454 557 1475 580 »

91 619 321 671 quaerunt,
347 611 392 654 in
414 627 503 670 quo
525 610 762 671 principio,
783 618 826 653 et
846 609 1025 654 dicunt:
1048 611 1091 654 Si
1111 611 1157 654 in
1175 611 1387 670 principio
1406 610 1480 654 ali-

90 696 179 740 quo
208 682 410 740 temporis
434 682 539 726 fecit
564 685 676 726 Deus
701 680 866 726 coelum
895 691 938 724 et
964 689 1122 724 terram
1140 716 1150 735 ‚
1186 681 1293 739 quid
1327 682 1482 738 agebat

92 760 326 811 antequam
339 751 501 795 faceret
522 752 686 796 eoelum
701 761 744 796 et
760 761 919 796 terram
935 753 953 795 Ρ
976 754 1032 796 Et
1049 751 1157 811 quid
1171 752 1210 794 ei
1228 752 1372 795 subito
1390 751 1483 810 pla·-

86 821 180 880 euit
208 821 350 866 facere
369 858 379 878 ,
411 823 533 883 quod
568 838 795 883 nunquam
833 831 957 867 antea
996 821 1159 866 fecerat
1180 838 1258 881 per
1290 832 1486 881 tempora

91 894 286 937 aeterna?
309 894 384 937 His
406 893 720 952 respondemus
735 927 746 943 ‚
781 895 921 936 Deum
939 892 984 930 in
1002 892 1214 946 principio
1237 891 1386 934 fecisse
1404 907 1486 935 coe-

91 960 184 1004 lum
206 971 250 1003 et
271 954 458 1014 terram‚*
476 974 565 1003 non
587 959 633 1002 in
655 957 871 1018 principio
892 957 1113 1016 temporis,
1135 957 1210 1001 sed
1231 958 1275 1001 in
1293 960 1482 1016 Christo,

93 1046 194 1076 cum
215 1030 407 1074 Verbum
429 1039 538 1074 esset
557 1028 675 1088 apud
695 1033 864 1076 Patrem
882 1063 893 1084 ‚
920 1042 997 1087 per
1014 1028 1133 1088 quod
1150 1028 1262 1072 facta
1280 1039 1322 1072 et
1341 1030 1382 1073 in
1399 1047 1486 1090 quo

92 1100 206 1146 facta
239 1111 340 1145 sunt
373 1101 533 1145 omnia.
568 1100 778 1144 Dominus
811 1100 928 1144 enim
964 1109 1112 1144 noster
1145 1102 1268 1144 Jesus
1291 1102 1488 1146 Christus

93 1187 194 1216 cum
229 1187 329 1215 eum
365 1174 388 1214 J
394 1171 506 1214 udaei
545 1171 884 1229 interrogassent
920 1170 1015 1229 quis
1052 1179 1161 1214 esset
1177 1206 1187 1225 ‚
1228 1170 1452 1230 respondit
1477 1191 1485 1217 ε

97 1263 117 1285 «
144 1243 432 1301 Principium,
458 1241 560 1301 quia
582 1251 625 1285 et
650 1241 807 1301 loquor
825 1241 992 1285 vobis¹.
1018 1259 1037 1282 »
1062 1242 1146 1285 Sed
1169 1243 1247 1286 etsi
1265 1242 1309 1286 in
1329 1243 1487 1298 princi-

94 1314 166 1374 pio
195 1314 403 1372 temporis
430 1316 569 1357 Deum
591 1310 744 1355 fecisse
773 1310 936 1355 coelum
960 1320 1002 1355 et
1034 1321 1194 1355 terram
1228 1312 1457 1357 credamus
1477 1348 1488 1368 ‚

96 1382 306 1428 debemus
327 1385 480 1443 utique
513 1382 756 1441 intelligere
773 1417 790 1437 2
815 1381 935 1442 quod
961 1391 1060 1425 ante
1091 1383 1349 1441 principium
1383 1392 1494 1426 tem-

95 1455 209 1514 poris
228 1470 318 1498 non
346 1463 437 1497 erat
468 1463 654 1512 tempus.
692 1456 806 1497 Deus
836 1451 950 1495 enim
989 1451 1093 1495 fecit
1115 1461 1157 1495 et
1179 1461 1392 1511 tempora.
1427 1456 1484 1497 Et

91 1525 189 1569 ideo
213 1535 447 1585 antequam
470 1523 631 1568 faceret
654 1533 865 1582 tempora,
896 1539 983 1566 non
1011 1516 1134 1566 erant
1157 1532 1367 1582 tempora.
1389 1526 1487 1568 Non

95 1611 198 1654 ergo
223 1611 448 1655 possumus
472 1595 617 1639 dicere
635 1594 768 1638 fuisse
791 1593 968 1653 aliquod
988 1602 1158 1652 tempus
1177 1594 1355 1653 quaudo
1376 1598 1488 1638 Deus

94 1665 291 1710 nondum
331 1665 499 1725 aliquid
535 1666 711 1709 fecerat.
759 1663 991 1717 Quomodo
1030 1665 1145 1708 enim
1185 1674 1276 1708 erat
1317 1674 1488 1724 tempus

94 1736 215 1797 quod
239 1740 348 1779 Deus
371 1752 459 1779 non
484 1735 671 1789 fecerat,
701 1750 803 1778 cum
828 1735 1025 1778 omnium
1053 1744 1297 1794 temporum
1324 1736 1415 1795 ipse
1433 1736 1487 1781 sit

95 1806 364 1851 fabricator?
389 1809 445 1849 Et
467 1806 502 1849 si
527 1816 700 1864 tempus
729 1820 828 1848 cum
859 1804 972 1849 coelo
997 1813 1040 1848 et
1074 1814 1180 1848 terra
1213 1821 1302 1850 esse
1324 1807 1484 1865 coepit,

21 1913 30 1917 -
96 1893 187 1922 non
213 1886 357 1938 potest
377 1876 563 1921 inveniri
584 1886 752 1935 tempus
770 1891 859 1936 quo
878 1879 990 1919 Deus
1007 1875 1206 1920 nondum
1221 1876 1383 1921 fecerat
1400 1893 1485 1921 coe-

97 1948 191 1994 lum
214 1959 256 1993 et
279 1959 451 1992 terram.
474 1950 587 1993 Cum
613 1956 759 1991 autem
782 1946 939 1991 dicitur
969 1966 977 1991 ;
1007 1947 1122 2000 Quid
1150 1948 1187 1990 ei
1219 1947 1382 2006 placuit
1410 1963 1486 1991 su-

82 2020 224 2070 „bitoi'
246 2019 306 2063 sic
327 2018 502 2073 dicitur,
521 2019 643 2078 quasi
662 2017 805 2078 aliqua
825 2027 1019 2077 tempora
1036 2018 1306 2073 transierint,
1327 2018 1486 2077 quibus

99 2094 214 2135 Deus
235 2089 298 2134 nil
319 2099 521 2149 operatus
539 2099 616 2133 est.
639 2091 735 2133 Non
753 2089 867 2133 enim
895 2089 1075 2132 transire
1095 2098 1264 2148 poterat
1289 2098 1457 2148 tempus
1472 2124 1484 2144 ‚

40 2199 43 2202 Α
100 2160 220 2220 quod
242 2161 439 2204 nondum
467 2158 628 2202 fecerat
652 2162 789 2216 Deus3
814 2158 916 2218 quia
938 2175 1025 2202 non
1051 2168 1190 2218 potest
1218 2174 1306 2203 esse
1329 2174 1483 2218 opera-

102 2240 169 2275 tor
196 2239 472 2289 temporum,
507 2229 586 2272 nisi
615 2229 690 2288 qui
722 2238 784 2273 est
811 2239 911 2273 ante
942 2239 1152 2289 tempora.
1188 2232 1314 2275 Certe
1342 2239 1384 2273 et
1409 2230 1486 2288 ipsi

100 2302 332 2347 Manichaei
348 2301 499 2360 legunt
519 2300 762 2359 apostolum
780 2300 962 2344 Paulum
980 2336 989 2354 ‚
1017 2310 1060 2344 et
1078 2301 1258 2345 laudant
1279 2311 1319 2345 et
1342 2302 1485 2344 hono-

101 2383 200 2418 rant
224 2393 233 2417 :
265 2382 308 2417 et
330 2374 421 2432 ejus
442 2372 655 2431 Epistolas
685 2371 798 2415 male
828 2372 1153 2431 interpretando
1180 2370 1338 2415 multos
1369 2371 1485 2415 deci-

103 2444 244 2504 piunt.
273 2444 429 2488 Dicant
451 2458 551 2501 ergo
576 2442 698 2487 nohis
726 2441 832 2502 quid
856 2442 1009 2486 dixerit
1041 2441 1258 2499 apostolus
1292 2441 1450 2486 Paulus
1471 2461 1479 2486 :

156 2537 165 2553 1
186 2531 278 2561 Joan.
300 2539 372 2569 vui,
393 2527 448 2560 25.

266 2591 454 2621 CXXXIV.
1276 2580 1324 2617 ‘27
