1729 3143
221 189 304 226 318
652 194 686 220 s.
721 189 952 218 Aueusnm
982 189 1163 216 nuscum

218 265 376 323 telligis
395 284 407 320 3
430 275 511 305 nec
536 267 685 302 utrum
705 256 948 315 intelligam
967 264 1019 299 tu
1038 254 1146 299 scire
1167 253 1300 312 possis
1315 285 1327 308 ,
1351 267 1431 312 ego
1451 261 1598 297 autem

218 336 365 380 sciam.
388 329 669 376 Manifestum
700 335 764 370 est
789 326 919 370 etiam
946 323 1177 369 rationales
1207 331 1374 367 mentes
1408 321 1600 381 singulos

220 416 416 464 quosque
436 407 635 444 nostrum
655 396 846 456 singulas
865 396 1043 441 habere.

277 474 400 516 XVI.
432 473 486 515 Α.
518 471 634 514 Num
655 467 785 512 etiam
813 465 974 526 poteris
1007 464 1152 509 dicere
1178 462 1371 522 singulos
1392 460 1502 507 soles
1521 475 1602 505 nos

219 541 381 586 habere
392 554 502 599 quos
518 537 715 584 videmus
727 572 739 594 ,
756 545 832 582 aut
847 536 988 590 lunas,
1014 542 1089 579 aut
1107 531 1328 586 luciferos,
1352 540 1427 575 aut
1447 539 1604 575 caetera

219 608 493 670 hujusmodi,
521 608 719 669 quamvis
751 623 830 652 suo
855 607 1040 666 quisque
1073 619 1122 648 ac
1154 601 1333 663 proprio
1361 615 1491 644 sensu
1521 600 1603 642 ista

220 680 399 725 videat?
420 683 474 724 E.
492 678 625 725 Nullo
644 676 778 723 modo
798 677 941 721 isthuc
955 674 1151 720 dixerim.
1171 675 1224 717 A.
1250 675 1480 716 Possumus
1501 682 1605 726 ergo

219 751 369 795 videre
388 766 529 795 unum
551 749 718 811 aliquid
734 747 862 793 multi
886 747 1040 802 simul,
1064 761 1165 791 cum
1187 744 1274 788 sint
1295 756 1444 788 sensus
1465 738 1606 785 nostri

219 820 344 864 nobis
365 821 542 878 singulis
564 819 748 879 singuli,
775 818 937 879 quibus
958 815 1163 862 omnibus
1183 813 1297 858 illud
1327 827 1467 857 unum
1500 824 1603 854 sen-

219 890 351 933 timus
363 890 484 942 quod
505 889 636 924 simul
654 886 848 924 videmus
866 899 877 935 3
902 894 953 922 ut
974 886 1171 937 quamvis
1188 884 1296 921 alius
1319 891 1467 920 sensus
1483 892 1607 917 mous

219 956 273 1001 sit
287 990 298 1010 ,
324 964 367 998 et
389 953 497 997 alius
518 961 640 1005 tuus,
665 950 797 1009 possit
820 959 966 993 tamen
981 949 1075 992 fieri
1091 982 1102 1003 ‚
1128 956 1178 992 ut
1200 947 1246 991 id
1267 946 1388 1007 quod
1404 945 1605 990 videmus

219 1041 310 1070 non
325 1026 378 1069 sit
402 1021 520 1067 aliud
542 1035 710 1075 meum,
736 1020 856 1064 aliud
879 1029 1032 1077 tuum3
1061 1018 1137 1063 secl
1158 1017 1269 1063 illud
1292 1033 1430 1062 unum
1448 1025 1608 1076 praesto

222 1097 276 1141 sit
296 1095 470 1153 utrique
490 1100 706 1146 nostrum,
723 1100 767 1134 et
787 1089 916 1134 simul
933 1090 987 1133 ab
1003 1098 1193 1148 utroque
1210 1087 1426 1132 videatur.
1447 1090 1500 1131 E.
1518 1090 1609 1132 Ma-

222 1164 547 1209 nifestissimum
571 1171 649 1206 est.
677 1164 729 1205 A.
758 1164 989 1204 Possumus
1013 1160 1143 1204 etiam
1165 1174 1299 1203 unam
1321 1159 1511 1218 aliquam
1527 1172 1608 1202 vo-

222 1250 318 1280 cem
345 1233 475 1278 simul
503 1233 679 1286 audire,
704 1241 754 1275 ut
787 1231 983 1291 quamvis
1016 1229 1122 1274 alius
1152 1230 1206 1273 sit
1243 1228 1417 1273 auditus
1451 1243 1573 1272 meus
1592 1262 1604 1282 ‚

223 1305 331 1349 alius
352 1313 454 1348 tuus
471 1337 483 1358 ,
507 1318 598 1346 non
613 1302 667 1346 sit
689 1309 836 1345 tamen
857 1300 939 1344 alia
961 1315 1056 1343 mea
1073 1333 1084 1353 ,
1110 1309 1153 1342 et
1171 1299 1253 1342 alia
1275 1308 1350 1342 tua
1372 1314 1455 1343 vox
1475 1312 1609 1356 quam

222 1374 352 1420 simul
369 1375 567 1418 audimus
585 1406 596 1426 ,
621 1371 691 1414 vel
713 1370 794 1414 alia
811 1385 908 1428 pars
929 1370 1020 1428 ejus
1038 1368 1191 1413 auditu
1213 1383 1310 1412 meo
1331 1367 1542 1426 capiatur,
1565 1376 1609 1411 et

222 1446 305 1490 alia
337 1454 416 1488 tuo
432 1477 443 1498 ,
471 1443 546 1486 sed
567 1440 783 1501 quidquid
814 1440 1033 1495 sonuerit,
1068 1448 1112 1483 et
1136 1454 1274 1484 unum
1296 1447 1341 1483 et
1362 1447 1505 1482 totum
1529 1452 1609 1480 au-

223 1514 433 1558 diendum
463 1510 593 1556 simul
628 1510 738 1555 adsit
775 1509 1004 1554 ambobus.
1031 1511 1084 1554 E.
1120 1512 1177 1554 Et
1213 1510 1299 1554 hoc
1325 1506 1608 1553 manifestum

223 1593 304 1629 est.

280 1656 424 1698 XVII.
459 1655 512 1697 Α.
538 1653 637 1695 Jam
658 1651 790 1695 etiam
808 1650 863 1694 de
884 1652 1049 1695 caeteris
1070 1650 1265 1695 sensibus
1287 1651 1480 1710 corporis
1503 1651 1608 1695 licet

224 1723 544 1770 animadvertas
568 1721 690 1781 quod
710 1720 920 1775 dicimus,
954 1735 1098 1780 neque
1127 1722 1306 1765 omnino
1337 1720 1434 1765 illos
1449 1755 1460 1775 ‚
1486 1721 1608 1780 quod

224 1795 281 1839 ad
297 1795 411 1838 hanc
431 1807 522 1836 rem
539 1791 695 1836 attinet
710 1825 721 1845 ‚
745 1791 805 1834 ita
827 1806 871 1834 se
891 1791 1053 1834 habere
1069 1799 1119 1834 ut
1140 1789 1237 1834 illos
1251 1791 1362 1835 duos
1379 1790 1609 1835 oculorum

225 1875 269 1912 et
288 1866 474 1919 aurium,
500 1877 645 1923 neque
666 1861 845 1906 omnino
867 1876 957 1905 non
976 1861 1051 1905 ita.
1077 1863 1188 1906 Nam
1212 1862 1313 1921 quia
1336 1876 1387 1904 ex
1403 1876 1494 1905 uno
1512 1864 1611 1905 aere

225 1946 270 1981 et
290 1951 371 1995 ego
385 1944 430 1979 et
451 1943 500 1978 tu
518 1947 745 1993 possumus
766 1931 947 1991 implere
959 1932 1272 1991 spiramentum
1288 1966 1299 1986 ‚
1324 1940 1369 1975 et
1389 1932 1479 1991 ejus
1497 1929 1605 1975 aeris

226 2008 503 2052 affectionem
525 2005 658 2050 odore
679 2004 836 2048 sentire
861 2023 871 2048 ε
895 2012 939 2048 et
959 2004 1063 2048 item
1086 2004 1190 2064 quia
1211 2018 1263 2047 ex
1283 2018 1374 2047 uno
1390 2001 1519 2047 melle
1538 2000 1610 2048 vel

227 2078 426 2139 quolibet
447 2076 531 2121 alio
558 2077 657 2121 cibo
679 2091 755 2120 seu
780 2083 890 2134 potu
917 2075 1047 2119 ambo
1070 2083 1241 2134 gustare
1273 2088 1502 2133 possumus
1519 2108 1530 2129 ,
1568 2081 1614 2117 et

228 2151 318 2209 ejus
351 2148 626 2194 affectionem
663 2161 814 2206 sapore
844 2146 1024 2202 sentire,
1049 2146 1246 2205 quamvis
1279 2146 1353 2190 ille
1382 2160 1497 2190 unus
1522 2145 1604 2198 sit,

230 2222 364 2265 nostri
384 2229 531 2266 autem
547 2212 631 2264 sint
652 2234 800 2263 sensus
826 2217 1009 2277 singuli,
1041 2217 1121 2261 tibi
1147 2226 1247 2262 tuus
1268 2226 1312 2261 et
1332 2217 1441 2260 mihi
1461 2230 1610 2272 meus3

231 2299 281 2334 ut
300 2306 439 2335 unum
466 2290 645 2335 odorem
671 2289 741 2334 vel
767 2304 906 2333 unum
935 2303 1133 2347 saporem
1166 2302 1267 2332 cum
1297 2287 1428 2331 ambo
1450 2287 1615 2332 sentia—

233 2375 329 2404 mus
346 2395 357 2415 ,
381 2375 461 2404 nec
478 2370 526 2404 tu
546 2369 692 2404 tamen
709 2374 810 2403 eum
828 2374 926 2403 meo
949 2374 1076 2403 sensu
1097 2358 1252 2403 sentias
1271 2392 1282 2412 ‚
1304 2373 1384 2402 nec
1405 2371 1485 2415 ego
1505 2365 1583 2401 tuo
1598 2390 1609 2410 ,

235 2444 315 2473 nec
332 2429 477 2488 aliquo
493 2445 582 2474 uno
602 2431 678 2490 qui
694 2430 920 2489 utriusque
942 2438 1138 2473 nostrum
1160 2429 1293 2487 possit
1310 2443 1398 2472 esse
1415 2441 1614 2472 commu-

237 2498 363 2553 niter,
381 2498 455 2542 sed
468 2514 641 2557 prorsus
654 2500 759 2544 mihi
776 2513 897 2545 meus
917 2513 1065 2544 sensus
1086 2498 1139 2544 sit
1152 2531 1166 2554 ,
1192 2506 1234 2543 et
1253 2506 1354 2543 tuus
1368 2495 1465 2551 tibi,
1486 2494 1616 2540 etiam
