1729 3143
442 215 496 240 DE
529 210 761 240 DISCIPLINA
793 211 1059 240 CHRISTIANA.
1358 202 1441 238 119

64 288 157 323 tum
185 292 255 320 me
292 286 447 321 amate.
483 277 798 320 Erubescamus
831 275 982 319 saltem
1002 310 1013 330 ‚
1050 275 1337 326 confiteamur
1356 308 1368 328 ‚
1399 285 1443 319 et

62 357 238 408 pectora
270 347 507 392 tundamus
526 381 538 401 ‚
577 361 667 390 non
697 352 748 388 ut
781 359 910 403 super
943 354 1120 404 peccata
1147 353 1292 390 nostra
1324 346 1445 403 pavi-

61 427 261 462 mentum
288 415 536 461 solidemus.
561 417 669 460 Nam
692 414 768 473 qui
789 414 938 458 tundit
959 424 1111 473 pectus
1132 423 1176 459 et
1195 429 1288 465 non
1308 415 1445 460 corri-

63 489 180 548 gitur
197 522 209 543 ‚
239 485 395 532 solidat
415 493 592 545 peccata
607 519 622 540 ,
646 499 737 529 non
758 483 887 529 tollit.
925 485 1178 530 Tundamus
1199 493 1351 544 pectus
1368 520 1379 540 ‚
1404 495 1449 530 et

63 557 280 603 caedamus
302 571 381 601 nos
396 591 407 611 ,
439 565 483 599 et
505 555 774 614 corrigamur
795 569 820 598 a
842 553 968 599 nobis
989 589 1000 609 ,
1031 569 1086 598 ne
1108 555 1181 599 ille
1203 564 1351 614 postea
1371 570 1451 600 nos

62 627 203 673 caedat
217 661 229 683 ,
254 627 330 686 qui
352 626 554 684 magister
576 634 654 671 est.
680 625 877 670 Diximus
894 625 1012 669 enim
1028 624 1136 684 quid
1152 625 1223 669 hic
1241 624 1449 671 discatur:

54 700 145 758 jam
168 711 302 758 quare
325 696 530 741 discatur.

118 770 223 812 XII.
249 770 394 821 Quare
429 766 544 811 ivisti
574 767 620 810 in
649 766 876 810 scholam?
911 779 1045 825 quare
1073 764 1322 825 vapulasti,
1362 774 1404 810 et
1435 782 1460 810 a

59 839 316 900 parentibus
339 831 525 893 ductus,
552 847 594 881 et
616 837 810 896 fugitans
834 837 1044 897 quaesitus
1064 871 1076 891 ‚
1101 846 1145 880 et
1166 836 1371 881 inventus
1395 846 1462 882 at-

58 917 224 954 tractus
246 924 290 953 es
307 944 318 964 ‚
363 918 406 953 et
438 907 653 953 adductus
681 917 882 952 extensus
910 909 988 952 es?
1029 909 1175 959 Quare
1209 906 1461 965 vapulasti?

60 984 200 1034 Quare
221 989 342 1024 tanta
368 980 415 1023 in
435 980 623 1039 pueritia
645 978 861 1039 pertulisti
879 981 897 1023 Ξ)
919 981 977 1023 Ut
999 977 1199 1022 disceres.
1231 977 1351 1030 Quid
1372 977 1460 1021 dis-

58 1052 207 1095 ceres?
230 1050 428 1091 Litteras.
452 1051 625 1097 Quare?
641 1051 699 1088 Ut
710 1049 950 1092 haberetur
961 1048 1165 1102 pecunia,
1186 1056 1262 1102 aut
1275 1057 1328 1092 ut
1342 1062 1462 1092 com-

56 1125 282 1177 pararetur
301 1116 443 1159 honor
460 1149 472 1169 ‚
506 1123 550 1158 et
574 1121 794 1158 teneretur
815 1111 1059 1157 sublimitas
1081 1112 1318 1171 dignitatis·
1348 1117 1459 1161 Vide

57 1188 161 1247 quia
179 1187 398 1246 periturus
413 1193 593 1244 propter
606 1184 847 1243 perituram
861 1199 954 1228 rem
967 1205 979 1243 3
993 1185 1234 1244 perituram
1251 1199 1345 1229 rem
1357 1201 1461 1231 curn

58 1265 181 1302 tanto
198 1255 349 1300 labore
367 1253 555 1299 didicisti
569 1254 615 1297 in
636 1254 768 1298 tantis
790 1254 932 1313 poenis
953 1288 964 1308 ,
989 1263 1033 1298 et
1054 1254 1230 1298 amabat
1248 1263 1291 1298 te
1311 1255 1390 1314 qui
1411 1265 1454 1300 te

58 1327 114 1372 ad
126 1341 280 1387 poenas
297 1325 526 1384 trahebat3
546 1325 639 1384 ipse
659 1325 736 1385 qui
756 1334 798 1370 te
820 1326 992 1370 amabat
1006 1360 1017 1381 ‚
1043 1326 1135 1385 ipse
1157 1334 1201 1370 te
1222 1324 1279 1369 ad
1300 1341 1454 1385 poenas

57 1397 261 1443 trahebat
280 1417 292 1454 3
314 1404 366 1440 ut
392 1394 620 1455 vapulares
640 1429 651 1450 ‚
691 1395 877 1440 amando
910 1394 1128 1453 faciebat3
1157 1404 1208 1439 ut
1235 1395 1421 1441 disceres
1437 1431 1449 1453 ,

58 1468 195 1529 quid?
218 1467 416 1512 Litteras.
441 1468 574 1510 Bonae
592 1474 693 1510 sunt
708 1465 865 1509 litterae
885 1467 901 1507 ?
923 1467 1071 1510 Bonae.
1095 1467 1207 1511 Novi
1222 1501 1234 1522 ,
1255 1467 1451 1512 dicturus

58 1553 103 1582 es
122 1538 232 1582 mihi
271 1556 280 1581 z
305 1539 450 1589 Quare
468 1545 510 1580 et
530 1551 631 1591 vos,
654 1535 859 1595 Episcopi
877 1570 888 1591 ‚
913 1535 1080 1580 litteras
1099 1535 1293 1595 legistis?
1320 1541 1461 1590 Quare

57 1623 176 1652 nunc
213 1607 380 1652 divinas
410 1607 652 1665 Scripturas
681 1606 727 1650 in
755 1605 848 1664 ipsa
868 1605 1112 1651 litteratura
1134 1606 1365 1651 tractatis?
1386 1609 1453 1652 Ita

57 1693 160 1724 vero
186 1696 194 1722 :
219 1677 295 1721 sed
324 1692 414 1722 non
449 1675 504 1720 ad
533 1677 617 1720 hoc
649 1674 884 1720 didicimus
905 1675 1086 1721 litteras.
1112 1678 1212 1721 Non
1233 1677 1351 1721 enim
1372 1692 1451 1737 pa-

57 1757 200 1793 rentes
231 1747 396 1802 nostri,
435 1745 612 1806 quando
646 1761 725 1791 nos
756 1747 802 1790 in
837 1747 1032 1792 scholam
1067 1747 1304 1792 mittebant
1319 1782 1331 1803 ‚
1366 1748 1451 1793 hoc

55 1819 182 1864 nobis
202 1818 409 1863 dicebant
431 1837 440 1862 ι
460 1817 619 1862 Discite
639 1817 804 1862 litteras
822 1853 832 1873 ‚
858 1826 910 1861 ut
929 1818 1126 1863 habeatis
1145 1817 1265 1863 unde
1281 1819 1446 1876 legere¹

56 1889 225 1934 codices
247 1888 505 1934 dominicos.
539 1890 629 1933 Nec
665 1888 744 1947 ipsi
775 1888 1008 1933 Christiani
1040 1888 1138 1933 filiis
1159 1890 1246 1934 suis
1266 1890 1351 1934 hoe
1382 1890 1449 1934 di-

56 1968 178 2003 cunt.
223 1958 308 2004 Sed
339 1958 484 2018 quid?
515 1958 676 2002 Discite
704 1957 870 2002 litteras
895 1977 904 2003 :
929 1961 1098 2019 quare?
1136 1962 1193 2004 Ut
1219 1960 1274 2004 sis
1295 1961 1444 2005 homo.

12 2078 13 2082 η
57 2027 176 2081 Quid
196 2029 344 2072 enim?
365 2028 500 2073 Modo
521 2043 655 2087 pecus
677 2030 806 2072 sum?
828 2028 954 2081 Quod
976 2028 1072 2074 dico
1094 2064 1105 2084 ‚
1129 2038 1180 2073 ut
1205 2029 1259 2073 sis
1281 2030 1416 2074 homo
1432 2065 1444 2086 ,

54 2099 139 2147 hoc
162 2107 226 2142 est
242 2132 253 2152 ,
279 2107 330 2142 ut
351 2097 405 2141 sis
427 2099 622 2142 eminens
637 2099 752 2143 inter
773 2099 986 2145 homines.
1014 2100 1140 2145 Unde
1156 2109 1200 2145 et
1214 2099 1325 2144 illud
1339 2115 1445 2160 pro-

54 2168 252 2213 verbium
272 2187 280 2212 :
298 2170 521 2221 Quantum
538 2168 717 2212 habebis
731 2203 743 2224 ,
769 2178 916 2215 tantus
933 2171 1028 2216 eris.
1058 2174 1116 2216 Ut
1131 2171 1293 2215 habeas
1310 2187 1450 2231 quan-

56 2249 151 2287 tum
176 2240 346 2295 caeteri,
372 2248 447 2284 aut
478 2247 694 2299 quantum
718 2241 877 2299 pauci3
907 2251 983 2287 aut
1004 2242 1238 2304 plusquam
1265 2243 1444 2298 caeteri,

55 2319 130 2354 aut
150 2309 382 2369 plusquam
405 2310 532 2369 pauci
550 2330 561 2367 3
585 2309 746 2354 habeas
767 2310 871 2355 inde
894 2313 1105 2358 honorem
1121 2348 1132 2369 ‚
1162 2312 1322 2357 habeas
1343 2312 1448 2357 inde

56 2379 328 2438 dignitatem.
352 2382 410 2424 Et
437 2380 516 2424 ubi
538 2388 667 2423 erunt
687 2380 767 2425 ista
791 2382 934 2426 omnia
950 2417 961 2438 ‚
992 2398 1093 2427 cum
1113 2398 1228 2428 mors
1246 2382 1446 2428 venerit?

57 2448 290 2502 Quomodo
307 2450 516 2505 stimulat,
541 2449 764 2510 quomodo
778 2461 921 2496 metus
938 2452 1017 2497 iste
1035 2452 1308 2512 interpellat?
1326 2455 1442 2506 Quo-

104 2541 112 2557 ¹
138 2536 260 2577 Supple
278 2536 412 2577 possitis.
