1729 3143
231 214 314 251 502
661 221 693 249 s.
731 220 962 250 Auensnm
994 225 1176 254 muscum

230 293 324 348 Ego
348 290 406 332 sic
431 285 642 344 intelligo,
668 300 748 345 ego
767 285 827 330 sic
848 286 1027 346 accipio,
1051 289 1111 334 sic
1132 289 1284 347 credo,
1309 307 1391 336 nec
1409 293 1468 340 ob
1493 293 1611 339 aliud

229 360 326 418 lego
354 357 448 401 illos
477 355 612 400 libros
634 391 645 411 ,
681 358 762 400 nisi
797 357 916 417 quod
950 357 1011 401 ibi
1048 360 1192 404 omnia
1230 361 1473 406 christianae
1509 364 1611 408 fidei

228 429 457 476 concinere
486 426 630 474 video.
668 426 786 473 Illud
819 430 962 489 potius
987 429 1080 484 dic,
1105 431 1140 475 si
1160 431 1293 477 audes
1310 468 1322 489 ‚
1347 442 1391 478 et
1410 434 1613 481 adversus

226 516 296 546 me
318 500 463 544 dicere
481 499 644 559 cogitas
660 534 672 556 ,
697 516 788 544 non
809 516 898 546 esse
919 501 1190 548 credendum
1211 505 1333 564 quod
1353 505 1549 565 Apostoli
1570 516 1615 552 et

226 574 440 629 Martyres
468 579 646 631 propter
677 571 900 617 Christum
927 572 1074 618 affecti
1098 573 1301 633 gravibus
1321 577 1524 621 aerumnis
1546 575 1616 621 di-

225 650 386 687 cuntur
403 676 415 698 ‚
450 641 571 703 quod
604 658 628 688 a
653 643 1004 702 persecutoribus
1033 653 1084 690 ut
1115 660 1215 690 oves
1246 645 1471 690 occisionis
1498 647 1614 692 aesti-

223 713 330 757 mati
351 721 468 757 sunt.
495 712 626 766 Quod
646 713 682 758 si
700 728 790 759 non
807 723 931 774 potes
951 713 1095 759 dicere
1110 750 1122 772 ,
1147 715 1256 776 quid
1277 715 1551 762 calumniaris
1567 717 1614 762 in

224 798 314 844 quo
351 782 463 827 libro
493 781 714 829 inveniam
729 819 741 840 ‚
767 784 888 845 quod
920 800 992 830 me
1027 796 1226 844 oportere
1261 786 1438 833 credere
1473 789 1614 834 confi-

223 855 324 900 teris
339 855 359 899 Ρ
1358 847 1360 849 ’
1604 874 1605 877 “

281 926 402 969 XVI.
429 926 499 969 An
515 922 626 968 illud
648 922 755 968 dicis
768 957 781 980 ‚
805 923 1045 968 concedere
1065 932 1109 969 te
1130 925 1310 985 quidem
1326 961 1338 982 ‚
1363 929 1504 973 Deum
1525 944 1616 975 esse

225 993 526 1054 diligendum,
559 992 634 1038 sed
666 1009 756 1038 non
787 992 913 1038 illum
943 997 1083 1039 Deum
1109 1010 1242 1055 quem
1271 995 1424 1042 colunt
1444 998 1503 1054 ii,
1538 1001 1615 1060 qui

226 1065 490 1111 Testamenti
505 1064 671 1109 Veteris
687 1065 989 1110 auctoritatem
1004 1066 1246 1126 recipiunt?
1261 1069 1358 1112 Non
1371 1082 1473 1127 ergo
1488 1068 1615 1115 illum

226 1139 367 1180 Deum
394 1133 630 1180 colendum
652 1150 741 1180 esse
763 1134 904 1180 dicitis
921 1171 933 1192 ,
967 1137 1044 1196 qui
1063 1135 1166 1181 fecit
1187 1135 1349 1182 coelum
1371 1148 1415 1184 et
1436 1147 1611 1185 terram.

225 1209 311 1252 Iste
334 1221 526 1266 namque
543 1221 620 1265 per
636 1220 785 1250 omnes
802 1214 946 1266 partes
965 1205 1142 1251 illorum
1162 1207 1437 1253 voluminum
1454 1210 1615 1269 praedi-

224 1286 347 1322 catur
368 1295 379 1322 ι
403 1291 479 1321 vos
512 1285 659 1321 autem
692 1276 888 1322 fatemini
917 1277 1167 1322 universum
1198 1277 1330 1323 istum
1362 1280 1579 1324 mundum
1599 1315 1611 1337 ‚

225 1349 302 1409 qui
317 1348 496 1393 nomine
514 1346 616 1392 coeli
632 1357 676 1392 et
696 1357 822 1393 terrae
839 1348 1123 1407 significatur,
1148 1349 1311 1394 habere
1333 1358 1554 1396 auctorem
1571 1361 1615 1397 et

223 1419 527 1465 fabricatorem
561 1422 700 1464 Deum
716 1454 728 1476 ,
763 1428 807 1464 et
840 1422 980 1464 Deum
1003 1420 1188 1465 bonum.
1225 1421 1340 1466 Cum
1361 1422 1614 1481 exceptione

226 1492 389 1552 quippe
410 1490 637 1536 vobiscum
665 1489 938 1551 loquendum
960 1499 1024 1535 est
1040 1525 1051 1546 ,
1077 1490 1254 1551 quando
1276 1494 1390 1537 Deus
1411 1493 1614 1538 nomina-

226 1571 312 1608 tur.
339 1565 457 1607 Duos
474 1562 590 1606 enim
607 1561 712 1607 deos
725 1597 738 1619 ‚
761 1577 900 1606 unum
918 1562 1088 1608 bonum
1105 1597 1116 1619 ‚
1143 1563 1329 1608 alterum
1345 1562 1510 1608 malum
1526 1580 1615 1610 esse

225 1633 478 1693 perhibetis.
517 1632 647 1687 Quod
678 1633 713 1678 si
741 1632 880 1679 dicitis
907 1632 1048 1679 colere
1079 1648 1156 1679 vos
1178 1643 1221 1678 et
1242 1632 1477 1680 colendum
1498 1635 1615 1680 arbi-

226 1704 331 1750 trari
353 1708 517 1762 Deum,
548 1721 572 1751 a
603 1721 691 1766 quo
724 1704 864 1750 factus
891 1714 954 1750 est
978 1704 1194 1762 mundus,
1224 1721 1315 1751 non
1345 1715 1491 1750 tamen
1511 1721 1613 1750 eum

227 1792 316 1821 esse
335 1792 467 1837 quem
487 1777 655 1822 Veteris
679 1778 942 1821 Testamenti
964 1775 1243 1821 commendat
1259 1777 1519 1835 auctoritas3
1538 1777 1613 1821 im-

227 1846 444 1907 pudenter
465 1846 602 1892 facitis
618 1882 630 1903 ‚
656 1847 732 1908 qui
755 1846 947 1891 alienum
974 1847 1169 1891 animum
1200 1855 1333 1906 atque
1353 1848 1615 1892 sententiam

226 1932 358 1978 quam
391 1917 503 1962 bene
525 1926 656 1977 atque
678 1917 844 1962 utiliter
865 1917 1158 1977 acceperimus
1173 1951 1185 1972 ‚
1208 1916 1320 1960 male
1341 1916 1615 1976 interpretari

227 1988 445 2033 conanimi
467 2007 476 2033 :
500 1987 660 2034 frustra
681 1989 874 2034 omnino.
900 1989 1052 2048 Neque
1074 1988 1190 2032 enim
1211 1997 1366 2033 vestrae
1385 1987 1530 2033 stultae
1546 1998 1614 2034 at-

229 2074 315 2120 que
335 2059 479 2119 impiae
501 2058 815 2119 disputationes
834 2058 926 2104 ullo
948 2059 1080 2104 modo
1102 2074 1203 2104 cum
1224 2059 1398 2119 piorum
1420 2058 1616 2105 doctissi-

228 2146 489 2191 morumque
511 2131 742 2176 hominum
771 2131 1043 2176 sermonibus
1062 2166 1073 2188 ‚
1107 2146 1184 2191 per
1214 2146 1323 2191 quos
1349 2131 1395 2175 in
1423 2130 1613 2177 Ecclesia

227 2200 441 2246 catholica
466 2202 699 2262 Scripturae
718 2201 805 2246 illae
826 2201 1075 2248 volentibus
1093 2201 1318 2262 dignisque
1339 2201 1612 2261 aperiuntur,

225 2274 466 2333 comparari
485 2283 670 2334 queunt.
692 2277 843 2334 Longe
864 2289 1039 2334 prorsus
1057 2274 1181 2318 aliter
1197 2288 1330 2334 quam
1347 2274 1507 2333 putatis
1526 2277 1615 2319 Lex

225 2353 268 2388 et
289 2345 518 2404 Prophetae
540 2334 847 2405 intelliguntur
876 2361 902 2390 a
929 2345 1070 2390 nobis.
1108 2345 1297 2389 Desinite
1324 2359 1466 2389 errare
1482 2379 1494 2400 ‚
1523 2359 1612 2389 non

224 2415 405 2460 colimus
429 2417 713 2476 poenitentem
731 2419 870 2461 Deum
887 2451 898 2472 ‚
923 2432 1014 2462 non
1034 2415 1235 2462 invidum
1252 2451 1263 2473 ‚
1286 2431 1376 2460 non
1392 2415 1607 2473 indigum,

223 2500 312 2529 non
328 2485 550 2531 crudelem
565 2522 576 2542 ,
601 2502 691 2532 non
707 2496 979 2548 quaerentem
993 2487 1047 2531 de
1065 2487 1296 2532 hominum
1313 2485 1382 2532 vel
1401 2499 1609 2545 pecorum

224 2555 430 2611 sanguine
449 2556 718 2614 voluptatem
738 2592 750 2611 ‚
774 2573 863 2602 non
877 2558 950 2602 cui
967 2557 1129 2616 flagitia
1147 2565 1190 2601 et
1209 2555 1369 2601 scelera
1386 2554 1605 2616 placeant,
