1729 3143
235 222 287 261 48
671 229 704 258 s.
742 229 970 256 AUGUSTIM
1004 229 1184 256 Emscom

233 297 433 341 docendo
453 332 462 352 ‚
488 297 563 340 sed
583 292 848 352 increpando
871 309 947 337 nos
969 294 1202 338 admoneat
1218 294 1329 337 sicut
1346 294 1614 353 Philippum,

232 366 380 409 dicens
403 385 410 409 :
437 385 453 407 «
479 365 693 421 Philippo,
719 362 795 421 qui
814 361 922 406 vidit
941 378 1027 418 me,
1044 363 1151 407 vidit·¹
1172 372 1214 407 et
1236 366 1423 406 Patrem.
1444 366 1512 407 An
1529 379 1620 407 non

234 455 253 476 »
283 435 495 492 agnoscis,
523 433 624 490 quia
644 445 723 488 ego
746 433 790 474 in
809 434 934 474 Patre
954 442 998 475 et
1022 436 1146 476 Pater
1167 434 1212 476 in
1226 448 1295 476 me
1313 441 1377 476 est
1395 434 1433 474 ¹?
1453 450 1474 474 »
1502 434 1622 477 Sicut

229 521 332 563 ergo
358 509 465 547 Deus
482 504 536 545 de
556 505 643 546 Deo
664 511 791 545 natus
815 510 877 544 est
892 536 903 556 ‚
928 511 971 546 et
992 502 1067 546 lux
1090 504 1144 547 de
1169 503 1335 546 lumine
1353 538 1364 557 ‚
1391 511 1434 546 et
1458 503 1549 546 dies
1570 519 1622 546 ex

227 574 299 619 die
335 593 343 617 :
379 573 438 615 ita
477 580 520 616 et
552 572 841 631 Omnipotens
872 586 924 615 ex
947 573 1262 631 omnipotente.
1305 576 1357 616 In
1388 573 1468 616 ista
1504 572 1621 616 enim

226 641 400 686 mortali
421 650 568 686 nostra
591 642 871 701 generatione
892 642 969 701 qui
990 652 1053 687 est
1086 651 1208 701 pater
1225 677 1237 698 ‚
1271 641 1508 701 aliquando
1531 657 1622 686 non

224 712 312 756 fuit
333 720 484 769 pater3
509 720 552 755 et
574 713 650 771 qui
672 720 735 755 est
757 711 872 755 filius
887 747 898 766 ,
935 727 1024 755 non
1055 727 1225 771 semper
1257 721 1321 755 est
1343 712 1458 755 filius
1483 731 1493 756 ι
1519 711 1621 771 quia

226 790 269 825 et
291 782 383 840 ipse
400 781 515 824 filius
532 797 634 825 cum
657 796 828 825 accessu
848 781 1053 840 temporis
1082 791 1248 840 patrem
1271 781 1462 824 amiserit
1477 816 1488 835 ‚
1513 796 1622 824 con-

218 853 373 909 jugem
397 852 611 910 acceperit
629 886 640 907 ,
669 851 925 910 prolemque
956 851 1192 909 susceperit
1211 886 1223 905 9
1256 866 1347 895 non
1375 851 1456 894 erit
1477 850 1592 894 filius
1607 885 1619 905 ,

224 920 300 964 sed
346 921 437 979 ipse
469 921 697 965 vocabitur
730 931 882 980 pater3
923 931 966 966 et
1000 920 1185 981 quilibet
1222 930 1344 979 pater
1385 929 1622 979 antequam

225 992 429 1050 suscipiat
451 992 618 1049 filium,
656 1007 743 1035 non
773 992 1003 1035 vocabitur
1030 1001 1166 1050 pater.
1203 989 1384 1034 Accedit
1411 1004 1512 1047 ergo
1542 990 1622 1033 ali-

225 1060 334 1119 quid
353 1071 551 1119 tompore
573 1096 583 1113 ‚
615 1061 736 1119 quod
766 1061 984 1118 praecedat
1012 1071 1223 1117 tempore.
1250 1062 1347 1104 Non
1377 1075 1480 1117 ergo
1509 1060 1623 1103 aesti·

223 1143 392 1173 memus
414 1131 497 1173 hoc
521 1131 566 1172 in
588 1129 662 1172 illa
681 1130 925 1172 Divinitatis
942 1144 1032 1171 esse
1050 1128 1314 1181 substantia,
1340 1129 1384 1170 in
1400 1127 1475 1172 illa
1498 1143 1623 1186 gene-

223 1199 391 1242 ratione
419 1199 698 1255 sempiterna.
743 1200 843 1241 Non
884 1198 1001 1240 enim
1038 1197 1125 1240 illic
1161 1196 1406 1239 deficiendo
1439 1198 1623 1241 moritur

224 1272 351 1312 Pater
367 1302 377 1321 ,
404 1276 453 1310 ut
470 1267 606 1310 Filius
621 1267 857 1310 crescendo
874 1267 1100 1324 perveniat
1118 1266 1173 1310 ad
1191 1266 1328 1310 Patris
1344 1266 1618 1326 dignitatem3

222 1347 298 1381 aut
328 1346 430 1380 sunt
464 1336 525 1378 ibi
556 1345 779 1393 tempora,
816 1335 917 1393 quia
950 1350 1025 1392 per
1056 1336 1198 1392 ipsum
1231 1334 1344 1379 facta
1374 1346 1478 1381 sunt
1508 1346 1621 1381 tem-

222 1423 346 1467 pora.

282 1480 402 1520 VIII.
431 1479 482 1520 In
505 1491 594 1535 quo
617 1485 762 1519 autem
790 1484 860 1529 tu,
886 1476 1088 1519 haeretice
1105 1510 1116 1529 ,
1142 1476 1275 1519 audes
1293 1477 1436 1520 dicere
1459 1477 1621 1520 Filium

219 1549 462 1600 minorem,
504 1561 637 1605 quem
673 1560 751 1588 nos
783 1545 1045 1588 confitemur
1080 1545 1335 1603 aequalem?
1377 1549 1429 1589 In
1458 1549 1622 1591 aetate?

219 1620 317 1663 Non
342 1617 399 1659 ibi
432 1624 534 1658 sunt
564 1624 777 1673 tempora.
821 1617 871 1657 In
912 1614 1176 1657 Divinitate?
1210 1618 1324 1658 Deus
1361 1624 1425 1658 est
1463 1619 1616 1671 Pater,

222 1693 332 1732 Deus
366 1695 430 1729 est
462 1695 504 1728 et
531 1684 680 1728 Filius.
720 1687 770 1728 In
803 1686 965 1742 opere?
996 1685 1156 1727 Omnia
1199 1699 1273 1742 per
1312 1685 1470 1728 Filium
1505 1685 1618 1731 facta

219 1767 322 1802 sunt
339 1759 369 1799 2.
402 1756 509 1799 Dicit
533 1756 712 1813 quidem
746 1754 966 1811 Scriptura
984 1788 995 1807 ‚
1028 1753 1149 1812 quod
1178 1756 1291 1797 Deus
1314 1753 1466 1798 fecerit
1488 1771 1618 1799 mun-

217 1829 323 1871 dum
341 1862 352 1875 ,
387 1827 497 1869 sicut
527 1825 734 1883 scriptum
761 1833 825 1866 est
852 1823 897 1865 in
925 1822 1038 1866 libro
1062 1824 1304 1866 Geneseos:
1337 1843 1357 1865 «
1386 1827 1436 1867 In
1456 1826 1617 1883 princi-

223 1917 241 1939 »
266 1898 335 1955 pio
358 1895 460 1939 feeit
483 1899 622 1938 Deum
643 1893 804 1937 coelum
829 1901 872 1935 et
896 1901 1051 1936 terram
1069 1893 1083 1917 3
1107 1913 1117 1948 3
1147 1911 1165 1932 »
1191 1895 1266 1935 sed
1290 1908 1368 1937 nos
1391 1894 1616 1939 audientes

222 1971 358 2011 Deum
384 1969 552 2009 Patrem
574 1999 584 2018 ‚
611 1963 911 2022 cognoscimus
930 1962 1091 2005 Filium
1108 1971 1150 2005 et
1170 1962 1376 2020 Spiritum
1397 1974 1610 2008 sanctum.

220 2040 284 2081 Tu
309 2036 487 2080 forsitan
521 2034 627 2078 dicis
654 2056 664 2078 ·.
697 2038 809 2077 Deus
846 2036 971 2076 Pater
1004 2031 1106 2076 fecit
1139 2033 1368 2076 mundum.
1405 2034 1488 2078 Sed
1512 2034 1614 2078 audi

219 2106 325 2166 quid
353 2108 541 2150 Joanncs
565 2103 823 2160 evangelista
848 2101 963 2145 dicat
979 2136 990 2154 ‚
1022 2120 1042 2142 «
1068 2105 1119 2144 ln
1149 2101 1362 2160 principio
1385 2112 1477 2146 erat
1504 2105 1614 2147 Ver—

221 2197 240 2219 »
268 2178 373 2221 bum
391 2212 401 2230 ,
427 2186 470 2220 et
498 2176 691 2219 Verbum
716 2182 809 2217 erat
837 2173 954 2231 apud
985 2176 1122 2215 Deum
1147 2191 1155 2216 :
1185 2181 1228 2216 et
1252 2176 1366 2216 Deus
1387 2183 1478 2216 erat
1505 2176 1612 2217 Ver-

220 2267 239 2289 »
270 2248 389 2291 bum.
415 2245 570 2289 Omnia
593 2259 669 2303 per
696 2243 837 2302 ipsum
859 2241 974 2285 facta
998 2250 1125 2296 sunt,
1151 2251 1194 2286 et
1215 2242 1306 2286 sine
1329 2243 1422 2299 ipso
1444 2241 1611 2287 factum

222 2336 241 2357 n
268 2327 330 2360 est
360 2315 470 2359 nihil
488 2316 519 2358 4.
545 2333 564 2355 »
592 2317 730 2367 Ecce,
755 2313 844 2355 sine
875 2311 986 2355 Filio
1020 2312 1125 2355 dicit
1147 2311 1254 2354 nihil
1285 2326 1374 2354 esse
1405 2311 1570 2356 factum
1596 2333 1607 2359 2

219 2387 423 2445 quoniam
451 2404 471 2427 «
496 2385 652 2429 Omnia
675 2398 751 2442 per
782 2382 924 2440 ipsum
955 2382 1067 2425 facta
1092 2390 1207 2424 sunt.
1240 2398 1258 2420 »
1297 2381 1339 2424 Si
1372 2382 1463 2426 sine
1497 2382 1608 2428 Filio
1687 2430 1690 2440 ,

221 2457 385 2500 lactum
404 2467 467 2500 est
488 2456 596 2500 nihil
615 2490 626 2510 ‚
655 2453 762 2514 quid
785 2452 889 2496 feeit
912 2454 1038 2495 Pater
1058 2450 1174 2510 quod
1203 2466 1292 2495 non
1314 2451 1417 2496 fecit
1440 2453 1575 2497 Filius
1592 2489 1604 2509 ,
1686 2479 1688 2497 1

269 2548 275 2563 ¹
298 2543 388 2572 Joan.
411 2550 517 2580 x1v‚2
536 2545 618 2582 et9.
639 2556 679 2561 —-
698 2539 773 2570 ²1d.
795 2549 818 2577 1,
838 2538 866 2568 3.
887 2554 927 2558 —
944 2537 955 2558 3
973 2540 1054 2569 Gen,
1075 2549 1097 2577 1,
1121 2549 1145 2568 ι.
1169 2553 1208 2559 -=
1225 2536 1240 2566 4
1262 2539 1354 2569 Joan.
1373 2548 1396 2577 1,
1420 2538 1492 2569 1-3.
