1729 3143
235 199 319 241 364
681 209 714 238 s.
750 209 980 239 Aucus'mm
1011 212 1193 240 Emscorl

232 280 347 323 enim
369 277 625 335 cogitatione
644 274 810 320 videret
835 275 966 321 fuisse
993 276 1242 321 faciendum
1261 312 1272 333 ,
1299 278 1381 322 nisi
1402 279 1449 323 in
1468 281 1518 325 iis
1540 297 1610 326 ra·
1674 332 1677 339 ¹

230 349 420 394 tionibus
449 347 608 406 quihus
641 345 755 392 facta
781 357 883 392 sunt
915 347 1075 392 omnia.
1100 348 1230 402 Quod
1258 358 1404 393 autem
1435 349 1498 393 ibi
1518 366 1608 396 non
1675 345 1678 363 ³

228 429 315 472 est,
342 427 430 461 tam
446 431 575 461 nemo
593 425 734 476 potest
750 418 891 463 veraci
913 418 1175 478 cogitatione
1188 418 1353 476 videre,
1374 434 1507 479 quam
1523 435 1614 466 non
1676 457 1679 459 .
1720 421 1724 423 ’

228 497 292 532 est
315 501 485 531 verum.

283 558 404 601 XIV.
439 560 492 601 In
535 572 587 602 eo
621 558 818 620 plerique
854 560 1052 604 homines
1089 568 1262 616 errant,
1303 561 1406 621 quia
1437 560 1616 605 meliora
1677 555 1680 622 j

226 641 327 672 cum
342 636 488 672 mente
505 629 822 689 conspexerint,
847 645 937 674 non
956 631 1002 675 in
1021 631 1196 676 sedibus
1211 630 1414 689 congruis
1436 645 1486 675 ea
1505 645 1616 675 ocu—
1678 646 1683 674 ι

226 698 276 742 lis
298 708 517 758 quaerunt.
553 700 684 745 Velut
713 702 748 745 si
779 702 1011 761 quisquam
1040 701 1279 761 perfectam
1301 701 1616 747 rotunditatem

226 770 392 814 ratione
413 771 805 830 comprehendens,
831 773 1123 817 stomachetur
1140 773 1262 833 quod
1284 773 1416 817 talem
1438 773 1484 816 in
1505 787 1617 817 nuce

224 855 315 883 non
336 841 529 896 invenit,
555 842 588 885 si
610 841 783 885 nullum
803 857 1000 901 unquam
1017 857 1174 901 corpus
1197 843 1439 887 rotundum
1459 851 1618 902 praeter

223 910 527 968 hujuscemodi
559 927 688 968 poma
720 912 956 969 conspexit.
989 914 1099 957 Nam
1133 913 1192 955 ita
1215 913 1393 969 quidam
1424 928 1525 957 cum
1549 928 1618 957 ra·
1680 946 1683 952 r
1718 904 1729 980 '⁴

221 981 339 1024 tione
362 981 581 1025 verissima
606 979 784 1024 videant
821 982 1045 1025 meliorem
1079 997 1168 1025 esse
1202 992 1445 1026 creaturam
1464 1017 1475 1037 ,
1516 999 1618 1041 quae
1681 999 1688 1036 j
1715 975 1721 990 ⁵

226 1051 424 1109 quamvis
448 1050 609 1093 habeat
630 1049 812 1093 liberam
834 1051 1107 1095 voluntatem
1123 1086 1134 1106 ‚
1169 1055 1262 1096 Deo
1285 1061 1430 1095 tamen
1452 1067 1620 1110 semper

224 1120 354 1163 infixa
370 1155 380 1173 ‚
407 1135 634 1178 nunquam
653 1121 911 1178 peccaverit,
932 1121 1151 1164 intuentes
1171 1131 1348 1180 peccata
1369 1122 1616 1176 hominum,

224 1206 317 1234 non
340 1199 390 1234 ut
414 1206 593 1249 peccare
615 1191 836 1240 desinantq
869 1192 944 1235 sed
967 1193 1067 1250 quia
1094 1192 1198 1236 facti
1221 1202 1323 1236 sunt
1346 1191 1522 1246 dolent,
1550 1193 1618 1236 di-

230 1270 375 1305 centes
403 1280 411 1304 ε
441 1260 562 1304 Tales
586 1277 663 1305 nos
684 1262 873 1315 faceret,
899 1271 949 1304 ut
970 1277 1138 1320 semper
1160 1262 1509 1306 incommutabili
1528 1264 1619 1321 ejus
1682 1274 1689 1295 ι’
1722 1315 1725 1322 1

225 1332 409 1376 veritate
430 1331 622 1390 perfrui,
654 1347 881 1391 nunquam
905 1341 1050 1375 autem
1069 1348 1249 1391 peccare
1270 1332 1494 1376 vellemus.
1521 1335 1619 1377 Non

225 1402 434 1457 clament,
467 1418 557 1447 non
579 1412 863 1447 succenseant
885 1422 893 1446 :
920 1404 1021 1462 quia
1043 1418 1187 1462 neque
1208 1404 1321 1463 ipsos
1353 1403 1451 1448 ideo
1477 1405 1618 1462 coegit

224 1488 403 1532 peccare
418 1507 429 1528 ,
455 1474 558 1532 quia
580 1472 699 1527 fecit,
726 1472 886 1532 quibus
909 1482 1170 1531 potestatem
1192 1483 1340 1517 utrum
1361 1473 1525 1519 vellent
1546 1474 1618 1517 de-

226 1542 290 1587 dit
317 1562 326 1587 :
353 1552 396 1587 et
414 1552 516 1587 sunt
538 1542 644 1586 tales
667 1542 846 1602 quidam
866 1543 1021 1602 Angeli
1037 1579 1047 1599 ,
1075 1544 1150 1604 qui
1167 1559 1311 1604 neque
1327 1553 1619 1604 peccaverunt

225 1628 423 1673 unquam
440 1648 450 1668 ,
475 1629 619 1673 neque
639 1614 861 1672 peccaturi
883 1624 1000 1658 sunt.
1028 1617 1322 1667 Quamobrem
1345 1616 1380 1659 si
1411 1624 1452 1659 te
1471 1614 1618 1659 delec—

226 1693 290 1727 tat
311 1693 529 1738 creatura
562 1699 662 1743 quae
694 1685 1114 1743 perseverantissima
1137 1684 1364 1729 voluntate
1395 1701 1486 1730 non
1513 1701 1619 1744 pec-

227 1764 317 1809 cat,
343 1770 433 1798 non
454 1764 517 1798 est
538 1753 832 1798 dubitandum
852 1755 973 1814 quod
991 1770 1085 1799 eam
1104 1757 1302 1814 peccanti
1319 1765 1436 1799 recta
1453 1757 1620 1800 ratione

225 1839 483 1884 praeponas.
509 1824 581 1868 sed
612 1823 724 1868 sicut
758 1839 853 1867 eam
889 1833 939 1868 tu
976 1825 1241 1882 cogitatione
1273 1825 1522 1884 praeponis3
1561 1827 1619 1870 sic

227 1911 323 1939 eam
340 1904 507 1939 creator
521 1898 636 1938 Deus
654 1895 928 1939 ordinatione
947 1895 1198 1953 praeposuit.
1221 1895 1361 1939 Crede
1376 1910 1466 1939 esse
1487 1896 1620 1940 talem

227 1965 274 2009 in
295 1963 591 2023 superioribus
606 1963 797 2019 sedibus,
826 1973 869 2008 et
890 1964 936 2007 in
958 1963 1226 2008 sublimitate
1248 1963 1461 2008 coelorum
1482 1984 1490 2009 :
1517 1965 1619 2025 quia

228 2036 262 2080 si
284 2036 527 2080 bonitatem
544 2035 756 2080 Conditor
769 2035 956 2094 praebuit
979 2034 1034 2079 ad
1058 2050 1153 2078 eam
1178 2034 1470 2090 condendam,
1496 2037 1618 2096 cujus

228 2107 429 2166 praevidit
450 2106 598 2151 futura
620 2115 819 2166 peccata,
851 2105 974 2149 nullo
1007 2105 1138 2150 modo
1165 2121 1252 2150 non
1275 2106 1491 2165 praeberet
1523 2121 1619 2149 eam

227 2176 492 2232 bonitatem,
524 2186 575 2220 ut
609 2186 851 2220 creaturam
884 2176 1119 2231 conderet,
1161 2191 1293 2236 quam
1340 2184 1618 2235 peccaturam

231 2265 320 2294 non
343 2265 432 2293 esse
461 2249 692 2307 praescivit.

288 2322 386 2363 XV.
418 2320 562 2363 Habet
579 2319 695 2363 enim
718 2318 791 2362 illa
813 2318 1008 2362 sublimis
1026 2326 1281 2377 perpetuam
1303 2317 1615 2361 beatitudinem

234 2403 370 2442 suam,
396 2389 441 2431 in
462 2398 724 2448 perpetuum
746 2388 895 2433 fruens
918 2390 1121 2433 Creatore
1143 2403 1237 2441 suo,
1260 2401 1391 2446 quam
1408 2394 1617 2445 perpetua

234 2457 434 2501 tenendae
450 2459 627 2517 justitiae
649 2459 875 2503 voluntate
897 2467 1183 2517 promeretur.
1212 2456 1355 2500 Habet
1371 2455 1528 2499 deinde
1546 2469 1617 2498 or-

236 2526 382 2571 dinem
406 2543 532 2572 suum
545 2529 674 2573 etiam
692 2530 771 2574 ista
786 2528 1019 2588 peccatrix,
1046 2529 1196 2574 amissa
1214 2528 1258 2571 in
1272 2525 1456 2585 peccatis
1474 2525 1615 2568 beati·
