1729 3143
231 185 314 235 498
657 205 690 230 5.
727 199 958 230 mensum
989 203 1169 230 nuscum

227 271 335 333 quid
361 269 476 315 aliud
505 276 712 327 sequatur
745 267 886 311 anima
903 301 915 323 ,
939 276 990 311 ut
1019 268 1059 311 ei
1089 268 1223 312 virtus
1244 269 1378 327 possit
1412 266 1607 312 innasci:

226 343 329 403 quia
358 353 501 399 neque
533 337 644 382 nihil
674 337 898 398 sequendo
914 373 925 393 ,
962 353 1105 398 neque
1130 337 1358 382 stultitiam
1389 336 1612 397 sequendo

225 419 387 472 potest,
412 416 630 470 quantum
652 409 762 453 ratio
778 423 875 454 mea
898 407 998 464 fert,
1024 407 1079 453 ad
1095 408 1351 469 sapientiam
1369 408 1608 468 pervenire.

282 483 338 526 X.
374 481 469 525 Hoc
488 479 620 539 igitur
637 477 782 535 aliud,
804 478 926 540 quod
947 479 1172 540 sequendo
1194 479 1338 524 anima
1358 478 1529 524 virtutis
1546 485 1614 522 at-

225 567 312 612 que
331 550 555 610 sapientiae
570 565 750 610 compos
767 550 834 606 fit,
854 560 931 596 aut
943 551 1076 603 homo
1093 551 1260 611 sapiens
1278 558 1342 594 est
1356 584 1368 605 ,
1388 557 1465 594 aut
1480 552 1611 594 Deus.

225 622 310 667 Sed
330 636 460 682 supra
480 620 648 666 dictum
667 633 758 677 est,
782 619 870 666 tale
903 620 1116 681 quiddam
1147 636 1238 666 esse
1269 620 1429 665 debere
1449 654 1460 675 ,
1494 616 1617 678 quod

223 692 350 736 inviti
373 691 573 736 amittere
594 705 877 752 nequeamus.
900 692 1005 745 Quis
1027 707 1129 743 vero
1150 689 1451 737 cunctandum
1472 696 1614 748 putet,

224 763 448 807 hominem
473 762 729 820 sapientem,
754 762 789 806 si
810 777 911 806 eum
931 762 1053 822 sequi
1076 764 1177 808 satis
1198 762 1511 822 putaverimus,
1536 774 1617 804 au-

221 833 325 878 seiri
343 833 470 877 nobis
493 847 584 877 non
601 833 734 876 modo
751 833 1067 887 recusantibus,
1092 835 1169 878 sed
1189 834 1321 878 etiam
1337 830 1620 892 repugnanti-

223 904 304 949 bus
322 905 479 982 posse?
501 906 616 948 Deus
637 902 769 960 igitur
791 909 946 957 restat,
971 916 1103 962 quem
1131 903 1166 946 si
1199 904 1440 963 sequimur,
1474 903 1614 975 bene.

221 976 256 1020 si
279 974 565 1053 assequimur,
587 987 678 1016 non
695 976 867 1016 tantum
883 972 1012 1028 bene,
1031 971 1107 1017 sed
1127 973 1256 1017 etiam
1272 973 1399 1017 beate
1413 950 1620 1017 vivimus?

224 1050 367 1101 Quem
386 1046 421 1089 si
443 1045 519 1105 qui
536 1059 626 1089 esse
648 1053 841 1104 negant,
866 1044 975 1105 quid
995 1059 1077 1104 ego
1096 1045 1283 1104 cogitem
1305 1059 1394 1105 quo
1414 1043 1499 1087 illis
1526 1057 1618 1087 ser-

221 1133 351 1164 mone
370 1115 648 1163 suadendum
670 1116 725 1160 sit
742 1150 753 1172 ,
778 1131 879 1160 cum
897 1115 1062 1176 quibus
1084 1125 1234 1161 utrum
1255 1115 1435 1161 omnino
1452 1128 1618 1159 sermo-

222 1189 461 1235 cinandum
492 1188 568 1243 sit,
606 1188 784 1233 nescio?
817 1188 954 1242 Quod
973 1197 1121 1233 tamen
1153 1189 1187 1232 si
1212 1187 1460 1241 videbitur,
1486 1185 1618 1245 longe

224 1260 344 1306 aliud
366 1259 659 1337 principium,
679 1257 761 1303 alia
778 1259 914 1313 ratio,
941 1257 1077 1303 alius
1066 1273 1283 1318 ingressus
1301 1255 1519 1302 ineundus
1537 1264 1617 1311 est,
1652 1263 1655 1264 ’

224 1327 359 1392 quam
380 1331 427 1374 in
449 1329 781 1407 praesentiarum
803 1329 1085 1389 suscepimus
1106 1332 1233 1376 Nunc
1253 1329 1403 1389 itaque
1418 1342 1520 1372 cum
1536 1325 1621 1370 illis

226 1402 334 1446 mihi
351 1416 418 1446 res
433 1409 512 1455 est,
537 1400 612 1460 qui
632 1402 773 1444 Deum
788 1415 878 1444 esse
894 1415 983 1444 non
996 1408 1183 1459 negant:
1204 1413 1348 1459 neque
1364 1397 1410 1442 id
1428 1405 1617 1451 tantum,

225 1471 302 1516 sed
323 1472 454 1516 etiam
470 1485 562 1516 non
579 1470 632 1515 ab
651 1485 702 1515 eo
717 1470 878 1530 negligi
897 1485 963 1514 res
976 1470 1191 1514 humanas
1213 1467 1421 1513 fatentur.
1439 1466 1620 1513 Nullum

226 1543 343 1588 enim
375 1542 562 1587 arbitror
595 1540 743 1601 aliquo
773 1541 989 1600 religionis
1022 1542 1200 1585 nomine
1223 1540 1387 1594 teneri,
1426 1539 1502 1599 qui
1530 1552 1621 1582 non

226 1613 381 1658 saltem
404 1612 557 1657 animis
578 1612 735 1657 nostris
755 1611 902 1657 divina
918 1611 1190 1672 providentia
1206 1611 1373 1657 consuli
1389 1610 1616 1654 existimet.

283 1686 364 1728 XI.
402 1683 487 1729 Sed
509 1699 597 1744 quo
617 1692 746 1743 pacto
768 1684 993 1744 sequimur
1015 1699 1148 1744 quem
1173 1699 1263 1729 non
1292 1681 1520 1739 videmus,
1545 1688 1621 1725 aut

227 1754 452 1815 quomodo
484 1755 708 1809 videmus,
745 1754 821 1814 qui
847 1770 937 1799 non
969 1755 1111 1799 solum
1138 1755 1359 1808 homines,
1392 1753 1468 1796 sed
1489 1751 1620 1796 etiam

226 1827 477 1886 insipientes
500 1826 698 1870 homines
719 1828 902 1870 sumus?
922 1828 1186 1885 Quanquam
1205 1825 1322 1869 enim
1344 1839 1434 1869 non
1457 1822 1592 1868 oculis
1606 1857 1617 1877 ‚

230 1897 305 1942 sed
337 1906 486 1941 mente
518 1905 751 1951 cernatur,
791 1911 891 1956 quae
924 1897 1102 1941 tandem
1123 1911 1245 1939 mens
1264 1894 1422 1939 idonea
1444 1893 1621 1954 reperiri

231 1976 397 2028 potest,
423 1982 523 2028 quae
551 1982 653 2012 cum
681 1966 876 2011 stultitiae
907 1967 1027 2011 nube
1049 1967 1278 2024 obtegatur
1295 2000 1306 2021 ,
1331 1964 1473 2009 valeat
1501 1962 1621 2008 illam

230 2041 375 2085 lucem
396 2040 465 2085 vel
487 2040 617 2085 etiam
637 2048 819 2084 conetur
839 2039 1044 2083 haurire?
1062 2036 1421 2097 Confugiendum
1449 2045 1513 2081 est
1540 2036 1622 2094 igi-

234 2120 304 2156 tur
332 2110 386 2155 ad
415 2126 566 2156 eorum
593 2119 834 2170 praecepta,
871 2125 981 2170 quos
1002 2110 1216 2170 sapientes
1243 2107 1374 2153 fuisse
1395 2105 1623 2167 probabile

233 2191 310 2227 est.
350 2183 570 2227 Hactenus
599 2180 745 2241 potuit
776 2181 885 2226 ratio
913 2179 1108 2240 perduci.
1146 2179 1411 2224 Versabatur
1432 2192 1622 2238 namque

231 2268 321 2298 non
341 2253 522 2297 veritate
544 2252 702 2297 certior
716 2288 727 2308 ,
752 2251 827 2297 sed
848 2250 1164 2296 consuetudine
1185 2250 1398 2305 securior,
1423 2249 1470 2293 in
1493 2248 1622 2292 rebus

232 2323 448 2369 humanis.
469 2326 526 2368 At
548 2322 625 2367 ubi
644 2322 700 2367 ad
717 2321 864 2367 divina
882 2330 1140 2382 perventum
1157 2330 1242 2376 est,
1262 2320 1416 2366 avertit
1432 2335 1541 2375 sese,
1559 2319 1621 2362 in-

229 2394 343 2438 tueri
360 2409 450 2440 non
469 2402 629 2454 potest,
655 2393 854 2454 palpitat,
875 2402 1050 2449 aestuat,
1072 2393 1209 2437 inhiat
1227 2407 1389 2448 amore,
1414 2389 1620 2436 reverbe-

230 2473 346 2507 ratur
370 2464 469 2509 luce
491 2464 700 2520 veritatis,
726 2473 770 2508 et
792 2464 845 2509 ad
864 2463 1201 2509 familiaritatem
1223 2461 1503 2508 tenebrarum
1524 2475 1623 2504 sua-

235 2548 349 2588 rum,
371 2550 460 2579 non
482 2534 712 2590 electione,
729 2534 804 2579 sed
829 2532 1083 2594 fatigatione
1096 2533 1379 2579 convertitur.
1398 2534 1539 2585 Quam
1552 2530 1623 2574 hic
