1729 3143
232 195 285 233 50
659 203 692 231 s.
729 202 959 230 Aucusnm
989 202 1172 229 muscum

222 287 242 310 »
268 270 314 313 in
334 269 529 314 claritate
550 283 626 312 sua
642 301 653 321 ,
681 265 1069 324 congregabuntur
1085 273 1188 309 ante
1209 279 1312 308 eum
1330 279 1483 310 omnes
1505 279 1613 322 gen-

226 356 246 380 »
273 348 368 396 tes,
402 348 445 383 et
465 336 683 396 separabit
715 350 788 380 eos
816 335 1080 382 abinvicem
1099 370 1111 390 ,
1142 335 1257 379 sicut
1276 345 1445 394 separat
1466 344 1614 395 pastor
1682 372 1685 377 .

225 427 245 450 »
271 424 371 453 oves
394 410 449 453 ab
472 406 628 451 hoedis.
657 423 677 446 »
702 408 755 449 In
776 422 865 465 quo
884 406 983 451 loco
1005 407 1061 451 ab
1083 405 1361 465 Evangelista
1376 406 1614 465 expressius

214 479 351 537 judex
371 477 691 521 demonstratus
712 485 779 519 est
801 475 937 519 Filius
955 509 967 530 ,
1006 484 1056 520 ut
1077 477 1208 520 etiam
1235 475 1431 535 ejusdem
1454 474 1614 534 judicis
1689 508 1701 542 5

214 546 427 590 sententia
461 545 726 604 panderetur
746 579 757 600 ,
799 544 984 590 dicentis
1009 563 1020 590 ε
1056 564 1078 588 «
1103 545 1241 589 Ibunt
1269 545 1390 604 impii
1421 545 1468 588 in
1488 558 1615 589 com·
1685 536 1700 572 ’ὅ

217 633 237 656 »
263 616 511 660 bustionem
529 625 741 660 aeternam
759 650 770 670 ‚
786 615 894 675 justi
914 624 1064 659 autem
1084 616 1131 659 in
1152 616 1287 661 vitam
1304 624 1517 659 aeternam
1534 617 1564 658 ².
1590 632 1612 656 »
1688 612 1699 624 ⁴

213 686 344 737 Quod
373 686 407 729 si
428 685 581 729 nolens
606 687 815 730 obsistere
845 695 981 730 tantae
1002 686 1251 730 auctoritati
1270 685 1428 729 dixeris
1453 684 1615 728 Filium
1678 710 1690 747 4

212 753 424 813 judicem,
446 759 617 800 Patrem
633 770 734 815 ergo
754 755 931 814 negabis
942 755 1168 816 judicem?
1189 771 1295 810 non,
1319 755 1480 814 inquis,
1505 768 1618 811 nego

216 827 390 869 Patrem
400 825 613 885 judicem.
634 826 864 879 Quomodo
881 841 969 871 non
983 829 1139 884 negas?
1157 827 1270 879 Quia
1289 829 1435 880 Pater,
1452 824 1614 884 inquis,

218 904 477 954 potestatem
494 897 638 951 dedit,
659 897 797 942 Filius
811 897 991 956 accepit.
1009 896 1148 941 Video
1163 896 1343 956 quidem
1354 930 1365 949 ,
1387 895 1616 950 haeretice,

219 981 308 1024 quo
325 966 480 1010 strabis
494 966 631 1010 oculis
646 968 847 1011 intendas
865 1002 878 1021 ,
903 983 993 1027 quo
1006 981 1220 1026 perversae
1234 966 1391 1010 mentis
1404 965 1541 1009 aciem
1553 965 1618 1009 in·

211 1035 418 1079 tentionis
442 1035 620 1093 dirigas.
650 1037 930 1080 Recitaturus
958 1038 1075 1079 enim
1097 1036 1265 1079 mihies
1293 1052 1343 1080 ex
1377 1034 1617 1092 Evangelio

217 1112 260 1146 et
278 1103 502 1149 dicturus:
524 1108 688 1148 «Pater
705 1121 796 1149 non
808 1105 978 1164 judicat
992 1120 1259 1164 quemquam
1275 1139 1285 1158 ,
1311 1104 1387 1148 sed
1406 1119 1535 1148 omne
1542 1106 1618 1164 ju·
1692 1115 1695 1123 ⁸

219 1191 238 1213 »
265 1172 433 1217 dicium
455 1172 578 1216 dedit
603 1174 759 1217 Fili02.
787 1193 806 1215 »
833 1178 886 1218 In
903 1190 971 1228 eo,
997 1174 1157 1233 inquis,
1185 1173 1306 1232 quod
1330 1176 1456 1217 Pater
1477 1172 1616 1228 dedit,
1690 1191 1695 1204 ¹

217 1242 353 1286 Filius
373 1243 556 1300 accepit,
581 1244 718 1302 major
735 1253 800 1288 est
817 1245 970 1302 utique
988 1244 1065 1302 qui
1080 1244 1155 1287 dat
1169 1278 1180 1297 ,
1197 1258 1330 1302 quam
1341 1244 1418 1303 qui
1431 1244 1587 1302 accipit
1606 1262 1616 1288 :

184 1330 187 1331 ⁷
218 1313 355 1371 major
369 1321 433 1356 est
448 1316 591 1367 Pater,
608 1314 751 1356 minor
765 1322 828 1356 est
840 1313 993 1357 Filius.
1014 1316 1113 1357 Non
1130 1327 1181 1356 ex
1195 1313 1276 1357 hac
1289 1313 1505 1357 sententia
1520 1313 1620 1371 glo·
1688 1303 1693 1347 2⁵

216 1382 351 1427 rietur
368 1391 446 1427 tua
468 1382 634 1427 vanitas
653 1401 662 1426 :
682 1382 893 1441 quoniam
908 1397 960 1426 ex
976 1383 1068 1441 ipsa
1086 1391 1128 1425 te
1143 1398 1262 1426 nunc
1276 1383 1422 1427 divina
1437 1383 1621 1428 convin-
1686 1405 1692 1460 3

219 1453 279 1496 cit
296 1452 544 1496 auctoritas.
570 1471 590 1493 «
613 1455 756 1507 Pater,
772 1453 934 1511 inquis,
954 1467 1044 1496 non
1054 1452 1223 1512 judicat
1240 1468 1526 1512 quemquam,
1546 1452 1622 1497 sed
1688 1460 1692 1467 '

222 1540 242 1563 >›
260 1537 391 1567 omne
401 1521 620 1582 judicium
634 1521 757 1566 dedit
772 1521 898 1566 Filio.
922 1540 943 1563 »
964 1523 1276 1580 Cognoscimus
1294 1542 1303 1567 :
1319 1524 1443 1568 novit
1454 1524 1620 1582 quippe

217 1609 320 1637 sana
342 1593 449 1637 fides
479 1592 703 1652 quomodo
733 1593 817 1637 hoc
846 1592 1080 1650 intelligat.
1113 1596 1256 1638 Homo
1286 1594 1403 1636 enim
1431 1593 1506 1637 ille
1525 1603 1621 1638 sus-

219 1672 397 1722 ceptus,
423 1663 500 1722 qui
521 1663 653 1707 etiam
681 1664 772 1721 ipse
804 1661 1049 1721 appellatus
1071 1673 1136 1707 est
1159 1665 1235 1707 Dei
1263 1664 1399 1707 Filius
1417 1699 1428 1717 ,
1454 1665 1622 1723 accepit
1671 1663 1673 1665 ’

220 1741 481 1791 potestatem
498 1766 510 1787 ,
537 1732 613 1776 sed
647 1731 780 1776 dante
804 1736 932 1776 Patre
955 1741 1000 1776 et
1019 1732 1130 1776 Filio
1154 1752 1163 1777 z
1188 1733 1396 1791 quoniam
1413 1733 1620 1778 Filius'in
1672 1774 1678 1779 .

221 1805 346 1847 Patre
364 1811 428 1846 est
447 1837 458 1857 ,
485 1811 528 1846 et
545 1805 672 1846 Pater
689 1803 734 1845 in
757 1801 886 1846 Filio.
912 1803 1133 1847 Caeterum
1155 1803 1190 1846 si
1213 1812 1277 1857 tu,
1304 1803 1527 1858 haeretice,
1552 1818 1620 1848 se-

221 1871 417 1917 cundnm
437 1871 557 1916 illam
590 1887 838 1931 perversam
869 1881 1058 1917 vestram
1082 1872 1327 1917 doctrinam
1354 1872 1419 1916 illi
1440 1874 1524 1917 hoc
1546 1889 1623 1918 vo·
1672 1917 1673 1922 ,

218 1942 349 1987 lueris
371 1943 584 2000 assignare
607 1942 831 1987 Divinitati
848 1977 860 1997 ,
887 1958 975 2002 qua
1005 1942 1138 1986 Filius
1170 1943 1350 2002 aequalis
1374 1953 1439 1987 est
1471 1945 1616 1999 Patri,
1666 1932 1670 1939 ’

219 2028 370 2073 quaero
392 2014 467 2058 abs
489 2022 531 2058 te
552 2012 803 2073 diligentius
820 2049 830 2068 ,
857 2022 902 2057 et
918 2022 968 2057 ut
984 2014 1090 2056 mihi
1110 2013 1370 2073 respondeas
1389 2013 1614 2070 celeriter,

222 2084 442 2141 insistam,
467 2085 564 2144 quis
595 2086 649 2129 sit
678 2084 750 2127 ille
782 2084 928 2143 quiin
959 2083 1074 2127 libro
1113 2085 1443 2128 Deuteronomii
1477 2084 1621 2141 Moysi
1667 2079 1670 2081 ⁵

222 2154 423 2200 dicebat:
455 2175 477 2198 ιι
503 2157 558 2199 In
589 2154 659 2199 die
685 2153 840 2214 judicii
861 2154 1041 2198 reddam
1064 2153 1148 2198 illis
1166 2155 1198 2197 3.
1228 2172 1248 2195 »
1283 2157 1382 2200 Non
1405 2163 1529 2213 potes
1553 2155 1620 2198 di-

221 2241 318 2271 cere
343 2245 353 2271 :
377 2230 504 2271 Pater
525 2235 589 2270 est
614 2245 625 2282 3
659 2226 868 2285 quoniam
896 2223 1138 2269 secundum
1172 2224 1399 2282 Evangelii
1431 2233 1611 2268 senten·
1670 2214 1683 2239 '³

225 2297 331 2340 tiam
362 2312 386 2340 a
417 2305 460 2340 te
479 2295 720 2356 prolatam,
750 2314 771 2337 «
797 2298 923 2339 Pater
953 2310 1045 2339 non
1073 2292 1244 2354 judicat
1279 2308 1568 2353 quemquam:
1592 2312 1612 2336 »

223 2368 338 2423 Ergo
351 2367 487 2413 Filius
503 2376 568 2412 est
584 2367 660 2427 qui
679 2365 882 2411 dicebat:
907 2384 928 2409 α
945 2369 998 2410 In
1012 2365 1083 2409 die
1097 2363 1252 2425 judicii
1268 2364 1452 2409 reddam
1464 2364 1563 2410 illis.
1589 2383 1610 2406 »
1655 2417 1667 2426 ‚

225 2435 360 2480 Filius
381 2439 477 2482 est?
516 2436 748 2498 Responde
764 2471 776 2492 ,
817 2435 925 2495 quid
961 2436 1169 2480 dubitas?
1197 2434 1335 2480 Filius
1361 2436 1445 2480 hoc
1472 2434 1610 2491 dixit,
1658 2428 1665 2474 Ϊ

281 2525 290 2542 ¹
310 2520 431 2553 Matth.
449 2531 525 2563 xxv,
544 2521 660 2554 31-36.
675 2536 713 2545 -
728 2527 742 2544 ²
761 2521 851 2553 Joan.
871 2530 907 2561 v,
925 2527 980 2553 22.
1002 2535 1044 2543 —-
1066 2517 1080 2542 ³
1096 2521 1190 2552 Dent.
1210 2529 1314 2561 xxxn,
1337 2518 1391 2552 35.
