1729 3143
527 207 580 233 DE
612 201 837 233 UTILITATE
869 204 1046 231 JEJUNH.
1393 190 1476 230 197

100 271 291 316 dividere
307 306 318 326 ,
343 272 505 317 frater?
526 271 653 325 Quod
674 271 789 314 enim
810 270 971 315 dimisit
989 270 1114 315 nobis
1136 270 1362 325 Dominus,
1385 285 1475 315 non

99 350 242 399 potest
263 341 410 385 dividi.
437 344 605 386 Aurum
621 349 684 384 est
700 340 815 383 enim
827 374 838 394 ,
856 349 906 383 ut
923 349 1124 384 stateram
1139 339 1357 385 divisionis
1371 355 1477 400 pro-

102 410 239 455 ferat?
259 415 499 470 Argentum
522 420 606 465 est,
630 410 820 469 pecunia>
831 419 918 465 est,
943 411 1157 470 mancipia
1174 419 1298 466 sunt,
1322 424 1478 470 pecora

99 490 220 536 sunt,
248 482 420 525 arbores
452 490 580 535 sunt,
616 480 706 538 agri
735 482 877 524 sunt?
909 481 1065 524 Omnia
1095 481 1209 525 enim
1232 482 1312 526 ista
1344 480 1479 526 dividi

99 560 293 608 possunt.
319 553 416 595 Non
437 559 580 609 potest
601 548 736 593 dividi
761 568 769 594 ε
797 568 817 591 «
837 553 991 594 Pacem
1009 565 1150 593 meam
1173 551 1230 595 do
1251 551 1388 606 vobis,
1408 566 1478 610 pa-

102 638 122 660 »
149 635 242 664 cem
276 633 416 663 meam
450 620 623 664 dimitto
651 620 814 665 vobis1.
833 639 854 662 »
893 623 1117 665 Postremo
1145 621 1190 664 in
1217 621 1317 680 ipsis
1350 622 1481 667 etiam

99 689 280 734 terrenis
318 689 648 734 haereditatibus
676 689 828 735 divisio
856 690 1069 735 minorem
1096 689 1200 735 facit
1227 711 1235 734 :
1266 692 1481 735 constitue

100 759 208 804 duos
230 760 381 805 fratres
404 761 485 804 sub
507 776 596 805 uno
618 770 740 820 patre
757 796 768 816 ,
793 761 1009 822 quidquid
1030 760 1221 820 possidet
1236 770 1372 821 pater,
1391 776 1482 805 am-

98 830 256 873 borum
289 839 376 885 est,
406 839 547 875 totum
570 831 708 887 illius,
738 841 881 877 totum
909 840 952 876 et
977 830 1108 876 illius.
1141 832 1330 876 Proinde
1361 832 1395 875 si
1425 831 1479 875 de

97 899 225 942 rebus
259 900 344 943 suis
365 900 655 959 interrogetur
672 936 683 956 ,
709 901 769 946 sic
791 900 1024 961 respondet
1045 920 1053 946 :
1079 902 1212 961 Cujus
1242 909 1334 955 est,
1358 899 1481 945 verbi

99 969 233 1024 gratia
251 1000 262 1019 '
287 971 432 1024 [equus
467 969 540 1006 ille
556 972 573 1004 ‘3
597 973 654 1006 Et
676 971 710 1006 oi
732 972 807 1005 uni
832 986 985 1006 corum
1015 970 1170 1006 dixeri«
1190 990 1198 1007 ·.
1224 973 1378 1010 Noster
1400 978 1479 1012 est.

97 1037 231 1093 Cujus
265 1034 337 1077 ille
370 1032 554 1086 fundus,
582 1031 654 1075 ille
691 1047 840 1076 servus
866 1051 875 1076 ι
900 1033 952 1074 In
982 1031 1186 1075 omnibus
1214 1035 1479 1092 respondet:

95 1107 248 1150 Noster
271 1113 347 1146 est.
383 1103 426 1147 Si
458 1111 603 1146 autem
634 1101 853 1155 dividant,
880 1102 970 1160 jam
1002 1101 1120 1145 aliud
1155 1103 1444 1162 respondetur
1469 1124 1478 1150 ε

97 1174 232 1232 Cujus
270 1187 407 1232 equus
438 1170 550 1214 ille?
577 1174 716 1215 Meus.
753 1171 887 1230 Cujus
917 1170 1028 1215 iste?
1050 1172 1209 1215 Fratris
1242 1173 1342 1216 mei.
1370 1176 1482 1218 Ecce

100 1243 210 1302 quid
246 1243 327 1286 tibi
359 1242 464 1286 fecit
492 1241 630 1284 divisi.
671 1243 769 1286 Non
803 1255 942 1284 unum
977 1240 1218 1297 acquisisti,
1246 1241 1320 1285 sed
1342 1257 1482 1287 unum

99 1312 341 1372 perdidisti.
370 1313 411 1356 Si
434 1327 534 1370 ergo
557 1320 600 1355 et
620 1310 751 1355 talem
766 1310 1067 1356 haereditatem
1084 1311 1357 1366 haberemus,
1382 1329 1482 1373 quae

101 1383 233 1428 dividi
255 1392 399 1442 posset
418 1405 428 1440 3
452 1382 647 1427 dividere
663 1392 811 1426 tamen
829 1398 918 1427 non
936 1382 1192 1426 deberemus
1210 1416 1220 1437 ,
1246 1397 1300 1425 ne
1318 1393 1483 1429 nostras

98 1453 268 1499 divitias
291 1453 590 1497 minuerimus.
610 1455 666 1496 Et
688 1462 803 1497 certe
824 1451 934 1496 nihil
956 1462 1045 1496 tam
1066 1453 1367 1511 importunum
1385 1454 1483 1499 filiis

99 1540 232 1583 quam
253 1525 350 1568 vivo
367 1532 489 1582 patre
508 1522 620 1566 velle
638 1522 845 1567 dividere.
868 1523 1064 1582 Denique
1076 1523 1110 1566 si
1122 1523 1206 1567 hoc
1228 1522 1367 1567 facere
1383 1539 1482 1569 mo-

99 1594 261 1638 liantur
279 1629 289 1649 ,
315 1594 348 1636 si
365 1593 512 1637 litibus
528 1601 571 1636 et
586 1593 942 1637 contentionibus
963 1591 1166 1636 studeant
1188 1594 1243 1636 ad
1264 1592 1484 1639 vindican-

100 1664 174 1708 das
197 1664 278 1708 sibi
300 1664 485 1724 quisque
498 1672 641 1722 partes
656 1678 767 1718 suaS,
789 1662 1000 1707 exclamat
1021 1678 1149 1708 senex
1167 1683 1175 1708 ε
1193 1662 1309 1716 Quid
1320 1662 1484 1709 facitis?

99 1734 257 1777 Adhuc
291 1734 403 1778 vivo.
444 1735 679 1792 Expectate
706 1733 937 1793 paululum
965 1742 1149 1778 mortem
1181 1749 1322 1779 meam
1342 1769 1352 1789 ‚
1377 1744 1483 1779 tunc

99 1813 238 1848 secate
260 1805 439 1849 domum
455 1819 613 1849 meam.
632 1807 718 1850 Nos
736 1814 882 1848 autem
901 1807 1042 1849 Deum
1059 1814 1224 1865 patrem
1246 1805 1479 1849 habemus:

99 1874 206 1933 quid
226 1875 337 1918 imus
357 1875 403 1918 in
426 1874 708 1920 divisionem?
729 1874 837 1935 quid
851 1875 963 1919 imus
975 1875 1020 1920 in
1037 1875 1163 1921 lites?
1184 1877 1313 1921 Certe
1329 1890 1482 1935 expec-

99 1953 238 1988 temus
261 1964 269 1989 :
295 1946 328 1988 si
349 1946 459 1990 mori
479 1947 684 2006 potuerit,
705 1945 966 1992 dividamus.

145 2042 155 2061 ¹
173 2041 263 2073 Joan,
284 2051 354 2081 x1v,
373 2048 426 2082 27.
