1729 3143
221 203 273 241 16
651 210 683 238 s.
721 210 952 238 Aucusnm
986 210 1166 236 EPISCOPI

218 294 240 318 »
256 275 384 320 latio?
402 289 457 318 an
475 274 668 331 angustia
677 274 694 313 ’.Ρ
701 287 758 316 an
776 273 1041 331 persecutio?
1055 287 1111 315 an
1135 271 1301 315 fames?
1318 287 1374 316 an
1390 273 1568 318 nuditas
1579 279 1597 316 ’ἐ

219 364 240 387 »
266 361 322 390 an
339 344 606 404 periculum?
617 357 673 386 an
687 341 882 400 gladius?
898 343 1017 387 Sicut
1025 342 1234 400 scriptum
1245 350 1331 385 est:
1347 344 1457 394 Quia
1470 358 1602 403 prop-

219 433 240 457 »
261 424 326 458 ter
342 423 385 458 te
402 413 712 458 mortificamur
728 419 819 455 tota
841 411 927 466 die,
953 411 1152 470 deputati
1182 426 1330 455 sumus
1358 412 1469 456 sicut
1500 428 1601 457 oves

219 502 240 525 »
264 484 484 529 victimae1.
509 480 594 527 Sed
609 481 655 525 in
668 481 733 525 his
749 482 951 526 omnibus
963 482 1305 541 supervincimus
1320 496 1397 540 per
1411 496 1512 525 eum
1526 483 1602 542 qui

220 571 241 596 »
261 552 411 597 dilexit
423 567 521 597 nos:
537 567 658 597 »non
672 566 749 611 per
762 567 857 607 nos,
869 551 960 607 sed,
978 567 1086 611 «per
1099 567 1200 596 eum
1217 552 1294 611 qui
1311 551 1463 595 dilexit
1476 566 1570 596 nos.
1579 570 1599 593 »

217 621 383 668 Deinde
391 622 587 681 sequitur
597 631 641 666 et
651 621 867 682 adjungit:
883 640 904 664 «
914 623 1069 667 Certus
1089 638 1183 666 sum
1199 621 1332 676 enim,
1343 622 1448 681 quia
1460 635 1604 680 neque

218 709 241 734 »
265 706 551 751 mors,neque
564 691 669 746 vita,
693 705 837 750 neque
854 691 1025 749 Angeli‚
1045 706 1189 751 neque
1203 691 1474 750 Principatus
1486 725 1498 744 ‚
1522 704 1603 733 ne-

219 780 242 805 »
266 777 352 823 que
374 766 627 817 Potestates‚
660 776 804 821 neque
820 762 1066 820 praesentia,
1103 776 1247 821 neque
1260 761 1428 816 sutura,
1460 775 1603 819 neque

219 851 242 875 »
267 832 469 887 altitudo,
489 847 632 892 neque
654 830 942 891 profundum,
964 846 1107 891 neque
1127 840 1326 875 creatura
1347 830 1429 875 alia
1444 830 1606 890 poterit

220 919 243 943 >›
267 916 346 947 nos
369 916 564 961 separare
586 916 608 944 a
640 901 850 945 charitate
873 901 976 955 Dei,
1011 917 1111 960 quae
1134 910 1196 945 est
1223 901 1269 944 in
1297 900 1470 945 Christo
1501 902 1604 943 Jesu

222 990 244 1014 »
269 972 455 1017 Domino
464 974 645 1016 nostr02.
659 973 762 1015 Haec
777 970 920 1015 estilla
935 971 1119 1015 charitas
1133 971 1228 1024 Dei,
1240 986 1339 1030 quae
1361 970 1519 1014 diffusa
1542 978 1606 1013 est

222 1058 245 1084 >n
269 1042 316 1085 in
333 1041 539 1086 cordibus
551 1041 707 1086 nostris
727 1060 735 1085 :
757 1058 776 1082 »
798 1056 888 1084 non
909 1055 960 1084 ex
975 1042 1117 1096 nobis,
1142 1040 1218 1084 sed
1241 1058 1261 1082 «
1286 1055 1362 1099 per
1395 1040 1605 1098 Spiritum

222 1128 245 1153 »
271 1121 469 1156 sanctum
486 1146 497 1166 ,
520 1112 597 1171 qui
618 1111 745 1155 datus
765 1119 829 1154 est
847 1110 1007 1154 nohisss.
1029 1129 1049 1151 »
1067 1110 1283 1153 Malorum
1302 1119 1446 1154 autem
1465 1128 1486 1151 (ι.
1501 1125 1607 1154 con-

222 1198 245 1223 »
270 1181 552 1237 cupiscentia,
593 1199 613 1219 n
640 1189 818 1236 propter
839 1194 971 1235 quam
993 1179 1038 1219 in
1066 1177 1125 1220 eis
1148 1185 1211 1219 est
1233 1175 1339 1220 falsa
1368 1180 1577 1235 patientia
1592 1213 1603 1233 ,

226 1251 365 1294 «Non
394 1255 458 1291 est
487 1261 539 1289 ex
563 1249 704 1301 Patre,
743 1247 854 1291 sicut
874 1246 979 1290 dicit
1017 1245 1236 1304 apostolus
1279 1249 1303 1289 J
1307 1261 1490 1301 oannes,
1531 1248 1607 1291 sed

225 1338 247 1360 »
273 1334 325 1361 ex
336 1315 503 1361 mundo
521 1317 620 1360 est4.
643 1334 663 1357 »

282 1389 401 1431 XVI.
440 1386 520 1430 Hic
543 1386 659 1430 dicet
681 1385 857 1444 aliquis:
887 1387 928 1430 Si
950 1401 1002 1429 ex
1024 1386 1190 1431 mundo
1213 1397 1276 1431 θεῖ
1298 1389 1609 1446 concupiscen-

224 1458 285 1502 tia
305 1457 536 1509 malorum‚
563 1471 640 1514 per
660 1470 791 1514 quam
808 1455 856 1498 fit
872 1464 922 1499 ut
944 1455 1057 1499 mala
1073 1457 1218 1499 omnia
1240 1471 1319 1514 pro
1342 1471 1393 1500 eo
1415 1458 1536 1516 quod
1554 1458 1609 1501 31)

225 1526 309 1571 illis
326 1524 647 1584 concupiscitur
668 1523 887 1580 perferant
902 1559 912 1577 ,
943 1524 1165 1582 quomodo
1203 1540 1254 1567 ex
1277 1540 1429 1569 eorum
1449 1526 1609 1570 dicitur

225 1595 480 1640 voluntate?
498 1594 630 1646 Quasi
648 1607 748 1637 vero
771 1608 860 1637 non
882 1602 926 1636 et
942 1592 1022 1651 ipsi
1045 1607 1094 1636 ex
1112 1594 1278 1637 mundo
1296 1594 1382 1638 sint
1397 1629 1408 1649 ‚
1431 1610 1532 1638 cum
1554 1596 1609 1639 ab

226 1666 285 1710 eis
307 1663 499 1722 diligitur
516 1662 725 1717 mundus,
738 1662 907 1706 deserto
924 1677 975 1706 eo
990 1677 1066 1721 per
1089 1678 1220 1721 quem
1238 1662 1379 1708 factus
1397 1674 1460 1708 est
1481 1680 1612 1710 mun-

228 1736 324 1781 dus.
356 1754 377 1777 «
404 1735 606 1780 Serviunt
632 1733 746 1777 enim
789 1743 998 1777 creaturae
1035 1733 1179 1792 potius
1213 1749 1347 1793 quam
1384 1737 1578 1780 Creatori
1596 1771 1607 1791 ,

230 1824 252 1848 »
277 1806 353 1866 qui
375 1814 439 1849 est
459 1804 722 1848 benedictus
741 1804 786 1847 in
809 1803 1001 1847 saecu1a5.
1025 1821 1044 1844 »
1074 1804 1170 1848 Sive
1192 1804 1339 1863 itaque
1353 1806 1508 1850 mundi
1530 1822 1610 1850 vo-

229 1875 388 1920 cabulo
410 1877 597 1918 Joannes
618 1872 836 1932 apostolus
855 1872 1084 1916 dilectores
1106 1873 1408 1930 significaverit
1437 1875 1608 1931 mundi,

232 1945 433 1990 voluntas
442 1958 542 2003 quae
554 1958 605 1987 ex
622 1943 722 2002 ipsis
738 1951 818 1996 est,
832 1942 984 2001 utique
999 1957 1052 1985 ex
1064 1942 1231 1986 mundo
1244 1952 1308 1987 θεῖ
1325 1963 1333 1987 ;
1353 1944 1442 1987 sive
1457 1945 1611 1989 mundi

233 2015 408 2061 nomine
416 2013 579 2058 coelum
593 2021 637 2057 et
652 2021 811 2056 terram
820 2020 864 2055 et
876 2012 1218 2071 quaecumquein
1233 2012 1292 2056 eis
1301 2022 1418 2067 sunt,
1429 2015 1514 2059 hoc
1529 2024 1609 2069 est,

232 2086 478 2129 universam
489 2082 735 2142 complexus
754 2082 807 2125 sit
821 2090 1076 2136 creaturam,
1093 2081 1293 2126 voluntas
1310 2084 1464 2142 procul
1476 2083 1613 2129 dubio

233 2164 442 2200 creaturae
457 2189 467 2209 ‚
488 2169 586 2213 quae
618 2168 708 2198 non
726 2161 788 2197 est
803 2153 1017 2197 Creatoris
1032 2187 1043 2207 ‚
1068 2168 1118 2196 ex
1135 2153 1304 2197 mundo
1326 2163 1402 2198 est.
1431 2158 1612 2212 Propter

231 2224 353 2285 quod
373 2224 531 2268 talibus
552 2222 762 2268 Dominus
781 2221 910 2265 dicit:
933 2240 952 2262 «
975 2224 1061 2266 Vos
1083 2222 1137 2265 de
1159 2223 1361 2266 deorsum
1394 2223 1510 2277 estis,
1532 2240 1612 2282 ego

236 2313 257 2336 >1
283 2295 337 2339 de
354 2309 524 2339 sursum
546 2308 640 2338 sum
663 2308 671 2333 ε
697 2307 772 2336 vos
793 2292 847 2335 de
867 2292 950 2335 hoc
967 2291 1133 2335 mundo
1155 2293 1250 2335 estis
1265 2326 1275 2344 ‚
1302 2307 1382 2350 ego
1403 2308 1494 2336 non
1515 2309 1611 2337 sum

236 2381 258 2405 »
284 2362 338 2407 de
354 2364 437 2408 hoc
458 2363 660 2407 mundoss.
685 2380 704 2403 »
727 2358 943 2420 Apostolis
961 2369 1104 2404 autem
1122 2360 1249 2404 dicit.-
1276 2379 1292 2399 «
1316 2361 1358 2405 Si
1379 2361 1433 2405 de
1445 2362 1612 2407 mundo

283 2466 292 2482 ¹
319 2459 399 2491 Psal.
413 2470 500 2501 xuni,
518 2468 573 2493 22.
587 2475 629 2483 —
645 2465 658 2481 ²
678 2461 768 2492 Rom.
784 2467 849 2496 vm,
873 2455 930 2495 35,
949 2456 999 2497 39.
1018 2472 1057 2478 —
1076 2454 1153 2487 ³1d.
1173 2465 1203 2496 v,
1222 2454 1254 2487 5.
1270 2472 1311 2479 —-
1329 2454 1345 2484 4
1365 2463 1372 2479 ¹
1393 2459 1483 2489 Joan.
1498 2470 1536 2499 n,
1561 2458 1613 2491 16.

237 2531 277 2540 -τ
293 2513 307 2539 5
335 2517 425 2548 Rom.
445 2526 470 2556 1,
490 2515 522 2546 5.
543 2532 579 2537 -—
599 2514 614 2537 ⁶
633 2515 721 2545 Joan.
743 2524 811 2551 vni,
831 2511 884 2543 23.
