1729 3143
257 162 338 201 160
688 171 720 195 s.
755 168 982 195 AUGUSTml
1014 167 1195 195 13121800121

255 238 446 291 dinem¹,
469 255 489 278 »
526 233 661 280 Audis
689 233 916 287 virtutem,
943 231 1066 276 audis
1096 230 1442 290 magnitudinem
1464 267 1475 286 ,
1516 232 1639 277 audis

255 306 585 368 praescientiam.
605 306 657 346 In
669 317 775 361 quo,
795 303 1014 357 haeretice,
1032 302 1254 346 Christum
1272 300 1377 345 dicis
1393 317 1482 346 esse
1495 302 1638 346 mino-

254 379 381 422 rem?
405 374 488 420 Sed
521 371 624 416 audi
652 372 796 416 adhuc
822 371 931 431 quid
958 371 1189 415 adversum
1216 380 1259 415 te
1280 372 1352 415 hic
1374 374 1492 415 testis
1512 381 1556 415 et
1585 370 1639 415 de

256 447 369 492 Filio
389 453 432 487 et
450 442 504 486 de
528 441 692 501 Spiritu
713 451 863 486 sancto
886 441 1016 485 dicat.
1047 460 1066 483 «
1083 443 1181 486 Non
1198 441 1425 485 voluntate
1446 441 1641 484 humana

260 534 281 557 »
308 515 435 559 allata
457 521 546 568 est,
580 512 748 571 inquit,
773 512 1002 571 prophetia
1023 531 1031 556 :
1057 513 1132 555 sed
1157 512 1321 570 Spiritu
1350 521 1499 555 sancto
1530 511 1640 565 acti,

260 585 439 629 »locuti
467 592 569 628 sunt
597 583 795 627 homines
827 583 918 626 Dei.
952 586 1151 626 Fuerunt
1172 598 1274 626 vero
1307 591 1350 626 et
1373 582 1645 641 pseudopro-

258 673 279 696 »
304 656 448 714 phetae
469 654 515 698 in
537 652 722 712 populo,
747 652 858 696 sicut
880 661 923 695 et
943 653 989 695 in
1011 652 1133 696 vobis
1155 661 1284 695 erunt
1304 651 1499 709 magistri
1518 666 1644 694 men-

259 744 280 768 »
305 725 454 781 daces,
478 726 555 785 qui
584 724 879 768 subinducent
911 732 1044 766 sectas
1067 722 1320 781 perditionis
1336 757 1346 777 ,
1372 732 1416 765 et
1436 722 1513 781 qui
1542 721 1648 765 emit

260 815 280 838 »
306 811 379 841 eos
401 795 719 841 dominatorem
752 794 1057 852 abnegantes2.
1081 811 1099 835 n
1136 792 1267 836 Vides
1290 801 1333 836 te
1354 790 1507 836 validis
1528 791 1648 835 testi-

258 868 413 912 moniis
445 876 489 911 et
522 866 808 910 demonstrari
838 874 882 908 et
913 864 1128 909 convinci.
1171 866 1447 920 «Negantes,
1473 862 1646 920 inquit,

262 956 283 979 »
309 937 627 982 dominatorem
651 951 737 979 esse
760 935 837 995 qui
854 935 957 978 emit
979 950 1066 978 eos.
1092 954 1110 974 »
1136 936 1277 986 Quem
1299 947 1430 988 negas
1451 931 1651 975 domina—

259 1017 415 1059 torem,
440 1008 521 1051 nisi
541 1007 702 1050 Filium
724 1021 855 1056 quem
878 1005 984 1041 divin
1000 1020 1090 1041 esse
1117 1004 1364 1041 minorem?
1387 1005 1444 1043 Et
1470 1003 1567 1058 quis
1589 1011 1654 1045 est

260 1078 431 1137 quinos
453 1075 580 1125 emit,
603 1071 684 1114 nisi
704 1069 780 1128 qui
798 1084 876 1112 nos
897 1083 977 1113 suo
999 1069 1209 1126 sanguine
1231 1069 1416 1113 redemit
1435 1072 1453 1113 Ρ
1477 1070 1561 1114 Sed
1582 1072 1652 1114 in-

261 1144 482 1205 grediatur
514 1151 558 1185 et
584 1140 737 1184 tertius
760 1139 879 1182 testis
895 1173 905 1193 ,
931 1147 981 1182 ut
1004 1148 1089 1182 tres
1118 1154 1258 1182 unum
1282 1154 1431 1182 verum
1455 1141 1655 1184 testimo—

262 1217 387 1261 nium
405 1214 552 1257 dicant
571 1211 649 1254 uni
668 1209 867 1253 Trinitati
885 1218 928 1253 et
941 1209 1066 1252 trinae
1084 1208 1314 1252 divinitati.
1328 1211 1403 1253 Dic
1422 1219 1487 1264 ω,
1508 1220 1656 1255 sancte

265 1289 454 1330 Joannes
478 1317 488 1337 ,
528 1282 604 1341 qui
635 1295 765 1339 super
796 1288 947 1338 pectus
984 1278 1212 1323 Salvatoris
1246 1279 1552 1324 discumbebas
1566 1316 1577 1335 ,
1613 1290 1656 1324 et

264 1357 468 1402 videbas3
492 1351 813 1411 supercoelestia
836 1350 1048 1393 mirabilia
1070 1350 1252 1393 verbum
1284 1351 1457 1394 Domini
1484 1370 1493 1395 z
1519 1350 1590 1395 dic
1614 1361 1658 1395 et

266 1437 336 1481 tu,
361 1426 563 1485 inquam,
589 1420 698 1481 quid
720 1421 889 1465 noveris
914 1419 1074 1463 Filium
1098 1420 1190 1463 Dei.
1218 1439 1237 1461 «
1255 1423 1306 1463 In
1326 1420 1559 1479 principio,
1585 1421 1656 1464 in-

271 1516 290 1539 »
315 1496 426 1556 quit,
451 1501 543 1536 erat
559 1491 771 1545 Verbum,
792 1499 835 1534 et
850 1489 1044 1533 Verbum
1064 1500 1155 1533 erat
1175 1489 1294 1548 apud
1311 1493 1468 1544 Deum,
1487 1500 1528 1534 et
1543 1494 1657 1535 Deus

274 1589 291 1609 »
318 1575 408 1610 erat
435 1564 671 1608 Verbum&
692 1580 711 1602 »
737 1564 793 1605 Et
823 1562 867 1605 in
886 1561 1079 1619 Epistoia
1102 1576 1205 1604 sua:
1226 1561 1455 1615 «Scimus,
1489 1561 1655 1620 inquit,

273 1657 293 1679 »
320 1635 526 1696 quoniam
539 1632 672 1676 Filius
681 1632 758 1675 Dei
779 1630 920 1685 venit,
944 1639 987 1673 et
1009 1629 1130 1673 dedit
1151 1630 1277 1674 nobis
1293 1630 1566 1674 intellectum
1579 1666 1589 1686 ,
1609 1639 1660 1675 ut

276 1727 295 1750 η
320 1707 503 1752 sciamus
525 1702 631 1762 quid
650 1716 802 1746 verum
824 1701 893 1755 sit,
919 1710 962 1744 et
983 1701 1114 1744 simus
1128 1700 1174 1743 in
1187 1716 1289 1744 vero
1311 1701 1423 1745 Filio
1445 1702 1564 1760 ejus3
1590 1702 1661 1746 hic

277 1797 296 1820 »
323 1785 387 1821 est
408 1774 524 1818 enim
544 1787 673 1817 verus
694 1775 808 1815 Deus
831 1779 873 1814 et
894 1770 982 1814 vita
1004 1779 1165 1814 aeterna
1179 1772 1209 1812 5.
1228 1773 1330 1813 »Tu
1351 1780 1498 1814 autem
1520 1771 1664 1815 mino-

276 1864 367 1893 rem
389 1845 575 1890 dicendo
596 1842 773 1897 Filium,
792 1842 869 1901 qui
889 1849 952 1884 est
970 1843 1083 1884 Deus
1100 1855 1249 1893 verus,
1271 1855 1361 1884 non
1378 1840 1513 1883 habes
1529 1841 1662 1884 vitam

277 1928 499 1963 aeternam.
537 1913 619 1960 Sed
649 1913 703 1957 ad
733 1911 1047 1957 confutandam
1075 1911 1396 1954 contumaciam
1417 1925 1662 1968 perversam

278 1987 450 2034 haeresis
466 2021 477 2042 ,
502 1984 557 2030 ad
579 1981 912 2043 deglutiendum
935 1990 976 2025 te
996 1996 1171 2040 serpens
1190 1979 1356 2038 magice
1376 1978 1540 2035 factus,
1574 1995 1665 2024 non

281 2077 305 2105 a
325 2058 505 2105 veritate
528 2063 774 2114 susceptus,
799 2053 890 2113 ipse
918 2055 1045 2096 Pater
1066 2050 1366 2095 testimonium
1386 2049 1502 2094 dicat
1521 2049 1575 2094 de
1594 2050 1668 2093 Fi-

282 2129 342 2174 lio
367 2149 376 2174 ε
402 2137 453 2173 ut
482 2125 593 2171 nihil
619 2123 804 2184 amplius
831 2138 1022 2184 quaeras,
1057 2120 1167 2165 nihil
1188 2120 1375 2180 amplius
1397 2118 1560 2164 credas.
1586 2123 1669 2164 Per

285 2199 549 2259 Prophetam
571 2217 579 2243 :
609 2215 630 2239 «
651 2198 835 2250 Tecum,
860 2194 1003 2254 inquit
1018 2228 1028 2248 ,
1054 2192 1316 2252 principium
1340 2190 1385 2233 in
1408 2188 1478 2235 die
1501 2189 1670 2234 virtutis

289 2290 310 2313 »
336 2281 440 2315 tuae.
471 2288 491 2311 »
515 2267 783 2326 Principium
808 2268 958 2320 Pater,
984 2264 1245 2323 principium
1264 2261 1397 2305 Filius
1423 2279 1431 2304 ε
1452 2263 1566 2318 Ergo
1594 2263 1670 2304 Pa-

290 2351 354 2386 ter
376 2352 420 2387 et
438 2340 576 2386 Filius
592 2338 854 2400 principium
872 2337 963 2381 sine
979 2335 1071 2381 ullo
1088 2333 1313 2395 principio.
1344 2351 1364 2374 «
1382 2335 1542 2376 Tecum
1554 2331 1672 2391 prin-

341 2453 349 2468 1
379 2456 397 2477 2
421 2449 507 2478 Petr.
522 2457 546 2487 ι,
560 2446 592 2477 6.
609 2461 650 2468 ——
671 2451 684 2467 ²
705 2443 785 2476 naid.
805 2451 861 2483 21,
878 2446 910 2474 et
928 2453 962 2481 u,
983 2452 1012 2474 1.
1027 2458 1067 2464 —
1083 2438 1097 2463 3
1111 2439 1187 2473 Vide
1204 2438 1259 2470 hb.
1281 2438 1321 2470 tle
1342 2441 1449 2470 sancta
1463 2436 1671 2478 virginitate,

295 2512 366 2544 cap.
385 2509 437 2543 27.
455 2518 495 2525 -
509 2500 525 2533 4
543 2504 674 2541 Joan.1,
697 2511 724 2533 1.
742 2516 781 2523 —
797 2498 811 2523 5
835 2510 845 2531 1
867 2500 1083 2538 J021n,v,20.
