1729 3143
25 374 33 515 &qv—2
26 305 28 312 <

580 210 634 237 DE
665 208 833 247 θΕΝΕεῑ,
867 207 950 236 Lm.
987 208 1036 234 11.
1415 192 1497 234 461

121 284 222 320 tem.
237 274 443 320 Nondum
455 283 604 320 tamen
617 274 854 335 spiritalem
863 270 1087 319 hominem
1107 270 1318 317 debemus
1334 271 1501 316 intelli-

119 361 234 405 gere,
250 347 327 406 qui
336 345 476 392 factus
489 347 610 392 estin
625 347 812 391 animam
829 345 1062 401 viventem,
1080 342 1156 389 sed
1173 342 1317 388 adhuc
1337 343 1504 388 anima-

116 414 219 461 lem.
248 420 370 462 Tunc
402 418 519 462 enim
550 416 750 477 spiritalis
771 416 954 460 effectus
974 424 1061 472 est,
1087 430 1188 460 cum
1209 415 1256 459 in
1273 413 1474 474 paradiso
1490 448 1502 469 ,

115 485 200 531 hoc
221 496 310 542 est,
334 487 381 530 in
402 488 528 532 beata
551 489 638 533 vita
660 486 936 542 constitutus,
961 494 1230 545 praeceptum
1252 485 1382 530 etiam
1403 499 1507 544 per-

115 555 316 601 fectionis
350 559 541 617 accepit,
578 567 629 603 ut
661 557 794 603 verbo
822 557 901 601 Dei
929 565 1319 601 consummaretur.
1353 558 1508 616 Itaque

116 636 348 688 postquam
367 630 563 688 peccavit
578 664 589 685 ,
619 626 823 673 recedens
845 643 869 672 a
891 637 1110 687 praecepto
1127 628 1228 684 Dei,
1263 625 1509 673 etdimissus

116 707 181 742 est
199 697 254 742 de
274 698 488 759 paradiso,
513 700 560 744 in
581 700 665 744 hoc
687 698 895 744 remansit
908 708 959 744 ut
976 697 1172 743 animalis
1191 708 1314 744 esset.
1337 696 1509 743 Etideo

116 767 346 812 animalem
368 769 594 814 hominem
614 769 735 829 prius
758 770 926 829 agimus
948 784 1124 825 omnes,
1150 770 1227 829 qui
1249 768 1303 813 de
1321 767 1396 814 iflo
1412 776 1511 828 post

115 848 342 898 peccatum
356 840 449 885 nati
462 855 626 896 sumus,
644 840 783 885 donec
799 855 1079 900 assequamur
1094 838 1332 899 spiritalem
1350 839 1506 895 Adam,

116 909 162 954 id
179 920 242 956 est
255 946 266 967 ,
294 911 532 956 Dominum
549 920 745 956 nostrum
764 914 911 953 Jesum
926 911 1166 965 Christum,
1188 910 1265 970 qui
1282 919 1510 969 peccatum

115 995 207 1026 non
227 980 358 1038 fecit3
383 990 426 1024 et
447 980 502 1024 ab
524 979 601 1024 illo
622 979 803 1024 recreati
820 988 862 1023 et
883 978 1132 1034 vivificati1,
1158 980 1443 1024 restituamur
1464 980 1510 1024 in

115 1051 381 1110 paradisum,
403 1051 479 1095 ubi
500 1050 612 1096 latro
629 1050 703 1095 ille
725 1064 827 1095 cum
847 1051 940 1110 ipso
959 1065 1010 1094 eo
1030 1049 1100 1094 die
1123 1051 1281 1095 meruit
1296 1065 1401 1107 esse,
1419 1066 1510 1112 quo

116 1123 250 1167 vitam
272 1123 397 1167 istam
420 1123 573 1166 finivit.
603 1123 672 1168 Sic
700 1122 816 1167 enim
843 1121 1078 1182 Apostolus
1101 1120 1234 1166 dicit:
1262 1140 1283 1164 «
1306 1122 1391 1167 Sed
1419 1137 1510 1168 non

72 1220 82 1223 >
118 1211 139 1235 »
164 1194 284 1253 prius
306 1193 425 1253 quod
446 1193 636 1252 spiritale
659 1203 722 1238 est
738 1229 749 1249 ‚
775 1192 851 1238 sed
872 1193 994 1253 quod
1013 1193 1214 1249 animale,
1242 1193 1354 1238 sicut
1369 1194 1508 1254 scrip-

119 1282 140 1306 »
165 1273 261 1309 tum
280 1273 344 1309 est
366 1283 374 1309 ε
400 1267 560 1310 Factus
574 1274 639 1310 est
654 1264 819 1325 primus
841 1264 982 1309 Adam
996 1265 1043 1308 in
1066 1265 1254 1309 animam
1269 1265 1505 1321 viventem,

119 1353 142 1377 »
166 1335 423 1380 novissimus
445 1335 586 1380 Adam
608 1335 655 1379 in
679 1336 889 1395 Spiritum
910 1335 1201 1380 vivificantem
1216 1336 1247 1378 ².
1270 1355 1288 1377 »

176 1408 254 1451 XI.
293 1406 361 1452 Sic
383 1421 486 1466 ergo
509 1406 719 1451 debemus
745 1406 989 1466 intelligere
1011 1407 1129 1451 hunc
1149 1406 1295 1451 locum
1311 1441 1322 1463 ‚
1346 1416 1396 1452 ut
1418 1422 1509 1452 non

118 1478 219 1539 quia
237 1477 404 1524 dictum
420 1487 507 1523 est:
528 1497 548 1520 «
560 1476 808 1523 Insufssavit
821 1479 867 1523 in
886 1493 987 1523 eum
1007 1479 1206 1538 spiritum
1222 1479 1340 1535 vitae,
1361 1488 1404 1524 et
1422 1479 1509 1524 sac-

121 1567 142 1592 »
167 1559 237 1595 tus
269 1559 334 1595 est
364 1551 496 1596 homo
529 1551 576 1594 in
607 1551 797 1597 animam
829 1551 1070 1607 viventem,
1089 1569 1109 1593 »
1141 1550 1367 1596 credamus
1389 1551 1508 1596 illam

117 1619 254 1666 veluti
276 1629 442 1681 partem
465 1629 632 1666 naturae
655 1621 733 1666 Dei
754 1621 800 1665 in
822 1621 1009 1666 animam
1030 1622 1219 1667 hominis
1247 1621 1377 1667 fuisse
1399 1638 1508 1668 con-

117 1705 307 1747 versam,
340 1700 383 1736 et
404 1706 610 1750 cogamur
632 1691 775 1736 dicere
797 1700 997 1736 naturam
1015 1693 1092 1737 Dei
1115 1708 1204 1738 esse
1217 1693 1503 1738 mutabilem:

117 1761 164 1806 in
185 1777 275 1822 quo
296 1777 440 1807 errore
462 1762 647 1806 maxime
668 1762 771 1807 istos
792 1762 1056 1808 Manichaeos
1072 1764 1229 1809 veritas
1246 1765 1418 1824 premit.
1439 1764 1507 1809 Si—

117 1841 194 1877 cut
214 1833 330 1877 enim
359 1841 422 1877 est
444 1842 582 1878 mater
604 1833 800 1878 omnium
821 1833 1127 1879 haereticorum
1150 1835 1350 1895 superbia
1368 1870 1379 1892 ‚
1413 1835 1506 1880 ausi

119 1912 221 1948 sunt
240 1903 384 1949 dicere
405 1903 526 1963 quod
546 1913 701 1949 natura
724 1905 801 1949 Dei
821 1905 876 1949 sit
897 1905 1055 1950 anima.
1085 1909 1143 1951 Et
1163 1906 1266 1951 hinc
1292 1916 1507 1966 urgentur

118 1989 143 2018 a
164 1974 315 2030 nobis,
338 1989 440 2019 cum
462 1975 521 2019 eis
543 1973 726 2019 dicimus
748 1993 757 2019 ε
787 1978 944 2034 «Ergo
961 1985 1116 2021 natura
1132 1977 1211 2021 Dei
1229 1987 1343 2022 errat
1365 1977 1506 2022 etmi-

119 2060 212 2090 sera
240 2054 326 2102 est,
367 2054 411 2090 et
443 2046 647 2091 vitiorum
679 2045 779 2090 labe
812 2047 1104 2107 corrumpitur
1139 2057 1182 2092 et
1224 2057 1397 2108 peccat3
1429 2057 1506 2093 aut

119 2116 271 2172 etiam,
301 2125 351 2160 ut
371 2131 447 2161 vos
469 2115 632 2172 dicitis,
657 2125 824 2162 naturae
841 2118 1068 2163 contrariae
1082 2118 1281 2164 sordibus
1298 2118 1503 2180 inquina-

117 2195 189 2231 tur
210 2206 219 2232 ι
245 2195 288 2235 et
309 2196 463 2232 caetera
485 2186 587 2230 talia
608 2202 707 2247 quae
731 2186 786 2232 de
807 2197 963 2233 natura
983 2189 1061 2234 Dei
1081 2189 1202 2235 nefas
1225 2201 1288 2235 est
1306 2190 1498 2235 credere.

116 2260 227 2305 Nam
263 2259 422 2304 factam
457 2274 545 2303 esse
574 2259 761 2303 animam
792 2261 846 2304 ab
872 2260 1170 2320 omnipotente
1194 2264 1306 2317 Deo,
1335 2271 1378 2306 et
1404 2261 1502 2306 ideo

117 2345 207 2374 non
228 2329 346 2374 illam
364 2345 453 2374 esse
472 2339 635 2387 partem
652 2329 730 2373 Dei
746 2330 816 2374 vel
833 2339 1034 2375 naturam
1052 2331 1150 2387 Dei,
1177 2331 1403 2376 manifeste
1417 2332 1501 2377 alio

117 2400 214 2445 loco
237 2402 444 2459 scriptum
465 2410 548 2456 est,
574 2400 746 2445 dicente
764 2402 981 2460 Propheta
1004 2422 1011 2447 z
1042 2422 1061 2445 «
1080 2406 1137 2447 Et
1154 2405 1229 2463 qui
1248 2404 1369 2448 finxit
1384 2404 1501 2462 spiri-

119 2490 140 2514 »
168 2481 263 2517 tum
296 2472 521 2528 omnibus,
553 2473 644 2533 ipse
672 2473 775 2518 fecit
809 2474 995 2519 omniass.
1017 2493 1036 2517 »
1069 2477 1126 2520 Et
1155 2474 1238 2521 alio
1260 2475 1357 2522 loco
1380 2495 1388 2522 :
1413 2475 1500 2529 Qui

165 2564 174 2581 ¹
199 2569 211 2590 1
233 2561 376 2592 Retract.
397 2569 457 2601 cap
475 2569 520 2600 15,
538 2569 570 2590 n.
596 2559 628 2591 3.
650 2575 688 2581 -·-
721 2565 733 2582 ²
757 2569 768 2591 1
786 2560 858 2592 Cor.
878 2569 933 2600 xv,
955 2557 1009 2601 46.
1027 2576 1068 2584 —
1086 2557 1100 2584 3
1115 2560 1195 2594 Psal.
1214 2571 1314 2604 xxxu,
1335 2561 1385 2596 15.
