1729 3143
223 183 306 220 320
644 186 677 214 s.
714 181 944 213 Aueusnm
975 184 1156 212 zmscom

221 257 351 301 ambo
374 268 461 298 uno
483 261 693 310 tempore,
710 249 785 293 sed
803 249 997 309 partibus
1013 247 1191 305 singulis
1210 265 1219 292 ε
1243 247 1440 292 eamdem
1455 256 1601 291 autem

220 335 394 385 partem
435 319 608 365 nonnisi
649 319 918 378 temporibus
955 318 1133 377 singulis
1165 336 1173 361 :
1211 332 1313 360 nam
1349 317 1459 361 nulli
1490 316 1602 377 parti
1664 312 1668 355 ἰ
1701 335 1716 352 ι’

219 408 349 454 quarn
372 399 491 435 tactu
513 390 650 448 capis,
675 404 852 449 possum
872 404 1020 433 meum
1042 397 1208 433 tactum
1224 387 1456 432 admovere
1473 422 1484 443 ,
1521 387 1601 431 nisi
1665 376 1669 391 ⁴

219 473 269 508 tu
290 460 692 506 admoveris-tuum.
1668 500 1670 518 ἶ

276 533 398 575 XIX.
435 533 487 575 Α.
522 529 858 588 vigilantissime
895 528 1156 589 respondisti
1191 547 1200 571 ι
1241 527 1316 570 sed
1354 535 1527 584 oportet
1561 535 1605 570 te
1669 550 1672 593 3
1703 545 1715 572 1·

218 601 348 645 etiam
369 599 482 644 illud
501 600 649 644 videre
663 635 673 654 ,
711 615 812 644 cum
839 600 999 644 horum
1022 598 1221 643 omnium
1243 611 1342 656 quae
1364 595 1572 639 sentimus
1591 629 1602 648 ,

217 672 300 716 alia
327 672 412 715 sint
434 686 534 730 quae
559 672 689 715 ambo
709 705 720 725 ,
756 670 838 715 alia
870 686 970 730 quae
1002 669 1161 727 singuli
1191 668 1455 723 sentiamus3
1492 666 1606 724 ipsos
1671 674 1675 732 3

218 754 319 786 vero
342 756 489 785 sensus
509 750 678 786 nostros
705 756 804 785 suos
839 741 1022 799 quisque
1050 736 1209 796 singuli
1245 737 1482 781 sentiamus
1505 769 1516 790 ,
1557 743 1609 778 ut

217 824 361 869 neque
383 826 462 869 ego
485 813 667 856 sentiam
690 825 863 855 sensum
885 819 1036 863 tuum,
1061 823 1203 867 neque
1225 817 1276 851 tu
1299 821 1460 860 meum,
1485 804 1607 864 quod
1674 827 1677 855 3
1708 828 1726 854 [η

177 896 179 899 ’
218 880 272 924 de
294 880 358 923 his
380 883 510 918 rebus
532 889 632 933 quae
655 881 903 916 sentiuntur
923 887 946 915 a
970 879 1096 915 nobis
1118 886 1195 929 per
1217 886 1408 930 corpor1s
1430 886 1603 927 sensim,

215 945 261 990 id
283 954 373 999 est,
398 942 519 1004 quod
541 943 595 986 de
618 941 917 1001 corporalibus
940 942 1069 986 rebus
1083 957 1173 986 non
1194 957 1424 1002 possumus
1446 942 1607 986 sentire

218 1016 364 1069 ambo,
390 1012 465 1057 sed
486 1012 660 1071 singuli,
687 1012 768 1055 nisi
791 1012 912 1072 quod
923 1013 982 1056 ita
1000 1012 1051 1056 fit
1063 1022 1277 1067 nostrum,
1296 1022 1346 1057 ut
1363 1013 1446 1057 hoc
1467 1013 1510 1055 in
1529 1027 1607 1056 nos

216 1094 383 1129 vertere
405 1092 449 1126 et
470 1090 738 1126 commutare
751 1082 981 1141 possimus,
1007 1083 1132 1146 sicuti
1154 1092 1218 1126 est
1239 1083 1361 1127 cibus
1382 1092 1425 1126 et
1447 1091 1574 1141 potus
1593 1117 1604 1136 ,
1647 1120 1654 1125 .

217 1155 342 1213 cujus
364 1152 530 1196 nullam
552 1161 721 1211 partem
742 1168 874 1211 quam
890 1168 970 1211 ego
987 1168 1237 1212 percepero,
1256 1162 1299 1197 et
1315 1162 1363 1197 tu
1387 1153 1608 1211 percipere

214 1223 375 1283 poteris
398 1241 406 1267 z
432 1222 532 1282 quia
547 1222 626 1265 etsi
645 1222 834 1266 nutrices
849 1222 1054 1266 alimenta
1076 1238 1224 1267 mansa
1245 1221 1489 1266 infantibus
1508 1220 1608 1265 red-

219 1294 333 1337 dunt
350 1328 360 1346 ,
396 1292 507 1335 illud
531 1301 675 1336 tamen
697 1291 817 1352 quod
838 1292 940 1336 inde
964 1302 1158 1349 gustatus
1187 1293 1379 1349 rapuerit
1410 1301 1540 1350 atque
1563 1292 1607 1333 in

216 1362 460 1406 mandentis
495 1362 656 1405 viscera
690 1362 1021 1405 commutaverit
1041 1397 1051 1415 ‚
1093 1361 1217 1405 nullo
1252 1361 1386 1405 modo
1414 1361 1608 1405 revocari

212 1433 373 1492 poterit
395 1431 509 1475 utin
538 1446 677 1474 escam
699 1430 959 1475 refundatur
989 1431 1185 1476 infantis.
1215 1432 1327 1476 Gula
1356 1432 1473 1475 enini
1505 1446 1605 1475 cum

216 1501 382 1561 aliquid
398 1500 594 1560 jucunde
616 1501 751 1560 sapit,
777 1503 905 1545 etiam
928 1502 961 1545 si
985 1502 1199 1559 exiguam,
1226 1511 1372 1546 tamen
1393 1503 1608 1546 irrevoca-

216 1571 349 1615 bilem
372 1580 541 1629 partem
563 1571 644 1614 sibi
666 1569 879 1626 vindicat,
905 1581 948 1615 et
963 1573 1046 1616 hoc
1061 1573 1179 1631 cogit
1192 1572 1283 1616 fieri
1302 1571 1422 1632 quod
1440 1581 1607 1616 naturae

220 1642 411 1700 corporis
433 1642 636 1685 convenit
657 1661 668 1698 ξ,
693 1641 813 1700 quod
836 1642 916 1685 nisi
936 1643 996 1686 ita
1019 1652 1156 1697 esset,
1189 1643 1336 1687 nullus
1366 1651 1608 1687 remaneret

217 1725 341 1769 sapor
362 1710 409 1753 in
431 1726 504 1754 ore
521 1718 804 1769 posteaquam
826 1710 989 1754 fuerint
1008 1726 1156 1754 mansa
1181 1711 1253 1754 illa
1284 1711 1453 1754 reddita
1475 1719 1607 1770 atque

218 1779 414 1838 desputa.
443 1780 573 1832 Quod
595 1779 725 1823 etiam
747 1778 802 1822 de
824 1780 930 1823 aeris
952 1780 1149 1838 partibus
1172 1789 1287 1823 recte
1317 1779 1403 1823 dici
1432 1789 1603 1837 potest,
1723 1834 1727 1837 .

219 1866 325 1911 quas
354 1851 531 1894 naribus
567 1850 768 1894 ducimus
789 1869 798 1894 :
824 1866 924 1894 nam
946 1851 1075 1895 etiam
1107 1851 1141 1894 si
1166 1849 1332 1910 aliquid
1356 1851 1464 1894 aeris
1485 1849 1606 1910 quod
1696 1844 1704 1858 ”
1723 1882 1729 1906 3-

219 1935 299 1980 ego
321 1920 552 1965 reddidero
569 1956 580 1976 ,
606 1921 742 1980 possis
765 1921 895 1965 etiam
912 1930 961 1965 tu
983 1921 1158 1976 ducere,
1179 1929 1427 1965 nontamen
1443 1921 1604 1980 poteris
1696 1923 1698 1925 ’

219 1993 347 2036 etiam
369 1991 497 2047 illud,
522 1991 643 2051 quod
663 1992 765 2035 inde
787 1993 831 2035 in
850 1992 1104 2036 alimentum
1121 2006 1269 2035 meum
1285 1993 1480 2048 cesserit3
1503 1991 1606 2050 quia

217 2076 297 2105 nec
319 2061 443 2105 reddi
464 2070 620 2120 potest.
647 2064 756 2106 Nam
787 2062 917 2105 etiam
940 2062 1118 2105 naribus
1140 2061 1397 2105 alimentum
1432 2077 1510 2105 nos
1532 2076 1604 2105 ca·

220 2145 320 2189 pere
342 2131 498 2176 medici
519 2131 680 2175 docent
713 2150 722 2176 :
758 2131 879 2191 quod
913 2131 1167 2175 alimentum
1193 2141 1236 2175 et
1265 2130 1469 2191 spirando
1491 2129 1607 2175 solus

222 2203 377 2247 sentire
395 2217 584 2261 possum,
601 2211 644 2245 et
661 2201 855 2245 reflando
870 2201 1094 2245 restituere
1108 2217 1197 2246 non
1212 2216 1402 2260 possum,
1415 2210 1464 2244 ut
1477 2201 1551 2244 abs
1566 2209 1608 2243 te

224 2271 354 2313 etiam
386 2273 564 2318 ductum
594 2274 772 2317 naribus
801 2274 1024 2316 sentiatur.
1059 2275 1169 2317 Nam
1198 2281 1354 2316 caetera
1387 2270 1605 2315 sensibilia

224 2355 322 2397 quae
345 2345 539 2399 quamvis
562 2344 817 2397 sentiamus,
838 2359 926 2387 non
948 2353 1094 2386 tamen
1117 2358 1166 2386 ea
1189 2342 1416 2386 sentiendo
1434 2342 1479 2384 in
1501 2355 1602 2384 nos-
1697 2346 1709 2407 3

225 2417 343 2451 trum
364 2425 520 2468 corpus
540 2423 741 2472 corrupta
763 2423 983 2457 mutamus
1001 2448 1011 2467 ,
1037 2426 1263 2471 possumus
1288 2427 1336 2456 ea
1357 2446 1368 2466 ,
1399 2412 1486 2455 sive
1515 2424 1604 2453 uno

227 2483 420 2534 tempore
439 2511 449 2531 ,
471 2480 559 2524 sive
579 2481 756 2539 singulis
778 2482 963 2527 vicissim
987 2481 1253 2541 temporibus
1278 2481 1406 2525 ambo
1431 2478 1605 2531 sentire,

1700 2460 1721 2599 l.

1713 2637 1723 2710 l

1702 2695 1704 2715 l

1701 2723 1704 2745 ἶ

1702 2767 1705 2775 .

1704 2870 1707 2904 Ξ
