1729 3143
229 249 313 290 ‘214
659 261 691 286 s.
729 257 962 287 ‚meus-mm
997 260 1177 289 2121500121

225 343 311 388 que
333 327 548 370 sufficeret
566 343 576 380 3
601 337 701 366 cum
724 322 863 368 ferme
884 333 1062 369 centum
1083 325 1369 385 philosophos
1395 330 1618 374 nominas-

224 408 287 442 set
314 417 321 441 :
352 408 538 454 (piorum
563 408 652 436 non
686 409 836 438 omnes
868 395 1155 439 instituerunt
1187 396 1372 440 haereses
1393 400 1616 459 proprias;
1655 445 1667 455 ,

223 468 430 530 quoniam
465 479 546 508 nec
577 463 674 508 illos
708 465 916 510 tacendos
939 467 1139 525 putavit,
1165 468 1241 526 qui
1273 482 1372 511 suos
1395 469 1620 526 magistros
1661 462 1666 464 i

221 540 311 584 sine
327 536 415 580 ulla
429 535 692 580 dissensione
703 537 841 581 secuti
858 546 974 581 sunt.
995 539 1150 582 Noster
1158 552 1263 581 vero
1278 539 1550 596 Epiphanius
1558 542 1621 597 (4)
1664 563 1665 567 =

222 607 410 666 Cyprius
449 606 679 666 episcopus
714 607 770 650 ab
809 607 914 652 hinc
951 623 1040 652 non
1082 608 1212 667 longe
1250 608 1454 652 humanis
1488 609 1620 654 rebus
1658 634 1659 638 =
1704 663 1705 668 ¹

221 685 480 737 exemthS‚
523 675 577 720 de
621 677 844 735 octoginta
879 677 1119 721 haeresibus
1157 678 1342 737 loquens
1379 693 1451 722 sex
1487 677 1622 724 libros
1659 694 1662 697 ’
1704 669 1705 678 ⁸

223 748 354 793 etiam
370 749 462 807 ipse
477 747 730 807 conscripsit
743 783 755 802 ,
779 748 984 793 historica
1001 748 1249 793 narratione
1266 763 1514 793 memorans
1528 764 1619 794 om-

221 820 318 875 nia,
355 817 476 863 nulla
509 818 802 878 disputatione
836 819 1042 863 adversus
1070 818 1300 863 falsitatem
1331 834 1414 878 pro
1439 819 1619 864 veritate
1659 862 1662 867 ,

221 889 464 933 decertans.
501 889 658 932 Breves
691 904 794 932 sane
824 897 928 932 sunt
955 889 1003 932 hi
1025 888 1189 943 libelli,
1216 897 1259 932 et
1281 889 1315 932 si
1336 889 1382 932 in
1403 904 1543 932 unum
1565 888 1620 933 li-

218 959 348 1004 brum
379 960 661 1018 redigantur,
686 975 768 1003 nec
802 960 894 1018 ipse
915 959 997 1002 erit
1029 959 1186 1003 nostris
1208 959 1277 1003 vel
1312 958 1495 1003 aliorum
1518 959 1619 1018 qui·
1655 974 1671 1012 2:ss

217 1031 404 1074 busdam
422 1029 544 1074 libris
561 1029 841 1088 longitudine
855 1031 1193 1089 comparandus.
1213 1030 1351 1090 Hujus
1363 1030 1620 1074 brevitatem
1671 1078 1674 1082 A

220 1101 254 1144 si
284 1099 410 1144 fuero
439 1101 486 1144 in
515 1101 910 1144 commemorandis
940 1100 1180 1144 haeresibus
1216 1101 1436 1157 imitatus,
1462 1099 1569 1158 quid
1597 1115 1620 1143 a
1656 1089 1677 1143 ’,ἶ

220 1185 292 1214 me
314 1171 490 1214 brevius
513 1168 738 1224 postulare
758 1172 830 1207 Vel
849 1181 1078 1225 expectare
1099 1171 1259 1216 debeas
1275 1206 1287 1226 ‚
1312 1186 1403 1215 non
1419 1170 1617 1214 habebis.
1662 1166 1668 1182 ⁸

224 1240 310 1281 Sed
332 1250 424 1279 non
459 1235 518 1278 ibi
546 1233 676 1291 hujus
699 1233 786 1275 mei
811 1232 972 1281 laboris
993 1254 1163 1286 summa
1188 1241 1382 1286 consistit
1398 1273 1410 1293 ‚
1438 1238 1556 1296 quod
1578 1247 1620 1281 et

220 1305 331 1360 tibi,
356 1303 427 1347 vel
448 1318 518 1346 me
538 1303 889 1360 demonstrante,
911 1308 982 1348 vel
1003 1312 1132 1348 etiam
1157 1314 1199 1349 te
1220 1315 1520 1364 praecurrente
1537 1322 1617 1365 po-
1656 1317 1664 1334 -·

226 1376 330 1420 terit
352 1388 585 1434 apparere,
610 1389 710 1418 cum
730 1375 814 1418 hoc
836 1374 995 1419 fecero.
1022 1376 1200 1420 Videbis
1223 1377 1338 1421 enim
1361 1377 1407 1420 in
1425 1392 1476 1422 eo
1498 1377 1669 1437 quod
1651 1383 1662 1411 s

225 1443 499 1505 supradictus
520 1444 763 1504 Episcopus
783 1445 919 1499 fecit,
955 1454 1169 1505 quantum
1198 1446 1309 1490 desit
1337 1448 1469 1506 Ope1i
1497 1446 1618 1506 quod

225 1518 317 1577 ipse
353 1515 417 1559 vis
453 1515 580 1558 fieri·
572 1523 783 1575 ‚quanto
817 1516 954 1574 magis
984 1515 1106 1575 quod
1141 1531 1221 1574 ego
1244 1519 1262 1560 Ρ
1294 1520 1360 1561 Tu
1395 1532 1612 1595 namque,
1642 1487 1670 1587 ξ

230 1585 427 1648 quamvis
450 1585 665 1641 breviter,
691 1586 918 1644 perstricte
939 1596 1072 1646 atque
1088 1588 1364 1642 summatim,
1392 1596 1539 1632 tamen
1555 1588 1618 1633 vis
1649 1585 1672 1653 ᾗ

224 1657 354 1701 etiarn
373 1655 626 1714 responderi
643 1656 993 1700 commemoratis
1009 1657 1278 1702 haeresibus:
1299 1657 1420 1717 quod
1438 1657 1512 1702 ille
1528 1674 1618 1704 non
1648 1654 1665 1716 ξ

222 1726 340 1772 fecit.
366 1729 460 1784 Ego
492 1741 596 1770 vero
616 1727 700 1770 hoc
731 1726 865 1784 magis
892 1726 994 1771 volo
1016 1725 1185 1782 facere,
1211 1728 1243 1771 si
1273 1737 1316 1772 et
1339 1731 1456 1773 Deus
1479 1728 1614 1785 velit,

222 1797 342 1842 unde
354 1798 487 1857 possit
501 1797 642 1841 omnis
657 1796 832 1841 haeresis
847 1831 858 1852 ‚
879 1805 922 1840 et
938 1812 1038 1856 quae
1052 1807 1155 1841 nota
1168 1806 1258 1853 est,
1277 1806 1321 1842 et
1337 1814 1436 1857 quae
1449 1788 1614 1858 ignota,

223 1867 351 1913 vitari
374 1887 385 1924 3
420 1876 464 1911 et
491 1865 611 1911 unde
638 1875 754 1911 recte
776 1866 911 1926 possit
934 1881 1229 1927 quaecumque
1250 1868 1493 1912 innotuerit
1512 1902 1523 1922 ,
1542 1870 1618 1928 ju·
1668 1878 1670 1883 “

225 1938 374 1982 dicari.
399 1939 497 1982 Non
519 1938 635 1981 enim
656 1936 797 1981 omnis
817 1951 935 1981 error
952 1937 1127 1981 haeresis
1148 1946 1211 1981 est
1230 1955 1239 1981 :
1265 1938 1460 1997 quamvis
1479 1938 1618 1982 omnis

224 2009 423 2060 haeresis,
449 2023 548 2067 quae
570 2008 615 2051 in
637 2007 744 2052 vitio
764 2007 943 2067 ponitur
959 2043 970 2062 ,
995 2007 1076 2051 nisi
1104 2022 1249 2051 errore
1271 2005 1418 2067 aliquo
1445 2007 1619 2052 haeresis

226 2095 316 2124 esse
343 2095 433 2124 non
465 2079 614 2139 possit.
651 2079 768 2132 Quid
804 2093 905 2137 ergo
942 2077 1071 2122 faciat
1107 2078 1362 2122 haereticum
1381 2112 1392 2130 ‚
1433 2076 1619 2135 regulari

226 2152 416 2211 quadam
433 2150 687 2195 definitione
703 2148 1046 2210 comprehendi,
1072 2149 1184 2193 sicut
1201 2164 1282 2207 ego
1301 2147 1499 2192 existimo
1511 2181 1522 2202 ,
1544 2156 1619 2192 aut

224 2222 404 2266 omnino
426 2237 516 2267 non
537 2229 681 2281 potest
697 2255 709 2275 ‚
735 2229 811 2264 aut
833 2218 1088 2263 difficillime
1111 2227 1256 2277 potest
1280 2236 1289 2262 :
1315 2218 1437 2277 quod
1453 2218 1499 2260 in
1518 2232 1619 2276 pro·
1640 2243 1665 2305 ᾗ

219 2308 342 2337 cessu
358 2293 489 2353 hujus
510 2292 662 2351 Operis
680 2290 978 2335 declarabitur
993 2324 1005 2344 ,
1031 2289 1064 2332 si
1081 2291 1196 2332 Deus
1213 2287 1371 2331 rexerit
1383 2322 1394 2342 ,
1416 2296 1548 2348 atque
1563 2287 1619 2331 ad

217 2362 263 2405 id
279 2397 289 2416 ,
311 2363 433 2422 quod
451 2361 638 2407 intendo
656 2396 667 2417 ‚
693 2361 948 2420 perduxerit
965 2358 1305 2417 disputationem
1322 2372 1480 2401 meam.
1501 2355 1618 2410 Quid

226 2440 371 2475 autem
388 2433 523 2491 prosit
539 2432 632 2491 ipsa
645 2431 869 2492 inquisitio
883 2465 894 2485 ‚
916 2428 1079 2474 etiamsi
1098 2443 1188 2472 non
1206 2427 1478 2487 potuerimus
1493 2441 1616 2471 com-

222 2502 496 2560 prehendere
517 2501 742 2561 quomodo
764 2501 817 2545 sit
839 2498 1115 2544 definiendus
1137 2498 1367 2542 haereticus
1387 2533 1397 2555 ‚
1421 2512 1498 2540 suo
1520 2496 1616 2540 loco
1654 2488 1659 2499 ⁴

224 2568 467 2614 videndum
488 2581 620 2630 atque
642 2569 878 2616 dicendum
901 2578 964 2614 est
985 2587 995 2614 ε
1021 2583 1120 2612 nam
1142 2568 1176 2612 si
1198 2568 1282 2613 hoc
1303 2564 1614 2626 comprehendi
