1729 3143
196 217 279 256 066
605 224 636 252 S-
674 224 905 254 umus-nm
935 227 1116 256 muscom

194 294 353 337 suflicit
367 327 378 345 ‚
403 301 445 333 ct
462 300 546 334 tres
567 291 747 347 cyathos
768 292 858 336 vini
879 293 1170 338 sustentandae
1191 293 1452 339 valetudinis
1474 311 1572 355 gra-
1703 276 1729 322 qu

197 366 250 408 tia
281 361 526 405 sorbentem
550 393 560 411 ,
599 369 642 404 et
674 362 729 404 ab
761 361 837 407 illo
871 363 988 407 victu
1017 361 1073 407 ad
1093 364 1222 408 istum
1245 373 1538 411 transeuntem
1558 402 1570 423 ,
1704 349 1729 393 (μ

191 441 309 477 certo
332 430 544 490 supplicio
563 431 828 490 praeparari?
1668 428 1676 461 ¹⁴*
1706 419 1729 449 51¹

250 503 416 546 XXXI.
442 503 500 546 At
521 501 637 544 enim
665 501 725 546 ait
745 502 977 562 Apostolus
1003 521 1013 549 :
1042 523 1061 545 «
1084 504 1256 549 Bonum
1279 513 1343 549 est
1357 539 1369 562 ‚
1393 505 1547 552 iratres
1561 541 1575 565 ‚
1709 494 1719 517 ”

195 591 216 615 »
240 587 331 618 non
347 570 614 617 manducare
630 587 804 618 carnem
819 608 831 628 ,
851 588 995 634 neque
1012 573 1163 619 bibere
1178 575 1332 620 vinum
1349 578 1382 620 1.
1406 593 1427 618 »
1448 579 1581 631 Quasi

190 658 294 690 vero
313 643 547 704 quisquam
568 652 768 688 nostrum
788 642 834 688 id
854 644 1023 690 bonum
1044 654 1174 704 neget
1198 664 1208 691 t
1227 645 1305 691 sed
1326 655 1402 692 aut
1422 662 1475 693 eo
1491 649 1579 694 fine

188 728 321 775 quem
342 714 540 773 superius
562 714 926 769 commemoravi,
957 714 1201 760 secundum
1223 731 1357 776 quem
1384 717 1545 763 dicitur
1565 738 1577 765 ς

193 805 214 829 «
237 787 296 830 Et
313 785 453 830 carnis
465 800 615 830 curam
630 801 686 829 ne
701 785 886 829 feceritis
897 786 944 829 in
958 788 1320 847 concupiscentiis
1345 807 1355 832 :
1377 804 1398 830 »
1423 798 1500 834 aut
1519 789 1580 835 eis

189 872 299 918 quos
334 871 482 901 rursus
512 856 630 901 idem
663 855 824 900 Paulus
851 856 1077 914 ostendit3
1114 857 1162 901 id
1194 867 1257 902 est
1277 892 1290 914 ‚
1327 868 1404 903 aut
1441 859 1608 905 refre-*

189 926 348 973 nandae
381 927 494 987 gulae
521 941 676 982 causa,
699 941 799 986 quae
829 926 896 971 his
924 926 1054 970 rebus
1074 926 1184 971 solet
1206 927 1400 972 rabidius
1421 929 1582 975 immo-

190 997 471 1059 deratiusque
498 997 686 1056 raptari3
709 1006 784 1042 aut
801 1012 857 1041 ne
878 995 1012 1042 frater
1035 996 1312 1056 offendatur3
1341 1007 1417 1043 aut
1438 999 1494 1043 ab
1514 1000 1583 1044 in—

189 1070 324 1115 firmis
346 1069 480 1114 idolio
502 1070 865 1114 communicetur.
892 1071 958 1114 Eo
980 1069 1098 1113 enim
1122 1077 1318 1128 tempore
1334 1103 1346 1126 ,
1377 1084 1467 1130 quo
1487 1071 1583 1117 haec

189 1139 408 1184 scribebat
439 1138 672 1198 Apostolus
689 1175 701 1196 ‚
727 1138 865 1184 multa
893 1138 1169 1184 immolatitia
1197 1154 1297 1185 caro
1323 1139 1370 1183 in
1398 1140 1584 1186 macello

157 1201 162 1230 ³
189 1209 479 1254 vendebatur.
510 1212 568 1254 Et
593 1210 698 1270 quia
717 1210 820 1255 vino
846 1209 978 1254 etiam
999 1208 1218 1254 libabatur
1246 1209 1326 1254 diis
1355 1211 1551 1268 gentium
1569 1245 1581 1267 ,

191 1279 319 1324 multi
350 1278 504 1324 fratres
534 1281 819 1336 infirmiores,
857 1280 934 1340 qui
956 1280 1087 1325 etiam
1116 1280 1246 1324 rebus
1268 1279 1335 1323 his
1357 1280 1586 1326 venalibus

193 1352 434 1396 utebantur
451 1386 462 1408 ‚
489 1352 664 1411 penitus
683 1367 707 1396 a
728 1351 932 1396 carnibus
949 1366 993 1396 se
1011 1360 1055 1395 et
1070 1351 1176 1395 vino
1196 1349 1402 1395 cohibere
1418 1350 1587 1396 malue-

192 1432 324 1478 runt,
359 1438 494 1482 quam
524 1422 593 1468 vel
621 1423 861 1467 nescientes
891 1421 1083 1467 incidere
1112 1422 1159 1465 in
1179 1436 1273 1465 eam
1293 1436 1427 1481 quam
1452 1431 1585 1481 puta-

192 1494 302 1538 bant
335 1508 436 1537 cum
470 1493 598 1537 idolis
633 1492 1091 1537 communicationem.
1122 1495 1304 1552 Propter
1331 1493 1411 1538 hos
1439 1501 1586 1537 autem

195 1564 325 1609 etiam
348 1564 378 1608 ii
399 1564 476 1624 qui
498 1561 717 1609 firmiores
730 1573 854 1609 erant
869 1598 881 1620 ‚
906 1573 951 1608 et
977 1564 1073 1608 haec
1095 1564 1248 1624 majori
1273 1563 1360 1608 fide
1389 1573 1587 1609 contem-

195 1634 341 1679 nenda
362 1634 613 1694 judicarant
626 1669 638 1691 ‚
663 1636 845 1680 scientes
866 1634 977 1679 nihil
1000 1634 1281 1679 immundum
1302 1650 1390 1680 esse
1411 1636 1494 1680 nisi
1511 1650 1587 1695 per

196 1706 356 1751 malam
379 1707 717 1763 conscientiam,
755 1714 1039 1766 tenentesque
1061 1705 1182 1751 illam
1211 1706 1385 1751 Domini
1412 1715 1588 1752 senten-

196 1778 303 1822 tiam
323 1795 332 1821 :
361 1796 383 1820 «
401 1779 501 1822 Non
523 1778 644 1837 quod
670 1778 805 1821 intrat
825 1778 872 1821 in
893 1792 940 1820 os
963 1785 1154 1820 vestrum
1170 1810 1182 1831 ‚
1204 1791 1280 1821 vos
1302 1776 1558 1834 coinquinat
1572 1812 1584 1832 ‚

200 1865 222 1890 »
247 1845 324 1891 sed
344 1846 467 1907 quod
488 1847 606 1891 exit²
627 1866 636 1892 :
662 1855 808 1890 tamen
829 1855 1007 1906 propter
1026 1846 1105 1911 hos
1129 1845 1387 1889 infirmiores
1403 1879 1416 1900 ‚
1440 1860 1496 1889 ne
1519 1845 1589 1891 of-

199 1917 485 1962 fenderentur
498 1952 510 1973 ‚
536 1916 591 1961 ab
609 1917 677 1961 his
692 1917 823 1961 rebus
840 1917 1055 1961 abstinere
1072 1915 1310 1959 debebant.
1329 1916 1482 1975 Neque
1501 1916 1588 1962 hoc

200 1987 443 2048 suspicione
464 1987 699 2048 colligitur,
724 1986 800 2031 sed
820 1987 866 2031 in
886 1987 987 2046 ipsis
1007 1985 1204 2045 Apostoli
1225 1984 1428 2044 Epistolis
1448 1987 1589 2031 mani-

201 2058 308 2105 feste
329 2060 564 2106 invenitur.
590 2062 678 2105 Vos
701 2059 817 2104 enim
839 2060 924 2104 hoc
941 2057 1083 2103 solum
1104 2057 1229 2102 nobis
1250 2057 1392 2101 dicere
1410 2057 1555 2102 soletis
1577 2077 1587 2104 ι

205 2151 227 2175 «
251 2135 425 2178 Bonum
453 2140 544 2187 est,
576 2130 729 2176 iratres
749 2165 761 2187 ‚
792 2145 882 2175 non
914 2128 1179 2173 manducare
1211 2142 1416 2183 carnem,
1446 2142 1591 2187 neque

206 2224 228 2249 »
253 2204 404 2250 bibere
426 2204 578 2249 vinum
595 2204 610 2228 3
638 2221 648 2247 :
676 2220 697 2244 »
729 2216 819 2247 non
856 2210 1002 2246 autem
1029 2200 1294 2260 subjungere
1324 2198 1438 2243 illud
1469 2199 1590 2259 quod

174 2267 181 2307 s
206 2276 400 2336 sequitur
418 2293 427 2319 2
451 2293 472 2317 «
490 2275 642 2333 Neque
661 2273 707 2317 in
726 2288 815 2333 quo
833 2270 968 2316 frater
986 2281 1087 2316 tuus
1103 2270 1359 2325 offenditur,
1380 2279 1456 2314 aut
1472 2284 1590 2314 scan-

174 2398 177 2401 Χ
212 2365 231 2388 »
258 2345 469 2390 dalizatur
484 2379 495 2399 ,
523 2352 599 2387 aut
621 2343 880 2388 infirmatur.
909 2360 929 2383 »
963 2342 1073 2386 Hinc
1095 2341 1211 2385 enim
1233 2340 1376 2385 elucet
1394 2355 1483 2399 quo
1503 2340 1590 2384 fine

172 2416 178 2453 '··
211 2415 442 2476 Apostolus
463 2416 557 2459 haec
580 2413 874 2474 praecipiebat.

175 2470 179 2490 ¹
270 2489 457 2531 XXXII.
495 2484 670 2530 Planius
697 2485 782 2529 hoc
808 2483 1003 2527 indicant
1028 2482 1247 2542 superiora
1269 2491 1313 2527 et
1336 2479 1557 2541 sequentia
1572 2513 1585 2535 ,

266 2577 273 2593 ¹
295 2573 386 2603 Rom.
408 2581 473 2611 xiv,
488 2579 543 2602 21.
561 2587 601 2595 —
618 2576 630 2593 ²
647 2570 761 2602 Matth.
781 2579 836 2610 xv,
854 2579 891 2601 ιι.
906 2585 946 2593 —-
962 2567 975 2592 3
997 2570 1088 2601 Rom.
1111 2578 1182 2609 xlv,
1200 2576 1254 2600 21.

1710 567 1719 589 )Ι
