1729 3143
235 206 320 244 532
665 215 698 241 s.
735 211 967 241 Aueus'um
999 210 1180 242 Emscom

232 296 334 326 nem
351 289 480 338 atque
499 277 753 322 charitatem
769 278 829 323 ita
847 278 1146 338 complecteris
1162 313 1173 334 ,
1199 287 1247 324 ut
1269 279 1487 324 variorum
1504 296 1616 326 mor-

230 352 388 396 borum
404 383 414 403 ,
441 348 600 407 quibus
623 363 702 407 pro
725 350 912 408 peccatis
929 350 1014 394 suis
1033 350 1188 395 animae
1210 358 1450 409 aegrotant,
1478 351 1617 401 omnis

230 419 347 480 apud
364 429 406 463 te
424 417 642 463 medicina
664 418 937 479 praepolleat.

287 492 451 534 LXIII.
486 492 551 534 Tu
584 490 809 549 pueriliter
837 507 1021 550 pueros,
1047 489 1218 536 fortiter
1231 493 1441 551 juvenes,
1473 491 1621 551 quiete
1684 495 1686 503 '

227 576 350 606 senes
368 595 379 616 ‚
404 569 537 621 prout
558 561 771 621 cujusque
792 577 882 607 non
904 562 1096 621 corporis
1113 571 1286 607 tantum
1302 597 1313 618 ,
1339 561 1415 606 sed
1431 570 1474 605 et
1490 561 1622 605 animi

226 641 330 676 aetas
350 641 440 687 est,
467 647 636 677 exerces
665 647 713 677 ac
736 632 880 678 doces.
909 636 976 678 Tu
996 631 1201 678 foeminas
1223 633 1325 677 viris
1346 632 1433 677 suis
1456 647 1546 677 non
1567 632 1623 676 ad

229 703 489 764 explendam
525 703 752 748 libidinem
769 738 780 759 ,
806 702 882 748 sed
909 704 965 748 ad
994 704 1318 764 propagandam
1348 703 1516 762 prolem
1534 737 1545 758 ,
1580 711 1624 747 et
1686 748 1687 757 ¹

229 774 286 819 ad
306 775 368 818 rei
391 773 613 819 familiaris
628 775 880 820 societatem
895 783 1011 820 casta
1029 785 1073 820 et
1088 774 1208 820 fideli
1226 773 1476 819 obedientia
1493 772 1624 833 subji-
1686 763 1688 782 ²

226 846 301 890 cis.
331 848 398 890 Tu
418 845 532 891 viros
554 846 813 904 conjugibus
831 878 842 898 ‚
868 859 959 888 non
986 846 1042 887 ad
1058 845 1337 891 illudendum
1360 843 1624 889 imbecillio-
1687 853 1689 858 '

231 933 320 961 rem
351 932 531 971 sexum,
557 914 634 960 sed
664 913 819 959 sinceri
848 914 1004 960 amoris
1032 913 1202 973 legibus
1228 918 1427 974 praeficis.
1455 919 1520 960 Tu
1545 931 1624 975 pa-

228 989 425 1033 rentibus
443 988 554 1032 filios
571 986 708 1031 libera
727 986 917 1046 quadam
932 986 1140 1032 servitute
1152 986 1404 1046 subjungis,
1426 994 1626 1045 parentes
1688 1014 1689 1026 2

228 1058 327 1103 filiis
349 1060 420 1118 pia
444 1058 743 1103 dominatione
768 1056 1002 1117 praeponis.
1031 1060 1095 1100 Tu
1118 1055 1325 1101 fratribus
1346 1055 1500 1100 fratres
1522 1055 1626 1099 reli-

229 1129 366 1186 gionis
379 1128 558 1174 vinculo
575 1128 766 1173 firmiore
784 1137 916 1188 atque
935 1128 1118 1172 arctiore
1140 1142 1273 1187 quam
1289 1127 1510 1185 sanguinis
1530 1141 1626 1171 nec·
1689 1119 1690 1123 ¹

231 1200 298 1244 tis.
337 1203 403 1244 Tu
433 1215 609 1245 omnem
643 1199 813 1259 generis
835 1199 1212 1259 propinquitatem
1234 1207 1277 1242 et
1302 1197 1523 1242 affinitatis
1545 1212 1627 1241 ne-
1689 1249 1691 1255 A

202 1309 206 1312 .
229 1270 537 1315 cessitudinem
566 1305 577 1326 ,
623 1271 801 1314 servatis
840 1278 1008 1335 naturae
1046 1269 1371 1325 voluntatisque
1413 1267 1595 1309 nexibus
1613 1301 1624 1321 ‚
1690 1262 1692 1271 ’

206 1350 386 1385 χ1111111111
403 1342 613 1385 charitate
632 1340 906 1399 constringis.
935 1342 1001 1387 Tu
1018 1338 1206 1384 dominis
1227 1350 1399 1391 servo8‚
1425 1351 1513 1380 non
1538 1344 1628 1380 tam
1690 1327 1692 1346 ³

228 1412 493 1456 conditionis
525 1411 780 1456 necessitate
799 1445 811 1467 ‚
847 1426 979 1466 quam
1014 1408 1144 1451 officii
1180 1405 1469 1451 delectatione
1498 1406 1628 1451 doces

228 1480 467 1525 adhaerere
497 1485 563 1523 Tu
584 1483 784 1523 dominos
807 1477 967 1533 servis,
994 1477 1153 1522 summi
1177 1478 1255 1521 Dei
1272 1477 1515 1522 communis
1538 1480 1629 1522 Do=

229 1551 338 1596 mini
356 1550 702 1595 consideratione
725 1548 960 1608 placabiles
978 1584 988 1604 ‚
1014 1559 1057 1594 et
1080 1549 1135 1593 ad
1157 1548 1475 1594 consulendum
1494 1564 1627 1610 quam

232 1621 526 1667 coercendum
551 1623 853 1681 propensiores
875 1620 994 1665 facis.
1029 1623 1093 1664 Tu
1122 1621 1235 1666 cives
1257 1621 1424 1665 civibus
1441 1656 1451 1676 ‚
1478 1629 1628 1679 gentes

234 1693 437 1751 gentibus
454 1727 465 1748 ,
491 1701 535 1738 et
559 1708 732 1752 prorsus
749 1693 949 1738 homines
966 1692 1207 1751 primorum
1225 1702 1457 1752 parentum
1481 1706 1628 1736 recor·

233 1762 436 1814 datione,
474 1775 565 1804 non
596 1762 801 1806 societate
836 1771 1007 1806 tantum
1028 1797 1039 1817 ,
1067 1761 1142 1806 sed
1174 1762 1364 1822 quadam
1386 1762 1517 1806 etiam
1540 1760 1629 1805 fra-

235 1831 438 1877 ternitate
455 1831 700 1890 conjungis.
722 1834 860 1876 Doces
876 1847 996 1891 reges
1011 1832 1257 1891 prospicere
1272 1831 1462 1888 populis,
1479 1847 1629 1876 mones

235 1900 419 1962 populos
442 1915 485 1944 se
507 1900 694 1944 subdere
712 1901 903 1958 regibus,
931 1899 1097 1952 Quibus
1117 1899 1260 1943 honor
1277 1897 1504 1954 debeatur,
1526 1901 1630 1960 qui-

235 1973 317 2016 bus
351 1971 553 2024 affectus,
593 1969 753 2029 quibus
785 1969 1024 2014 reverentia
1046 2004 1056 2024 ‚
1095 1969 1255 2029 quibus
1288 1969 1442 2024 timor,
1469 1970 1629 2030 quibus

237 2042 474 2088 consolatio
489 2077 499 2097 ‚
526 2040 688 2101 quibus
706 2040 973 2096 admonitio,
999 2039 1161 2100 quibus
1180 2041 1421 2085 cohortatio
1437 2075 1447 2095 ‚
1468 2041 1628 2101 quibus

238 2111 465 2172 disciplina
482 2147 492 2167 ‚
518 2111 679 2172 quibus
697 2111 942 2171 objurgatio
957 2146 967 2166 ‚
991 2110 1150 2169 quibus
1171 2110 1430 2170 supplicium
1444 2145 1455 2166 ‚
1476 2111 1629 2156 sedulo
1693 2138 1696 2178 3

240 2183 368 2227 doces
385 2203 395 2239 3
421 2181 653 2227 ostendens
675 2179 1047 2241 quemadmodum
1066 2189 1109 2224 et
1126 2196 1215 2225 non
1233 2180 1435 2225 omnibus
1453 2181 1598 2225 omnia
1615 2216 1626 2237 ,
1651 2176 1659 2182 ”

240 2264 283 2299 ct
303 2255 506 2299 omuibus
529 2253 713 2298 charitas
730 2288 740 2308 ,
767 2262 809 2297 et
830 2252 940 2297 nulli
966 2252 1176 2297 debeatur
1198 2253 1369 2312 injuria.

300 2327 455 2369 LXIV.
495 2327 697 2368 Jamvero
730 2339 831 2368 cum
862 2324 956 2368 haec
993 2324 1184 2368 humana
1216 2322 1391 2367 dilectio
1413 2323 1629 2367 inhaeren-

241 2405 328 2438 ’10111
362 2396 571 2440 uberibus
612 2389 702 2439 tuis
730 2395 960 2439 nutriverit
995 2404 1037 2439 et
1072 2395 1341 2439 roboraverit
1369 2394 1592 2438 3111111111111
1612 2428 1623 2448 ‚

241 2467 462 2524 sequendo
499 2470 588 2511 Deo
627 2467 792 2511 factum
828 2466 1035 2512 idoneum
1066 2485 1074 2511 :
1110 2466 1187 2510 ubi
1219 2466 1309 2525 ejus
1347 2466 1541 2524 majestas
1576 2479 1626 2508 ex

296 2555 304 2571 ¹
330 2561 342 2582 1
364 2552 507 2584 Retract.
527 2562 598 2593 cap.
620 2562 676 2594 vu,
699 2563 729 2584 n.
755 2551 804 2583 15.
