1729 3143
207 204 291 243 578
630 212 664 242 s.
700 211 931 244 Aucusnm
965 215 1144 243 EPlscom

200 280 444 342 praedicatis
458 299 470 338 3
489 279 611 339 quod
632 281 763 326 etiam
782 281 1037 327 decoctione
1052 297 1200 327 earum
1216 281 1410 327 accidere
1425 281 1581 329 dicitis.

200 355 291 399 Gur
312 365 413 409 ergo
429 349 575 396 elixati
590 351 741 398 cardui
758 353 936 398 minime
958 355 1119 399 obsunt
1141 353 1412 399 valetudini?
1435 355 1590 399 Utrum

201 423 254 467 ab
275 422 334 467 eis
355 421 464 467 dum
484 422 546 468 ita
567 433 836 484 coquuntur,
861 428 995 470 Deum
1014 441 1069 471 an
1090 425 1355 486 partemDei
1370 425 1591 471 discedere

207 492 541 539 existimandum
564 496 661 540 est?

259 567 443 612 XLVII.
478 566 599 621 Quid
625 576 781 612 caetera
805 583 1062 629 persequar,
1094 583 1194 628 quae
1225 567 1370 612 omnia
1400 567 1486 612 dici
1512 582 1593 613 nec

200 634 327 681 facile
349 646 430 701 est,
450 653 531 683 nec
554 639 875 684 necessarium?
898 640 980 685 Cui
997 639 1113 684 enim
1136 654 1224 684 non
1237 638 1439 694 occurrit,
1457 653 1591 699 quam

198 707 338 754 multa
360 718 485 755 cocta
506 711 707 757 suaviora
729 720 773 755 et
794 710 1035 756 salubriora
1058 711 1174 755 sint?
1195 710 1320 764 Quod
1343 726 1433 755 non
1454 709 1593 754 debe-

200 787 297 824 rent
312 814 325 835 ,
349 780 410 836 si,
435 789 487 825 ut
503 782 772 841 opinamini,
798 782 1102 840 hujuscemodi
1123 781 1491 827 commotionibus
1511 781 1590 825 de-

199 860 406 896 seruntur
422 852 558 898 bono.
580 853 699 899 Nihil
719 867 796 898 vos
817 867 993 912 prorsus
1013 852 1208 896 invenire
1230 853 1442 908 arbitror,
1476 851 1594 897 unde

197 922 286 967 istis
308 924 500 984 corporis
521 925 718 969 sensibus
747 924 997 984 approbetis
1012 959 1022 979 ,
1050 923 1148 969 ideo
1170 939 1320 969 carnes
1346 923 1592 968 immundas

197 1007 312 1050 esse,
339 1004 472 1055 atque
494 996 660 1040 animas
681 994 912 1055 inquinare
941 995 1208 1040 vescentium
1229 1030 1240 1050 ,
1278 993 1400 1054 quod
1433 1002 1594 1053 carptae

196 1061 344 1123 fruges
373 1075 472 1124 post
499 1066 660 1112 multas
695 1066 1011 1112 commotiones
1044 1074 1271 1111 vertantur
1305 1065 1351 1109 in
1381 1079 1558 1110 carnem
1577 1098 1590 1119 ,

198 1137 439 1194 praesertim
459 1153 562 1183 cum
584 1147 628 1183 et
649 1147 911 1184 vestutatem
932 1138 1348 1199 corruptionemque
1366 1138 1491 1192 aceti,
1511 1152 1594 1196 pu-

195 1207 294 1251 tetis
311 1208 416 1253 vino
437 1223 528 1253 esse
548 1209 850 1266 mundiorem,
876 1218 920 1254 et
942 1224 1168 1254 caroenum
1191 1207 1312 1269 quod
1332 1208 1500 1263 bibitis,
1525 1207 1593 1251 ni-

195 1275 258 1320 hil
280 1277 401 1323 aliud
422 1294 557 1340 quam
578 1289 754 1325 coctum
775 1281 928 1325 vinum
950 1296 1040 1325 esse
1062 1280 1288 1325 videar-nus
1306 1314 1317 1335 ,
1353 1277 1473 1339 quod
1493 1279 1594 1323 vino

195 1346 376 1393 deberet
399 1364 489 1394 esse
511 1350 742 1407 sordidius,
764 1353 798 1396 si
819 1351 1011 1397 motibus
1031 1360 1075 1396 et
1097 1349 1373 1395 coctionibus
1392 1349 1448 1393 de
1463 1349 1594 1393 rebus

195 1422 413 1479 corporeis
437 1422 635 1467 membra
658 1422 806 1468 divina
828 1422 1073 1468 discedunt.
1098 1422 1142 1467 Si
1164 1431 1311 1466 autem
1329 1420 1492 1466 nonita
1513 1428 1591 1475 est,

193 1504 286 1534 non
307 1500 372 1536 est
391 1507 471 1537 cur
493 1493 768 1537 arbitremini
788 1493 954 1552 fruges,
975 1501 1355 1551 cumcarpuntur,
1375 1506 1593 1551 reponun-

200 1569 290 1617 tur,
316 1571 562 1609 tractantur
580 1600 591 1621 ,
627 1574 897 1625 coquuntur,
933 1563 1194 1624 digeruntur
1212 1600 1222 1619 ,
1261 1563 1456 1623 fugiente
1479 1563 1594 1608 bono

195 1630 356 1688 deseri,
394 1643 437 1678 et
469 1644 700 1694 propterea
737 1634 1070 1681 sordidissimam
1107 1634 1305 1680 creandis
1328 1633 1586 1694 corporibus

198 1702 398 1761 praebere
421 1705 666 1750 materiam.

257 1777 464 1820 XLVIII.
500 1776 631 1830 Quod
652 1778 686 1820 si
704 1792 794 1821 non
808 1776 969 1831 colore,
985 1786 1027 1820 et
1044 1775 1198 1831 forma,
1221 1785 1263 1821 et
1287 1766 1439 1831 odore,
1460 1784 1504 1820 et
1524 1790 1593 1820 sa—

202 1859 307 1904 pore
327 1844 566 1905 ducimini3
593 1856 642 1891 ut
663 1847 832 1892 bonum
853 1847 919 1891 his
943 1848 1071 1891 rebus
1093 1847 1230 1890 inesse
1244 1846 1462 1906 judicetis,
1488 1845 1595 1905 quid

204 1914 325 1959 aliud
367 1917 548 1975 potestis
580 1917 769 1962 atFerreP
802 1920 871 1962 An
904 1926 1160 1975 argumento
1184 1917 1302 1961 vobis
1325 1926 1388 1960 est
1417 1917 1593 1960 firmitas

204 1986 406 2046 quaedam
428 1996 558 2048 atque
580 1988 791 2044 valentia,
819 2004 919 2048 quae
940 1988 1029 2033 istis
1052 1988 1180 2032 rebus
1203 1987 1372 2032 detrahi
1393 1988 1566 2033 videtur
1581 2022 1592 2043 ,

205 2057 313 2102 dum
336 2074 361 2103 a
382 2068 497 2104 terra
520 2069 776 2120 separantur
804 2068 936 2120 atque
958 2061 1234 2105 tractantur?
1258 2059 1337 2104 Sed
1361 2060 1394 2104 si
1416 2060 1499 2105 hoc
1522 2071 1595 2104 vos

207 2139 402 2176 moveret
422 2133 709 2192 (quanquam
732 2130 889 2176 falsum
910 2131 956 2176 id
977 2147 1067 2177 esse
1087 2132 1174 2176 cito
1203 2131 1489 2177 animadverti
1516 2146 1596 2190 po-

207 2207 309 2257 test,
336 2211 514 2263 propter
541 2202 859 2249 nonnullorum
881 2213 1054 2248 auctam
1071 2239 1081 2259 ,
1114 2213 1345 2263 postquam
1368 2212 1494 2247 terrae
1516 2202 1595 2247 de-

209 2279 344 2318 tracta
365 2282 483 2330 sunt,
508 2275 761 2320 firmitatem
776 2310 788 2331 ,
821 2283 871 2320 ut
896 2275 985 2334 jam
1007 2274 1062 2319 de
1085 2275 1186 2320 vino
1209 2283 1597 2320 commemoratum

210 2352 296 2400 est,
321 2345 444 2405 quod
476 2346 526 2391 fit
553 2346 773 2391 robustius
801 2348 1047 2404 vetustate)
1079 2355 1227 2390 tamen
1247 2348 1282 2390 si
1303 2346 1396 2389 haec
1418 2345 1596 2391 firmitas

210 2429 285 2459 vos
314 2425 534 2472 moveret,
566 2426 616 2461 ut
637 2417 747 2472 dixi,
772 2418 816 2461 in
840 2416 963 2462 nullo
989 2417 1124 2476 magis
1152 2416 1252 2462 cibo
1275 2432 1405 2477 quam
1434 2417 1479 2461 in
1504 2432 1597 2461 car·-

212 2486 340 2531 nibus
362 2523 372 2543 ,
422 2490 703 2548 copiosiorem
742 2499 906 2548 partem
954 2489 1031 2534 Dei
1076 2489 1313 2549 probaretis
1352 2504 1456 2534 esse.
1500 2490 1595 2533 Non

214 2557 330 2600 enim
377 2560 551 2606 athletae
570 2596 580 2616 ,
617 2562 777 2621 quibus
800 2559 910 2606 illud
946 2560 1081 2608 robur
1113 2569 1155 2605 et
1189 2560 1375 2607 valentia
1413 2559 1597 2605 maxime
