1729 3143
473 195 528 222 DE
559 195 767 233 sYMBoLo‚
801 196 940 224 sERMO
967 197 1028 224 1v.
1384 188 1438 226 93

62 273 184 303 suam
199 292 210 314 ‚
235 259 512 304 commendat
532 259 698 305 donum
719 275 845 303 suum
860 295 872 316 ‚
897 276 987 305 non
1005 268 1134 319 negat
1154 294 1165 316 ‚
1189 269 1239 304 ut
1258 262 1442 321 amplius

62 327 276 372 desideres
298 328 480 374 dilatum
495 364 506 385 ‚
532 345 588 373 ne
609 328 784 374 vilescat
807 330 893 374 cito
912 330 1078 375 datum.
1103 333 1191 377 Nec
1219 340 1366 375 tamen
1402 343 1442 377 te

61 397 218 442 deserit
237 433 248 454 ‚
273 400 349 459 qui
371 399 533 443 utiliter
553 413 672 442 nunc
690 398 897 442 visionem
915 415 1037 444 suam
1053 401 1271 446 subtrahit
1292 420 1301 446 :
1326 402 1442 446 oculi

60 468 127 511 tui
147 483 247 512 eum
269 484 359 513 non
380 468 572 527 capiunt.
597 469 815 513 Gaeterum
836 469 925 528 ipse
948 479 992 513 te
1015 471 1134 514 omni
1155 480 1350 531 tempore
1374 482 1442 517 at-

60 538 216 584 tendit.
251 538 426 583 Adhibe
457 537 604 583 oculos
632 539 748 583 fidei.
773 542 928 585 Nonne
949 539 1104 585 faciem
1125 544 1216 602 ejus
1237 544 1410 602 respicis
1428 579 1439 599 ‚

55 624 157 654 cum
176 609 222 652 in
238 610 331 668 ejus
350 609 576 667 unigenito
597 610 708 655 Filio
725 610 896 655 credis?
916 613 1070 657 Nonne
1089 628 1241 657 manus
1264 616 1356 673 ejus
1373 614 1440 658 vi-

58 680 132 723 des
147 713 159 734 ‚
184 693 285 723 cum
320 679 566 723 universam
597 690 840 726 creaturam
862 681 1078 726 attendis?
1108 685 1263 728 Nonne
1285 699 1331 727 os
1353 685 1444 742 ejus

58 749 181 794 audis
201 783 212 804 ‚
247 749 424 808 quando
446 761 664 809 praecepta
699 753 790 811 ejus
823 752 993 797 recitari
1025 752 1247 799 advertis?
1269 755 1442 800 Oratio-

58 833 161 864 nem
181 827 302 863 tuam
323 821 546 878 quomodo
569 819 716 865 fundis
737 856 748 877 ‚
772 822 853 866 nisi
874 823 979 867 scias
1002 832 1044 867 te
1068 822 1123 867 ad
1141 822 1265 867 illum
1288 839 1442 883 perve—

58 888 174 944 nire,
199 889 254 933 de
275 905 364 949 quo
385 890 491 934 dicit
514 892 730 950 Propheta
757 911 766 936 :
799 910 819 934 «
843 895 957 937 Ecce
976 893 1092 938 oculi
1114 893 1288 938 Domini
1314 908 1444 952 super

63 979 82 1000 »
102 960 240 1018 justos
259 994 270 1015 ‚
301 969 344 1004 et
367 976 490 1005 aures
517 962 608 1020 ejus
627 962 683 1006 ad
704 977 852 1021 preces
873 979 1023 1008 eorum
1044 965 1094 1008 1?
1118 982 1138 1005 »
1166 963 1208 1008 Si
1238 972 1383 1007 autem
1401 972 1444 1006 et

58 1029 189 1085 pedes
211 1030 300 1084 ejus
318 1030 475 1083 quaeris
492 1046 616 1069 nosse
629 1064 640 1080 ⁷
666 1032 769 1069 audi
788 1048 896 1085 quos
916 1033 1053 1072 voluit
1070 1049 1159 1073 esse.
1175 1034 1307 1086 pedes
1325 1047 1439 1074 suos.

62 1097 249 1147 «Quam
285 1095 458 1154 pretiosi
495 1094 652 1153 pedes,
689 1095 862 1155 inquit,
901 1111 1051 1140 eorum
1081 1098 1158 1156 qui
1181 1099 1443 1144 annuntiant

63 1185 81 1207 »
105 1180 257 1224 pacem
274 1200 285 1219 ‚
314 1166 391 1225 qui
414 1166 678 1210 annuntiant
704 1166 821 1210 bona
839 1167 871 1209 ².
901 1184 920 1207 n
955 1167 1278 1226 Conscripimus
1301 1184 1442 1212 mem-

59 1236 137 1279 bra
161 1254 170 1280 :
203 1234 279 1279 sed
300 1250 388 1279 non
416 1235 462 1278 in
490 1235 556 1279 his
579 1236 782 1280 membris
805 1237 1005 1281 humanis
1029 1238 1276 1282 continetur
1293 1242 1407 1283 Deus
1428 1275 1439 1294 ,

58 1305 266 1366 quoniam
297 1321 387 1350 non
418 1314 482 1349 est
502 1306 549 1349 in
569 1306 666 1351 loco
682 1341 693 1361 ‚
719 1306 795 1351 sed
818 1307 984 1367 ubique
1006 1316 1121 1352 totus
1144 1317 1222 1352 est.
1250 1309 1443 1354 Diximus

59 1375 299 1420 secundum
321 1375 502 1419 modum
523 1376 821 1435 intelligentiae
837 1379 1042 1421 humanae
1056 1413 1067 1433 ‚
1093 1394 1183 1423 non
1199 1381 1441 1424 secundum

59 1445 327 1489 ineffabilem
357 1445 563 1488 virtutem
591 1447 823 1502 majestatis
848 1446 1019 1490 divinae.
1054 1449 1127 1491 Vis
1155 1464 1277 1493 nosse
1302 1450 1442 1507 qualis

61 1515 144 1559 sit?
166 1513 276 1558 Vide
315 1513 527 1557 facturam
551 1547 562 1567 ,
613 1521 656 1555 et
698 1512 911 1569 intelliges
946 1513 1155 1560 faetorem
1193 1536 1203 1562 ι
1243 1533 1444 1576 perscru-

61 1594 152 1628 tare
185 1599 284 1643 quae
315 1583 449 1636 fecit,
484 1591 526 1626 et
569 1581 783 1640 intelliges
828 1597 928 1625 eum
964 1583 1041 1642 qui
1082 1585 1227 1628 omnia
1264 1588 1438 1632 creavit.

61 1657 172 1698 Ecce
205 1653 263 1696 ait
296 1656 385 1696 Deo
426 1652 642 1710 Propheta
676 1668 687 1694 :
724 1670 740 1690 «
769 1650 881 1696 Coeli
916 1652 1130 1696 coelorum
1168 1669 1258 1698 non
1294 1665 1337 1700 te
1368 1673 1442 1702 ca-

64 1742 84 1764 »
101 1724 230 1782 piunt
245 1723 276 1765 ³.
299 1742 316 1764 »
341 1724 396 1766 Et
411 1737 541 1781 quem
557 1737 647 1766 non
666 1721 844 1780 capiunt
860 1723 995 1780 spatia
1013 1722 1135 1777 coeli,
1161 1724 1339 1783 capiunt
1362 1744 1442 1771 an-

61 1792 213 1852 gustiae
228 1792 368 1835 cordis
382 1792 564 1834 humani
579 1827 589 1844 ‚
605 1793 698 1850 ipso
714 1791 885 1836 dicente
906 1812 915 1837 z
941 1811 960 1835 α
974 1794 1263 1839 Inambulabo
1277 1797 1322 1840 in
1334 1797 1415 1841 illis
1429 1833 1439 1853 ‚

67 1883 84 1905 »
111 1872 154 1907 et
174 1862 429 1906 inhabitabo
448 1862 479 1904 ⁴¹.
509 1879 528 1902 »
556 1864 611 1904 Et
634 1863 841 1906 Dominus
863 1866 987 1908 Jesus
1010 1883 1018 1909 :
1048 1883 1065 1904 «
1092 1865 1177 1918 Qui
1193 1881 1262 1910 me
1282 1867 1439 1927 diligit,

66 1954 84 1976 »
111 1932 316 1991 diligetur
337 1948 360 1976 a
382 1935 509 1976 Patre
530 1946 654 1986 meo,
689 1941 732 1975 et
764 1947 843 1990 ego
865 1933 1045 1992 diligam
1068 1950 1168 1979 eum
1186 1970 1197 1991 ‚
1229 1946 1272 1980 et
1300 1939 1442 1982 mani-

67 2024 84 2045 »
112 2003 280 2046 festabo
300 2003 338 2046 ei
359 2018 428 2046 me
449 2003 591 2061 ipsum
615 2021 623 2045 :
650 2011 694 2046 et
712 2003 934 2047 veniemus
957 2004 1012 2048 ad
1034 2020 1131 2049 eum
1154 2040 1164 2060 ‚
1189 2016 1232 2050 et
1253 2009 1443 2052 mansio-

68 2094 85 2114 »
114 2087 215 2116 nem
237 2070 354 2131 apud
381 2087 480 2115 eum
498 2071 703 2116 faciemus
723 2074 754 2116 ⁵.
785 2093 802 2114 »
829 2076 940 2117 Ecce
963 2075 1137 2134 qualem
1161 2085 1203 2119 te
1225 2076 1328 2121 fecit
1349 2093 1443 2122 om·

63 2144 264 2202 nipotens
299 2142 376 2202 qui
413 2150 455 2185 te
493 2142 666 2184 creavit.
705 2145 902 2201 Agnosce
935 2154 977 2189 te
1008 2145 1127 2204 prius
1165 2147 1241 2206 qui
1275 2148 1358 2203 sis,
1403 2158 1446 2193 et

64 2228 296 2272 cognosces
318 2214 393 2271 qui
412 2221 454 2255 te
482 2210 585 2255 fecit
606 2211 682 2270 qui
707 2212 773 2255 sit.
801 2216 892 2256 Rex
916 2223 1108 2260 terrenus
1124 2251 1135 2271 ,
1160 2217 1259 2262 ideo
1280 2227 1444 2262 morta-

63 2284 115 2328 lis
130 2319 140 2338 ,
166 2284 268 2343 quia
285 2282 463 2327 visibilis
484 2300 493 2326 z
519 2285 610 2325 Rex
628 2281 813 2326 coelestis
834 2283 1086 2330 immortalis
1101 2322 1111 2341 ‚
1137 2297 1179 2330 et
1200 2287 1439 2333 invisibilis.

66 2358 159 2399 Rex
192 2364 387 2399 terrenus
418 2368 519 2398 cum
542 2353 649 2397 nihil
685 2355 890 2399 creaverit
911 2391 921 2410 ‚
953 2358 1097 2401 omnia
1119 2367 1263 2403 tamen
1293 2360 1338 2404 in
1361 2376 1442 2419 po-

114 2460 121 2475 ¹
146 2453 226 2485 Psal.
247 2451 361 2494 xxxin,
383 2451 434 2483 16.
451 2458 518 2474 ——2
537 2452 606 2483 lsai,
629 2462 683 2492 ui,
708 2462 741 2492 7,
757 2455 790 2483 et
809 2454 898 2484 Rom.
927 2464 959 2494 x,
983 2454 1031 2485 15.
1053 2471 1094 2476 —
1110 2452 1123 2477 3
1139 2463 1158 2487 2
1181 2457 1249 2488 Par.
1266 2466 1311 2498 vt,
1332 2457 1384 2489 18.
1400 2474 1440 2482 —-

68 2507 84 2537 4
108 2517 127 2540 2
145 2510 215 2541 Cor.
238 2520 282 2549 vi,
307 2508 355 2540 16.
373 2524 413 2530 —
428 2505 444 2530 5
462 2509 554 2541 Joan.
575 2517 641 2547 xiv,
660 2515 698 2540 21
716 2511 747 2539 et
760 2507 813 2540 23.
