1729 3143
74 275 177 378 S.
233 275 565 380 AUR.
630 273 1447 382 AUGUSTINI

393 487 801 526 HIPPONENSIS
839 488 1124 528 EPISCOPI

200 654 775 734 ADVERSUS
827 655 1299 734 JUDAEOS.

74 858 1458 898 os-aoaoeaeoeso-saeoeo-a—aaoeoaeoeeeeesseossoaoseoeaewaeosee÷÷÷enac—20

438 1017 845 1067 TRACTATUS
879 1021 1079 1069 UNUS.

114 1189 151 1231 I.
176 1189 344 1232 BEATUS
369 1189 587 1247 apostolus
609 1189 770 1234 Paulus
784 1191 818 1243 1,
836 1187 993 1232 doctor
1015 1187 1214 1244 gentium
1230 1189 1276 1233 in
1297 1190 1388 1233 fide
1411 1199 1456 1234 et

56 1258 261 1312 veritate,
286 1259 516 1304 exhortans
548 1275 627 1304 nos
653 1268 705 1303 ut
727 1259 774 1301 in
797 1258 948 1301 eadem
975 1255 1062 1300 fide
1077 1291 1090 1312 ‚
1122 1259 1249 1316 cujus
1270 1258 1456 1302 idoneus

56 1326 251 1370 minister
274 1326 456 1370 effectus
478 1335 542 1370 est
557 1361 568 1381 ,
599 1325 774 1371 stabiles
801 1326 1007 1385 firmique
1029 1340 1283 1370 maneamus
1300 1361 1312 1382 ‚
1336 1341 1455 1385 prae-

59 1405 188 1455 cepto
205 1394 434 1451 admonet,
457 1404 592 1439 terret
612 1395 828 1454 exemplo.
858 1414 880 1438 «
902 1395 1036 1439 Vides
1055 1430 1066 1450 ‚
1089 1395 1254 1454 inquit,
1281 1395 1456 1440 bonita-

62 1483 84 1507 »
110 1474 199 1509 tem
221 1475 264 1510 et
286 1466 557 1510 severitatem
574 1465 653 1509 Dei
677 1484 686 1509 :
709 1466 755 1508 in
774 1479 845 1509 eos
867 1463 1047 1524 quidem
1069 1464 1147 1523 qui
1170 1463 1426 1509 ceciderunt
1440 1501 1451 1519 ,

61 1552 82 1576 »
107 1535 410 1592 severitatem3
433 1535 481 1578 in
507 1544 551 1578 te
579 1543 725 1578 autem
752 1534 1019 1592 bonitatem,
1043 1535 1077 1578 si
1098 1535 1383 1593 permanseris
1408 1535 1457 1578 in

61 1620 82 1644 »
109 1604 305 1648 bonitate
324 1606 356 1647 ².
385 1621 406 1644 η
431 1607 526 1649 Hoc
548 1603 655 1648 dixit
679 1603 833 1663 utique
854 1603 910 1647 de
930 1606 954 1647 J
960 1603 1095 1647 udaeis
1110 1637 1121 1657 ‚
1147 1603 1224 1663 qui
1243 1612 1456 1662 tanquam

57 1676 168 1719 rami
188 1690 241 1719 ex
265 1674 339 1719 illa
361 1674 482 1730 olea,
509 1690 608 1734 quae
631 1675 678 1718 in
706 1675 864 1718 sanctis
892 1673 1153 1718 Patriarchis
1174 1682 1387 1733 tanquam
1409 1674 1456 1717 in

57 1745 203 1789 radice
234 1743 485 1800 fructifera,
521 1753 700 1803 propter
728 1743 1034 1788 infidelitatem
1070 1743 1198 1788 fracti
1233 1753 1366 1796 sunt,
1404 1751 1455 1787 ut

59 1813 257 1872 gentium
277 1823 457 1873 propter
475 1813 610 1857 fidem
626 1814 888 1858 insereretur
907 1813 1116 1871 oleaster3
1140 1822 1185 1858 et
1205 1813 1330 1857 fieret
1352 1827 1454 1871 par-

58 1881 193 1941 ticeps
225 1881 504 1941 pinguedinis
546 1883 653 1927 oleae
667 1918 678 1938 ‚
720 1883 849 1927 ramis
887 1881 1161 1926 naturalibus
1198 1883 1450 1942 amputatis.

63 1969 85 1993 «
111 1952 197 1996 Sed
218 1952 334 2007 noli,
357 1952 502 2012 inquit
518 1987 529 2007 ,
557 1952 730 2011 gloriari
749 1952 977 1997 adversum
991 1967 1133 1997 ramos
1153 1971 1163 1997 ε
1189 1967 1294 1996 nam
1311 1953 1346 1995 si
1359 1951 1454 2008 glo-

61 2038 83 2062 »
107 2021 226 2065 riaris
245 2056 254 2076 ,
280 2037 372 2065 non
391 2030 442 2066 tu
464 2022 655 2066 radicem
678 2032 824 2081 portas
841 2057 852 2078 ‚
878 2021 955 2066 sed
975 2022 1098 2066 radix
1119 2030 1177 2066 te.
1209 2040 1229 2063 »
1254 2024 1312 2065 Et
1335 2035 1450 2081 quo-

58 2089 176 2133 niam
213 2089 435 2135 salvantur
472 2090 606 2150 aliqui
644 2106 694 2136 ex
736 2091 820 2135 iuis
846 2126 858 2146 ,
914 2091 1125 2135 continuo
1179 2091 1408 2150 subjunxit
1442 2106 1453 2135 ε’

63 2177 82 2199 «
105 2159 316 2220 Alioquin
343 2169 386 2204 et
417 2169 469 2204 tu
498 2160 720 2204 excideris.
761 2160 846 2205 Sed
867 2170 910 2206 et
930 2161 994 2204 illi
1028 2162 1062 2205 si
1090 2176 1181 2206 non
1202 2175 1456 2221 permanse-

62 2244 85 2270 »
110 2230 197 2273 rint
217 2230 264 2273 in
290 2229 548 2274 infidelitate
565 2265 575 2284 ‚
606 2230 850 2274 inserentur
871 2250 882 2287 3
916 2239 1072 2289 potens
1099 2240 1163 2275 est
1197 2232 1315 2275 enim
1341 2233 1456 2275 Deus

66 2316 88 2340 »
110 2299 270 2343 iterum
286 2300 473 2344 inserere
493 2315 564 2344 eos
580 2301 612 2343 ³.
640 2318 661 2341 n
688 2299 758 2343 Illi
779 2309 926 2344 autem
946 2302 1021 2360 qui
1044 2311 1302 2360 permanent
1318 2302 1365 2345 in
1386 2302 1454 2345 in-

63 2368 275 2413 fidelitate
304 2404 315 2425 ,
356 2369 411 2414 ad
445 2369 565 2414 illam
600 2369 861 2415 sententiam
895 2370 1069 2414 Domini
1097 2372 1346 2430 pertinent,
1378 2370 1456 2415 ubi

112 2468 122 2486 ¹
143 2464 233 2496 Vide.
248 2466 286 2496 D.
310 2464 445 2497 Guillon.
466 2468 544 2497 tom.
566 2475 645 2506 xxii,
665 2475 737 2507 pag.
761 2464 878 2506 78-80.
892 2481 932 2488 —
949 2471 963 2488 ²
978 2467 1070 2499 Rom.
1094 2477 1138 2509 xx,
1157 2475 1214 2509 22,
1238 2470 1272 2500 et
1287 2466 1386 2509 Beda,
1401 2476 1457 2499 seu

67 2517 192 2560 Florus,
208 2518 287 2552 ibid.
304 2535 344 2542 -·
359 2517 372 2542 3
391 2518 475 2553 Ibid.
493 2529 587 2561 xvur,
604 2519 656 2554 23.
