1729 3143
430 252 482 279 DE
511 252 662 280 miseno
695 248 909 290 ARBITRIO,
943 252 1027 279 ΜΒ.
1067 252 1133 278 111.
1387 238 1470 279 405

90 332 222 378 quam
253 318 405 378 utique
432 328 630 363 mortuus
666 332 756 362 non
785 318 1003 375 habebat,
1038 318 1109 362 cui
1135 326 1284 361 tamen
1307 316 1475 376 profuit

88 389 235 434 matris
253 398 302 433 ut
329 391 601 449 resurgeret?
623 391 798 442 Quanto
819 403 922 447 ergo
944 389 1089 447 potius
1108 387 1214 432 fides
1237 386 1375 433 aliena
1391 403 1475 448 po-

90 467 174 504 test
201 460 429 505 consulere
458 460 669 521 parvulo,
699 459 771 504 cui
792 473 870 503 sua
905 458 1085 518 perfidia
1113 475 1203 504 non
1226 468 1369 520 potest
1394 460 1479 505 im-

16 579 22 598 :
86 531 229 589 putari
245 532 264 574 P

144 603 345 646 LXVIII.
381 605 443 646 De
471 601 735 646 cruciatibus
758 609 903 645 autem
926 602 1117 660 corporis
1135 635 1146 657 ,
1171 601 1331 662 quibus
1360 602 1475 647 affli-

87 681 251 731 guntur
271 672 440 731 parvuli
459 707 469 728 ,
495 687 684 733 quorum
701 687 778 731 per
809 680 981 716 aetatem
1003 671 1125 716 nulla
1145 681 1322 732 peccata
1344 682 1473 730 sunt,

85 742 120 786 si
137 742 291 787 animae
306 742 467 803 quibus
485 743 749 799 animantur,
766 758 856 787 non
870 742 990 802 prius
1009 758 1141 803 quam
1158 742 1239 802 ipsi
1255 744 1471 800 homines,

45 863 47 865 ,
85 827 174 857 esse
202 822 459 873 coeperunt,
485 815 623 873 major
643 811 821 872 querela
843 822 885 857 et
906 814 1029 873 quasi
1050 813 1290 858 misericors
1313 813 1478 872 deponi

84 883 221 940 solet,
257 900 358 928 cum
390 884 578 929 dicitur:
604 883 721 937 Quid
743 883 845 927 mali
868 883 1067 928 fecerunt
1093 893 1145 928 ut
1166 883 1245 926 ista
1271 893 1478 941 pateren—

83 956 190 997 tur?
224 956 355 1005 Quasi
385 955 519 1012 possit
557 968 646 997 esse
678 952 939 997 innocentiae
970 960 1204 1006 mentum,
1242 962 1478 1013 antequam

81 1025 265 1083 quisque
288 1023 453 1083 aliquid
481 1038 637 1067 nocere
666 1023 814 1083 possit.
849 1024 962 1068 Cum
998 1031 1144 1066 autem
1176 1023 1281 1067 boni
1307 1023 1477 1084 aliquid

82 1105 284 1154 operatur
297 1098 412 1138 Deus
424 1095 469 1138 in
484 1094 789 1139 emendatione
806 1095 1020 1154 majorum
1036 1129 1046 1148 ,
1072 1108 1171 1138 cum
1187 1095 1474 1153 parvulorum

81 1179 259 1209 suorum
282 1164 358 1224 qui
374 1164 431 1207 eis
452 1165 570 1207 chari
583 1174 700 1219 sunt,
719 1164 944 1208 doloribus
960 1180 1008 1208 ac
1022 1166 1235 1209 mortibus
1250 1164 1478 1224 flagellan-

82 1244 181 1292 tur,
207 1250 284 1279 cur
304 1235 385 1279 ista
407 1250 496 1278 non
519 1235 650 1289 fiant,
676 1233 855 1293 quando
886 1249 986 1278 cum
1010 1235 1259 1278 transierint
1285 1251 1361 1294 pro
1385 1252 1476 1281 non

79 1305 205 1350 factis
232 1313 361 1349 erunt
389 1305 433 1348 in
467 1304 625 1363 quibus
660 1303 772 1348 facta
805 1312 906 1347 sunt
938 1323 946 1348 :
974 1313 1153 1363 propter
1184 1320 1293 1364 quos
1327 1315 1474 1350 autem

78 1375 193 1421 facta
213 1385 315 1420 sunt
332 1411 343 1432 ,
370 1385 445 1420 aut
464 1375 664 1419 meliores
683 1384 826 1431 erunt,
843 1375 877 1419 si
895 1376 1211 1434 temporalibus
1233 1376 1473 1422 incommo-

79 1447 144 1492 dis
166 1446 411 1503 emendati,
436 1447 594 1491 rectius
617 1445 826 1504 elegerint
853 1446 1021 1504 vivere3
1054 1456 1129 1491 aut
1151 1448 1473 1493 excusationem

78 1518 124 1561 in
150 1513 289 1561 futuri
313 1517 466 1577 judicii
495 1515 709 1575 supplicio
743 1531 834 1561 non
864 1516 1096 1560 habebunt
1115 1551 1127 1572 ,
1160 1517 1195 1561 si
1216 1510 1317 1562 vitae
1339 1519 1472 1578 hujus

78 1589 311 1647 angoribus
333 1588 388 1633 ad
410 1597 617 1633 aeternam
645 1587 781 1632 vitam
811 1587 1073 1632 desiderium
1104 1598 1357 1634 convertere
1385 1605 1469 1635 no·-

75 1659 271 1704 luerint?
299 1660 404 1713 Quis
437 1668 583 1704 autem
616 1659 760 1704 novit'
774 1657 883 1718 quid
916 1657 1147 1718 parvulis¹,
1184 1659 1239 1704 de
1280 1675 1469 1720 quorum

77 1730 342 1774 cruciatibus
377 1729 537 1773 duritia
572 1730 786 1788 majorum
818 1729 1107 1773 contunditur
1141 1739 1217 1774 aut
1246 1741 1469 1775 exercetur

77 1800 205 1855 fides,
243 1809 317 1845 aut
347 1798 641 1845 misericordia
660 1799 909 1860 probatur,
941 1800 1037 1860 quis
1071 1815 1175 1860 ergo
1206 1801 1329 1846 novit
1358 1802 1466 1862 quid

77 1872 177 1931 ipsis
203 1870 393 1931 parvulis
424 1872 470 1914 in
497 1880 663 1915 secreto
686 1870 953 1931 judiciorum
977 1886 1156 1916 suorum
1184 1871 1314 1917 bonae
1343 1889 1467 1917 com-

76 1941 340 2001 pensationis
369 1949 557 1984 reservet
579 1944 715 1995 Deus,
747 1941 824 2000 qui
846 1957 1098 2001 quanquam
1126 1941 1235 1985 nihil
1257 1951 1374 1986 recte
1395 1942 1463 1986 fe-

75 2012 240 2066 cerint,
275 2021 423 2056 tamen
449 2026 530 2055 nec
559 2021 788 2070 peccantes
818 2010 985 2072 aliquid
1015 2013 1096 2056 ista
1121 2014 1310 2072 perpessi
1335 2016 1466 2058 sunt?

75 2085 173 2130 Non
196 2082 312 2126 enim
341 2082 498 2127 frustra
526 2082 654 2126 etiam
683 2081 870 2126 infantes
892 2082 1010 2138 illos,
1039 2083 1116 2142 qui
1138 2098 1235 2127 cum
1255 2084 1465 2129 Dominus

75 2155 198 2198 Jesus
228 2152 425 2198 Christus
457 2151 678 2197 necandus
701 2152 756 2195 ab
784 2151 958 2197 Herode
988 2157 1299 2213 quaereretur2‚
1333 2154 1464 2199 occisi

74 2232 201 2278 sunt,
236 2223 282 2267 in
311 2223 524 2268 honorem
551 2225 796 2281 Martyrum
835 2233 1032 2284 receptos
1066 2224 1343 2270 commendat
1375 2228 1463 2271 Ec-

74 2293 216 2340 clesia.

132 2366 289 2409 LXIX.
311 2367 572 2425 Quanquam
584 2364 652 2409 isti
666 2364 936 2418 calumniosi,
950 2375 993 2410 et
1003 2364 1155 2411 talium
1170 2366 1462 2427 quaestionum

74 2451 162 2480 non
184 2436 481 2480 studiosissimi
503 2437 835 2491 examinatores,
861 2435 936 2480 sed
965 2436 1256 2497 loquacissimi
1277 2437 1461 2482 ventila-

74 2515 186 2552 tores
203 2541 214 2562 ,
240 2506 367 2551 etiam
388 2506 442 2552 de
459 2521 667 2566 pecorum
690 2505 912 2552 doloribus
929 2516 971 2552 et
985 2506 1209 2553 laboribus
1221 2507 1362 2553 solent
1375 2508 1459 2553 mi-

121 2597 130 2614 ¹
150 2590 229 2624 Vide
245 2590 346 2634 Epist.
367 2602 463 2625 xxvln
481 2592 520 2625 ad
537 2591 722 2633 Hieronym,
737 2609 779 2617 -
795 2599 808 2616 ²
828 2591 947 2625 Matth.
967 2603 1005 2631 11,
1025 2591 1077 2625 16.
