1729 3143
207 222 290 262 554
642 230 677 261 s.
711 230 944 260 umus’rrm
964 232 1147 260 131’15001’1

261 302 364 344 XII.
387 295 596 351 Quaedam
614 294 854 342 facinorosa
870 296 1026 342 mulier
1045 296 1319 342 Atheniensis
1333 331 1345 351 ,
1369 305 1420 341 ut
1441 297 1582 357 prodit

203 370 379 415 historia
393 402 405 423 ,
430 382 645 412 venenum
666 366 789 428 quod
808 377 926 413 certo
945 367 1126 412 modulo
1150 367 1344 412 damnati
1364 377 1413 412 ut
1440 383 1586 413 more-

203 450 353 496 rentur
383 439 665 494 hauriebant,
691 439 900 499 paulatim
933 439 1125 484 bibendo
1160 439 1251 484 sine
1284 437 1375 484 ullo
1404 439 1474 484 vel
1503 439 1588 485 levi

201 511 478 557 incommodo
489 511 747 556 valetudinis
759 512 904 556 eflecit
919 521 969 556 ut
983 511 1167 555 biberet.
1192 514 1346 571 Itaque
1360 525 1463 554 cum
1477 520 1589 556 esset

202 582 435 643 aliquando
452 583 677 637 damnata,
702 582 942 642 legitimam
963 582 1083 627 illam
1104 582 1394 642 quantitatem
1407 584 1586 638 veneni,

201 669 332 715 quam
355 654 670 699 consuetudine
683 654 859 709 vicerat,
876 655 1040 714 accepit
1051 662 1101 698 ut
1115 653 1275 708 caeteri,
1292 667 1372 697 nec
1383 661 1434 697 ut
1445 652 1590 697 caeteri

200 725 388 769 extincta
411 733 490 768 est.
517 724 646 777 Quod
666 739 767 768 cum
796 733 906 769 esset
933 739 1094 784 magno
1115 722 1351 778 miraculo,
1377 723 1505 767 missa
1525 732 1589 767 est

198 796 243 839 in
265 794 457 839 exilium.
483 793 622 849 Quid,
642 803 847 854 putamus
868 794 903 837 si
923 809 1140 838 venenum
1166 791 1330 837 malum
1352 802 1438 848 est,
1461 792 1588 837 istam

198 865 348 910 fecisse
366 874 416 909 ut
437 865 520 909 sibi
539 864 706 909 malum
724 879 813 908 non
839 865 977 908 esset?
996 864 1113 916 Quid
1129 864 1213 908 hoc
1228 863 1485 908 absurdius?
1504 863 1589 908 Sed

199 937 300 996 quia
320 935 673 980 inconvenientia
698 933 863 978 malum
887 943 965 989 est,
991 933 1096 978 fecit
1110 933 1254 992 potius
1276 943 1324 978 ut
1345 949 1422 993 per
1444 933 1590 978 mode-

199 1017 335 1052 ratam
353 1005 715 1052 consuetudinem
730 1004 842 1049 illud
856 1021 1014 1064 corpus
1028 1020 1107 1049 suo
1130 1004 1301 1064 corpori
1315 1005 1584 1049 conveniret.

197 1081 306 1124 Nam
334 1077 511 1137 quando
545 1075 618 1120 illa
646 1076 842 1136 qualibet
872 1075 1106 1121 calliditate
1136 1084 1279 1135 posset
1309 1075 1507 1130 efficere,
1540 1085 1591 1121 ut

197 1149 278 1192 sibi
303 1147 653 1193 inconvenientia
692 1163 782 1192 non
815 1148 1033 1192 noceret?
1067 1146 1185 1199 Quid
1218 1147 1308 1190 ita?
1340 1146 1448 1200 Quia
1469 1146 1591 1206 quod

196 1235 297 1263 vere
319 1229 361 1263 et
384 1217 640 1277 generaliter
662 1217 825 1265 malum
849 1228 937 1273 est,
963 1226 1006 1262 et
1023 1232 1193 1276 semper
1214 1226 1258 1261 et
1279 1217 1484 1262 omnibus
1505 1232 1588 1262 no-

198 1300 280 1336 cet.
305 1289 462 1334 Oleum
485 1290 640 1334 nostris
663 1290 918 1350 corporibus
940 1288 1222 1333 commodum
1234 1297 1314 1342 est,
1335 1287 1587 1331 animalium

197 1370 344 1405 autem
360 1359 524 1415 multis,
549 1376 649 1420 quae
670 1375 742 1404 sex
765 1359 897 1420 pedes
917 1360 1082 1404 habent
1097 1393 1108 1413 ‚
1135 1358 1415 1402 vehementer
1434 1356 1588 1402 adver-

196 1447 309 1477 sum.
336 1430 594 1479 Elleborum
607 1466 617 1486 ,
643 1446 790 1475 nonne
808 1430 890 1475 alio
909 1430 1042 1474 modo
1059 1428 1181 1473 cibus
1195 1437 1281 1483 est,
1305 1426 1388 1473 alio
1405 1427 1573 1473 medica

197 1511 412 1555 mentum,
439 1501 522 1544 alio
544 1502 793 1545 venenum?
818 1499 959 1544 Salem
988 1497 1315 1543 immoderatius
1339 1508 1587 1558 acceptum,

196 1573 292 1632 quis
305 1587 394 1616 non
415 1585 636 1615 venenum
651 1584 741 1614 esse
763 1569 1012 1614 clamaverit
1029 1571 1046 1612 ‘3
1067 1579 1176 1630 quot
1194 1578 1339 1614 autem
1356 1578 1400 1613 et
1414 1579 1589 1630 quantae

197 1643 389 1702 corporis
413 1640 744 1686 commoditates
767 1656 817 1684 ex
838 1657 890 1685 eo
908 1641 1020 1696 sint,
1045 1642 1142 1701 quis
1168 1649 1309 1700 potest
1329 1642 1590 1686 numerare?

197 1718 323 1774 Aqua
349 1713 478 1757 maris
502 1712 682 1756 terrenis
705 1711 965 1756 animalibus
988 1715 1088 1756 curn
1111 1711 1277 1756 bibitur
1296 1746 1308 1767 ,
1342 1712 1470 1756 noxia
1491 1720 1555 1756 est
1575 1731 1584 1757 ε

197 1784 436 1828 multorum
459 1790 604 1825 autem
627 1782 882 1839 corporibus
899 1815 909 1835 ,
936 1783 1042 1825 dum
1060 1781 1134 1825 illa
1156 1783 1489 1836 humectantur,
1516 1797 1589 1826 ac-

197 1851 594 1899 commodatissima
608 1860 652 1895 et
668 1850 784 1895 utilis
804 1869 813 1895 ε
834 1852 879 1894 in
892 1860 1081 1910 utroque
1100 1859 1244 1895 autem
1257 1851 1448 1910 piscibus
1460 1850 1589 1896 saluti

197 1935 241 1969 et
261 1923 477 1982 voluptati
504 1932 581 1966 est.
617 1923 743 1966 Panis
770 1923 991 1966 hominem
1025 1922 1125 1977 alit,
1163 1922 1412 1982 accipitrem
1441 1933 1583 1969 necat.

196 1998 387 2041 Coenum
419 1994 583 2053 ipsum,
613 1991 734 2053 quod
772 2002 813 2036 et
848 1993 1055 2037 haustum
1089 2002 1133 2037 et
1167 1991 1376 2038 olfactum
1400 1993 1586 2052 graviter

197 2066 384 2113 offendit
406 2074 450 2109 et
469 2064 616 2119 laedit,
648 2079 795 2109 nonne
825 2073 868 2109 et
897 2073 1044 2110 aestate
1067 2073 1233 2109 tactum
1262 2064 1488 2125 refrigerat
1505 2101 1517 2122 ‚
1542 2075 1586 2111 et

198 2136 451 2182 vulneribus
473 2151 572 2196 quae
595 2136 650 2179 ab
673 2136 774 2194 igne
796 2134 1045 2180 acciderunt
1063 2170 1074 2189 ‚
1101 2136 1470 2180 medicamentum
1491 2138 1586 2181 est?

197 2208 313 2264 Quid
325 2218 511 2254 stercore
526 2206 837 2267 aspernabilius
852 2209 869 2250 ⁴?
889 2206 997 2268 quid
1011 2208 1155 2252 cinere
1168 2208 1404 2268 abjectius?
1421 2212 1478 2253 At
1490 2209 1585 2254 haec

198 2289 338 2325 tantas
360 2280 470 2338 agris
489 2278 699 2323 utilitates
720 2278 938 2334 afferunt,
962 2287 1011 2322 ut
1025 2294 1178 2323 eorum
1199 2279 1432 2334 inventori,
1452 2295 1477 2324 a
1497 2295 1585 2340 quo

198 2352 328 2396 etiam
350 2360 512 2395 stercus
543 2363 704 2395 nomen
735 2349 924 2407 accepit,
964 2350 1176 2395 Stercutio
1208 2350 1376 2395 divinos
1399 2351 1584 2395 honores

200 2423 382 2467 Romani
407 2420 667 2466 deferendos
683 2429 904 2480 putarent.

256 2495 378 2536 XIII.
416 2491 500 2537 Sed
516 2491 622 2552 quid
644 2507 773 2551 parva
792 2490 1014 2550 colligam,
1035 2506 1134 2550 quae
1153 2500 1256 2535 sunt
1283 2490 1581 2535 innumerabi-

200 2561 290 2606 lia?
322 2565 518 2615 Quatuor
540 2564 631 2621 ipsa
663 2578 763 2622 quae
790 2563 836 2607 in
867 2571 1074 2621 promptu
1097 2572 1197 2606 sunt
1220 2561 1458 2616 elementa,
1484 2562 1582 2621 quis

1682 2537 1688 2698 ἰ

1717 315 1729 429 ¹:⁶2...

1714 473 1729 1137 -Ο-ΩὌΞῆΣἿῇὌῦ-’ῳ

1713 1170 1729 1566 ςεββ-Φιν-

1713 1679 1721 1707 ω

1721 1755 1729 1777 ¹.

1712 1734 1719 1847 ›-—.—.

1722 1822 1729 1848 t

1712 1876 1729 1919 al

1711 1963 1729 1990 m

1726 2107 1729 2130 1

1711 2033 1724 2078 P

1711 2106 1723 2149 q

1711 2250 1723 2294 t

1711 2177 1729 2205 Π

1710 2319 1729 2347 ΕΞ

1711 2376 1729 2417 ό(

1710 2461 1729 2489 [ί

1716 2602 1725 2624 ’4

1712 2605 1719 2629 t
