<?xml version="1.0" encoding="UTF-8"?>
<!DOCTYPE html PUBLIC "-//W3C//DTD XHTML 1.0 Transitional//EN"
    "http://www.w3.org/TR/xhtml1/DTD/xhtml1-transitional.dtd">
<html xmlns="http://www.w3.org/1999/xhtml" xml:lang="en" lang="en">
 <head>
  <title>
</title>
<meta http-equiv="Content-Type" content="text/html;charset=utf-8" />
  <meta name='ocr-system' content='tesseract 3.04.00' />
  <meta name='ocr-capabilities' content='ocr_page ocr_carea ocr_par ocr_line ocrx_word'/>
</head>
<body>
  <div class='ocr_page' id='page_1' title='image "./operaomniaaccura27auguuoft/operaomniaaccura27auguuoft_0170.png"; bbox 0 0 1729 3143; ppageno 0'>
   <div class='ocr_carea' id='block_1_1' title="bbox 257 172 1201 213">
    <p class='ocr_par' dir='ltr' id='par_1_1' title="bbox 257 172 1201 213">
     <span class='ocr_line' id='line_1_1' title="bbox 257 172 1201 213; baseline -0.008 0"><span class='ocrx_word' id='word_1_1' title='bbox 257 172 339 213; x_wconf 82' lang='lat'>158</span> <span class='ocrx_word' id='word_1_2' title='bbox 686 176 721 207; x_wconf 88' lang='lat' dir='ltr'>s.</span> <span class='ocrx_word' id='word_1_3' title='bbox 756 174 989 206; x_wconf 75' lang='lat' dir='ltr'>Aueusnm</span> <span class='ocrx_word' id='word_1_4' title='bbox 1019 177 1201 206; x_wconf 73' lang='lat' dir='ltr'>131³1sc01²1</span> 
     </span>
    </p>
   </div>
   <div class='ocr_carea' id='block_1_2' title="bbox 248 242 1729 941">
    <p class='ocr_par' dir='ltr' id='par_1_2' title="bbox 248 242 1729 941">
     <span class='ocr_line' id='line_1_2' title="bbox 312 242 1729 308; baseline -0.004 -15"><span class='ocrx_word' id='word_1_5' title='bbox 312 251 389 293; x_wconf 91' lang='lat' dir='ltr'>VI.</span> <span class='ocrx_word' id='word_1_6' title='bbox 424 250 462 292; x_wconf 91' lang='grc' dir='ltr'><strong>Ο</strong></span> <span class='ocrx_word' id='word_1_7' title='bbox 483 259 590 305; x_wconf 86' lang='lat' dir='ltr'>agne</span> <span class='ocrx_word' id='word_1_8' title='bbox 617 244 757 288; x_wconf 89' lang='lat' dir='ltr'>occise</span> <span class='ocrx_word' id='word_1_9' title='bbox 774 277 785 299; x_wconf 90' lang='lat'>,</span> <span class='ocrx_word' id='word_1_10' title='bbox 817 259 844 288; x_wconf 93' lang='grc' dir='ltr'>ο</span> <span class='ocrx_word' id='word_1_11' title='bbox 868 244 1038 290; x_wconf 84' lang='lat' dir='ltr'><strong>Christe</strong></span> <span class='ocrx_word' id='word_1_12' title='bbox 1058 252 1205 288; x_wconf 89' lang='lat' dir='ltr'>sancte</span> <span class='ocrx_word' id='word_1_13' title='bbox 1231 257 1312 302; x_wconf 90' lang='lat' dir='ltr'>pro</span> <span class='ocrx_word' id='word_1_14' title='bbox 1340 243 1466 289; x_wconf 91' lang='lat' dir='ltr'>nobis</span> <span class='ocrx_word' id='word_1_15' title='bbox 1493 243 1638 289; x_wconf 67' lang='lat' dir='ltr'>cruci-⁶</span> <span class='ocrx_word' id='word_1_16' title='bbox 1687 277 1690 308; x_wconf 62' lang='lat'>3</span> <span class='ocrx_word' id='word_1_17' title='bbox 1727 242 1729 258; x_wconf 72' lang='lat'><strong><em>¹</em></strong></span> 
     </span>
     <span class='ocr_line' id='line_1_3' title="bbox 253 306 1729 378; baseline -0.004 -14"><span class='ocrx_word' id='word_1_18' title='bbox 253 321 356 375; x_wconf 85' lang='lat' dir='ltr'>fixe,</span> <span class='ocrx_word' id='word_1_19' title='bbox 382 319 457 378; x_wconf 90' lang='lat' dir='ltr'>qui</span> <span class='ocrx_word' id='word_1_20' title='bbox 480 326 529 360; x_wconf 87' lang='lat' dir='ltr'>ut</span> <span class='ocrx_word' id='word_1_21' title='bbox 548 316 667 374; x_wconf 88' lang='lat' dir='ltr'>lapsa</span> <span class='ocrx_word' id='word_1_22' title='bbox 688 329 906 374; x_wconf 84' lang='lat' dir='ltr'>reparares</span> <span class='ocrx_word' id='word_1_23' title='bbox 927 316 973 359; x_wconf 90' lang='lat' dir='ltr'>in</span> <span class='ocrx_word' id='word_1_24' title='bbox 994 330 1122 359; x_wconf 88' lang='lat' dir='ltr'>cruce</span> <span class='ocrx_word' id='word_1_25' title='bbox 1147 314 1393 374; x_wconf 84' lang='lat' dir='ltr'>pependisti</span> <span class='ocrx_word' id='word_1_26' title='bbox 1422 333 1432 359; x_wconf 72' lang='grc' dir='ltr'>ε</span> <span class='ocrx_word' id='word_1_27' title='bbox 1462 315 1554 374; x_wconf 88' lang='lat' dir='ltr'>ipsa</span> <span class='ocrx_word' id='word_1_28' title='bbox 1575 321 1640 358; x_wconf 82' lang='lat' dir='ltr'>est</span> <span class='ocrx_word' id='word_1_29' title='bbox 1688 306 1707 376; x_wconf 47' lang='grc' dir='ltr'>ζ’</span> <span class='ocrx_word' id='word_1_30' title='bbox 1728 306 1729 311; x_wconf 50' lang='grc'>’</span> 
     </span>
     <span class='ocr_line' id='line_1_4' title="bbox 250 384 1729 445; baseline -0.004 -13"><span class='ocrx_word' id='word_1_31' title='bbox 250 388 324 432; x_wconf 79' lang='lat' dir='ltr'>illa</span> <span class='ocrx_word' id='word_1_32' title='bbox 342 388 463 445; x_wconf 86' lang='lat' dir='ltr'>virga</span> <span class='ocrx_word' id='word_1_33' title='bbox 484 385 606 443; x_wconf 87' lang='lat' dir='ltr'>regni</span> <span class='ocrx_word' id='word_1_34' title='bbox 627 384 710 440; x_wconf 83' lang='lat' dir='ltr'>tui,</span> <span class='ocrx_word' id='word_1_35' title='bbox 726 399 831 428; x_wconf 84' lang='lat' dir='ltr'>crux</span> <span class='ocrx_word' id='word_1_36' title='bbox 845 385 954 444; x_wconf 84' lang='lat' dir='ltr'>ipsa,</span> <span class='ocrx_word' id='word_1_37' title='bbox 974 386 1170 445; x_wconf 87' lang='lat' dir='ltr'>inquam,</span> <span class='ocrx_word' id='word_1_38' title='bbox 1193 399 1280 444; x_wconf 88' lang='lat' dir='ltr'>qua</span> <span class='ocrx_word' id='word_1_39' title='bbox 1298 385 1433 428; x_wconf 91' lang='lat' dir='ltr'>virtus</span> <span class='ocrx_word' id='word_1_40' title='bbox 1454 385 1501 427; x_wconf 92' lang='lat' dir='ltr'>in</span> <span class='ocrx_word' id='word_1_41' title='bbox 1521 384 1642 427; x_wconf 84' lang='lat' dir='ltr'>infir·</span> <span class='ocrx_word' id='word_1_42' title='bbox 1727 384 1729 397; x_wconf 75' lang='lat'><strong>⁴</strong></span> 
     </span>
     <span class='ocr_line' id='line_1_5' title="bbox 253 454 1729 516; baseline -0.003 -15"><span class='ocrx_word' id='word_1_43' title='bbox 253 459 400 501; x_wconf 88' lang='lat' dir='ltr'>mitate</span> <span class='ocrx_word' id='word_1_44' title='bbox 421 454 642 514; x_wconf 76' lang='lat' dir='ltr'>perficitur</span> <span class='ocrx_word' id='word_1_45' title='bbox 656 491 667 512; x_wconf 92' lang='lat'>‚</span> <span class='ocrx_word' id='word_1_46' title='bbox 692 456 783 516; x_wconf 88' lang='lat' dir='ltr'>ipsa</span> <span class='ocrx_word' id='word_1_47' title='bbox 804 455 878 501; x_wconf 89' lang='lat' dir='ltr'>illa</span> <span class='ocrx_word' id='word_1_48' title='bbox 900 456 1020 515; x_wconf 88' lang='lat' dir='ltr'>virga</span> <span class='ocrx_word' id='word_1_49' title='bbox 1041 472 1170 510; x_wconf 81' lang='lat' dir='ltr'>crux,</span> <span class='ocrx_word' id='word_1_50' title='bbox 1195 455 1287 515; x_wconf 89' lang='lat' dir='ltr'>ipsa</span> <span class='ocrx_word' id='word_1_51' title='bbox 1308 454 1382 498; x_wconf 85' lang='lat' dir='ltr'>illa</span> <span class='ocrx_word' id='word_1_52' title='bbox 1400 455 1519 512; x_wconf 85' lang='lat' dir='ltr'>virga</span> <span class='ocrx_word' id='word_1_53' title='bbox 1541 469 1642 515; x_wconf 85' lang='lat' dir='ltr'>quae</span> <span class='ocrx_word' id='word_1_54' title='bbox 1728 455 1729 466; x_wconf 63' lang='lat'>¹</span> 
     </span>
     <span class='ocr_line' id='line_1_6' title="bbox 248 518 1635 588; baseline -0.002 -17"><span class='ocrx_word' id='word_1_55' title='bbox 248 528 455 571; x_wconf 81' lang='lat' dir='ltr'>floruitex</span> <span class='ocrx_word' id='word_1_56' title='bbox 467 527 612 572; x_wconf 86' lang='lat' dir='ltr'>radice</span> <span class='ocrx_word' id='word_1_57' title='bbox 625 530 759 582; x_wconf 85' lang='lat' dir='ltr'>Jesse,</span> <span class='ocrx_word' id='word_1_58' title='bbox 770 528 860 587; x_wconf 88' lang='lat' dir='ltr'>ipsa</span> <span class='ocrx_word' id='word_1_59' title='bbox 873 527 947 572; x_wconf 82' lang='lat' dir='ltr'>illa</span> <span class='ocrx_word' id='word_1_60' title='bbox 956 528 1076 587; x_wconf 86' lang='lat' dir='ltr'>virga</span> <span class='ocrx_word' id='word_1_61' title='bbox 1086 543 1219 588; x_wconf 88' lang='lat' dir='ltr'>quam</span> <span class='ocrx_word' id='word_1_62' title='bbox 1234 518 1635 586; x_wconf 87' lang='lat' dir='ltr'>portabatMoyses,</span> 
     </span>
     <span class='ocr_line' id='line_1_7' title="bbox 250 599 1710 662; baseline -0.001 -21"><span class='ocrx_word' id='word_1_63' title='bbox 250 613 350 656; x_wconf 83' lang='lat' dir='ltr'>quae</span> <span class='ocrx_word' id='word_1_64' title='bbox 377 613 583 642; x_wconf 88' lang='lat' dir='ltr'>conversa</span> <span class='ocrx_word' id='word_1_65' title='bbox 610 599 655 641; x_wconf 91' lang='lat' dir='ltr'>in</span> <span class='ocrx_word' id='word_1_66' title='bbox 683 608 929 658; x_wconf 82' lang='lat' dir='ltr'>serpentem</span> <span class='ocrx_word' id='word_1_67' title='bbox 953 599 1098 656; x_wconf 83' lang='lat' dir='ltr'>glutiit</span> <span class='ocrx_word' id='word_1_68' title='bbox 1127 601 1358 657; x_wconf 77' lang='lat' dir='ltr'>Magorum</span> <span class='ocrx_word' id='word_1_69' title='bbox 1390 604 1640 656; x_wconf 82' lang='lat' dir='ltr'>serpentes:</span> <span class='ocrx_word' id='word_1_70' title='bbox 1690 609 1710 662; x_wconf 47' lang='grc' dir='ltr'>ἓν</span> 
     </span>
     <span class='ocr_line' id='line_1_8' title="bbox 250 664 1704 728; baseline -0.002 -16"><span class='ocrx_word' id='word_1_71' title='bbox 250 666 449 712; x_wconf 85' lang='lat' dir='ltr'>doctrina</span> <span class='ocrx_word' id='word_1_72' title='bbox 467 668 627 713; x_wconf 87' lang='lat' dir='ltr'>Christi</span> <span class='ocrx_word' id='word_1_73' title='bbox 642 667 801 712; x_wconf 84' lang='lat' dir='ltr'>diffusa</span> <span class='ocrx_word' id='word_1_74' title='bbox 818 684 892 728; x_wconf 91' lang='lat' dir='ltr'>per</span> <span class='ocrx_word' id='word_1_75' title='bbox 909 683 1060 713; x_wconf 89' lang='lat' dir='ltr'>omnes</span> <span class='ocrx_word' id='word_1_76' title='bbox 1081 678 1248 728; x_wconf 80' lang='lat' dir='ltr'>gentes,</span> <span class='ocrx_word' id='word_1_77' title='bbox 1268 669 1498 712; x_wconf 85' lang='lat' dir='ltr'>haereticos</span> <span class='ocrx_word' id='word_1_78' title='bbox 1515 680 1647 725; x_wconf 87' lang='lat' dir='ltr'>supe·</span> <span class='ocrx_word' id='word_1_79' title='bbox 1690 664 1704 707; x_wconf 71' lang='grc' dir='ltr'>ῖ-</span> 
     </span>
     <span class='ocr_line' id='line_1_9' title="bbox 249 733 1711 800; baseline -0.001 -19"><span class='ocrx_word' id='word_1_80' title='bbox 249 753 346 782; x_wconf 87' lang='lat' dir='ltr'>rans</span> <span class='ocrx_word' id='word_1_81' title='bbox 366 739 606 785; x_wconf 86' lang='lat' dir='ltr'>dementes.</span> <span class='ocrx_word' id='word_1_82' title='bbox 629 743 680 784; x_wconf 93' lang='lat' dir='ltr'>In</span> <span class='ocrx_word' id='word_1_83' title='bbox 694 739 769 784; x_wconf 88' lang='lat' dir='ltr'>illo</span> <span class='ocrx_word' id='word_1_84' title='bbox 783 741 900 784; x_wconf 90' lang='lat' dir='ltr'>enim</span> <span class='ocrx_word' id='word_1_85' title='bbox 913 739 1095 800; x_wconf 90' lang='lat' dir='ltr'>populo,</span> <span class='ocrx_word' id='word_1_86' title='bbox 1112 740 1269 783; x_wconf 80' lang='lat' dir='ltr'>fratres</span> <span class='ocrx_word' id='word_1_87' title='bbox 1287 774 1299 794; x_wconf 85' lang='lat'>,</span> <span class='ocrx_word' id='word_1_88' title='bbox 1327 739 1373 782; x_wconf 92' lang='lat' dir='ltr'>in</span> <span class='ocrx_word' id='word_1_89' title='bbox 1392 753 1483 799; x_wconf 91' lang='lat' dir='ltr'>quo</span> <span class='ocrx_word' id='word_1_90' title='bbox 1505 736 1648 781; x_wconf 81' lang='lat' dir='ltr'>multa</span> <span class='ocrx_word' id='word_1_91' title='bbox 1691 733 1711 780; x_wconf 68' lang='lat' dir='ltr'>{r</span> 
     </span>
     <span class='ocr_line' id='line_1_10' title="bbox 249 803 1709 870; baseline -0.001 -18"><span class='ocrx_word' id='word_1_92' title='bbox 249 809 459 854; x_wconf 89' lang='lat' dir='ltr'>miracula</span> <span class='ocrx_word' id='word_1_93' title='bbox 479 809 667 855; x_wconf 85' lang='lat' dir='ltr'>faciebat</span> <span class='ocrx_word' id='word_1_94' title='bbox 689 814 860 869; x_wconf 89' lang='lat' dir='ltr'>Moyses</span> <span class='ocrx_word' id='word_1_95' title='bbox 879 826 956 870; x_wconf 89' lang='lat' dir='ltr'>per</span> <span class='ocrx_word' id='word_1_96' title='bbox 972 811 1140 869; x_wconf 83' lang='lat' dir='ltr'>virgam</span> <span class='ocrx_word' id='word_1_97' title='bbox 1155 845 1166 865; x_wconf 85' lang='lat'>,</span> <span class='ocrx_word' id='word_1_98' title='bbox 1192 816 1507 853; x_wconf 80' lang='lat' dir='ltr'>exurrexerunt</span> <span class='ocrx_word' id='word_1_99' title='bbox 1530 805 1648 863; x_wconf 86' lang='lat' dir='ltr'>Magi</span> <span class='ocrx_word' id='word_1_100' title='bbox 1693 803 1709 812; x_wconf 52' lang='grc'>””</span> 
     </span>
     <span class='ocr_line' id='line_1_11' title="bbox 251 875 1648 941; baseline -0.003 -19"><span class='ocrx_word' id='word_1_101' title='bbox 251 879 509 936; x_wconf 87' lang='lat' dir='ltr'>Pharaonis,</span> <span class='ocrx_word' id='word_1_102' title='bbox 532 880 742 926; x_wconf 81' lang='lat' dir='ltr'>facientes</span> <span class='ocrx_word' id='word_1_103' title='bbox 764 891 808 926; x_wconf 88' lang='lat' dir='ltr'>et</span> <span class='ocrx_word' id='word_1_104' title='bbox 830 882 912 941; x_wconf 91' lang='lat' dir='ltr'>ipsi</span> <span class='ocrx_word' id='word_1_105' title='bbox 931 879 1129 941; x_wconf 84' lang='lat' dir='ltr'>prodigia</span> <span class='ocrx_word' id='word_1_106' title='bbox 1154 888 1306 924; x_wconf 88' lang='lat' dir='ltr'>contra</span> <span class='ocrx_word' id='word_1_107' title='bbox 1326 877 1547 923; x_wconf 84' lang='lat' dir='ltr'>famulum</span> <span class='ocrx_word' id='word_1_108' title='bbox 1569 875 1648 920; x_wconf 93' lang='lat' dir='ltr'>Dei</span> 
     </span>
    </p>
   </div>
   <div class='ocr_carea' id='block_1_3' title="bbox 250 948 1696 1074">
    <p class='ocr_par' dir='ltr' id='par_1_3' title="bbox 250 948 1696 1074">
     <span class='ocr_line' id='line_1_12' title="bbox 251 948 1696 1013; baseline -0.003 -19"><span class='ocrx_word' id='word_1_109' title='bbox 251 952 449 1009; x_wconf 85' lang='lat' dir='ltr'>Moysen.</span> <span class='ocrx_word' id='word_1_110' title='bbox 478 952 562 998; x_wconf 90' lang='lat' dir='ltr'>Sed</span> <span class='ocrx_word' id='word_1_111' title='bbox 586 954 641 998; x_wconf 88' lang='lat' dir='ltr'>ad</span> <span class='ocrx_word' id='word_1_112' title='bbox 663 955 747 998; x_wconf 94' lang='lat' dir='ltr'>hoc</span> <span class='ocrx_word' id='word_1_113' title='bbox 769 953 973 1013; x_wconf 78' lang='lat' dir='ltr'>quaedam</span> <span class='ocrx_word' id='word_1_114' title='bbox 998 953 1107 996; x_wconf 87' lang='lat' dir='ltr'>mira</span> <span class='ocrx_word' id='word_1_115' title='bbox 1132 951 1276 995; x_wconf 86' lang='lat' dir='ltr'>facere</span> <span class='ocrx_word' id='word_1_116' title='bbox 1298 948 1494 1008; x_wconf 86' lang='lat' dir='ltr'>permissi</span> <span class='ocrx_word' id='word_1_117' title='bbox 1515 954 1618 991; x_wconf 87' lang='lat' dir='ltr'>sunt</span> <span class='ocrx_word' id='word_1_118' title='bbox 1633 980 1646 1001; x_wconf 91' lang='lat'>‚</span> <span class='ocrx_word' id='word_1_119' title='bbox 1693 954 1696 1006; x_wconf 53' lang='grc' dir='ltr'><em>ᾗ</em></span> 
     </span>
     <span class='ocr_line' id='line_1_13' title="bbox 250 1010 1696 1074; baseline -0.003 -10"><span class='ocrx_word' id='word_1_120' title='bbox 250 1029 301 1064; x_wconf 74' lang='lat' dir='ltr'>Ut</span> <span class='ocrx_word' id='word_1_121' title='bbox 342 1021 586 1064; x_wconf 75' lang='lat' dir='ltr'>mirabilius</span> <span class='ocrx_word' id='word_1_122' title='bbox 628 1023 921 1060; x_wconf 69' lang='lat' dir='ltr'>vincerentur.</span> <span class='ocrx_word' id='word_1_123' title='bbox 966 1021 1085 1073; x_wconf 76' lang='lat' dir='ltr'>Magi</span> <span class='ocrx_word' id='word_1_124' title='bbox 1114 1019 1352 1059; x_wconf 80' lang='lat' dir='ltr'>Pharaonis</span> <span class='ocrx_word' id='word_1_125' title='bbox 1388 1017 1497 1074; x_wconf 74' lang='lat' dir='ltr'>quid</span> <span class='ocrx_word' id='word_1_126' title='bbox 1530 1014 1652 1059; x_wconf 66' lang='lat' dir='ltr'>aliud.</span> <span class='ocrx_word' id='word_1_127' title='bbox 1694 1010 1696 1015; x_wconf 55' lang='lat'>,</span> 
     </span>
    </p>
   </div>
   <div class='ocr_carea' id='block_1_4' title="bbox 193 1084 1708 2562">
    <p class='ocr_par' dir='ltr' id='par_1_4' title="bbox 193 1078 1714 2061">
     <span class='ocr_line' id='line_1_14' title="bbox 250 1084 1651 1148; baseline -0.003 -15"><span class='ocrx_word' id='word_1_128' title='bbox 250 1088 552 1148; x_wconf 84' lang='lat' dir='ltr'>significabant</span> <span class='ocrx_word' id='word_1_129' title='bbox 568 1121 580 1141; x_wconf 88' lang='lat'>,</span> <span class='ocrx_word' id='word_1_130' title='bbox 605 1086 687 1130; x_wconf 86' lang='lat' dir='ltr'>nisi</span> <span class='ocrx_word' id='word_1_131' title='bbox 707 1101 858 1131; x_wconf 90' lang='lat' dir='ltr'>omnes</span> <span class='ocrx_word' id='word_1_132' title='bbox 874 1084 1102 1129; x_wconf 83' lang='lat' dir='ltr'>haereticos</span> <span class='ocrx_word' id='word_1_133' title='bbox 1120 1085 1341 1129; x_wconf 89' lang='lat' dir='ltr'>ministros</span> <span class='ocrx_word' id='word_1_134' title='bbox 1357 1084 1548 1143; x_wconf 79' lang='lat' dir='ltr'>diaboli3</span> <span class='ocrx_word' id='word_1_135' title='bbox 1572 1084 1651 1144; x_wconf 90' lang='lat' dir='ltr'>qui</span> 
     </span>
     <span class='ocr_line' id='line_1_15' title="bbox 251 1144 1701 1216; baseline -0.006 -11"><span class='ocrx_word' id='word_1_136' title='bbox 251 1160 333 1205; x_wconf 90' lang='lat' dir='ltr'>sub</span> <span class='ocrx_word' id='word_1_137' title='bbox 363 1159 543 1203; x_wconf 86' lang='lat' dir='ltr'>nomine</span> <span class='ocrx_word' id='word_1_138' title='bbox 573 1158 735 1202; x_wconf 84' lang='lat' dir='ltr'>Christi</span> <span class='ocrx_word' id='word_1_139' title='bbox 768 1157 977 1202; x_wconf 89' lang='lat' dir='ltr'>devorare</span> <span class='ocrx_word' id='word_1_140' title='bbox 1004 1156 1191 1215; x_wconf 90' lang='lat' dir='ltr'>cupiunt</span> <span class='ocrx_word' id='word_1_141' title='bbox 1216 1155 1433 1216; x_wconf 88' lang='lat' dir='ltr'>populum</span> <span class='ocrx_word' id='word_1_142' title='bbox 1455 1155 1651 1201; x_wconf 80' lang='lat' dir='ltr'>Christi?</span> <span class='ocrx_word' id='word_1_143' title='bbox 1694 1144 1701 1206; x_wconf 11' lang='grc' dir='ltr'>’Ἰ</span> 
     </span>
     <span class='ocr_line' id='line_1_16' title="bbox 255 1227 1704 1286; baseline -0.004 -13"><span class='ocrx_word' id='word_1_144' title='bbox 255 1232 431 1275; x_wconf 88' lang='lat' dir='ltr'>Scatent</span> <span class='ocrx_word' id='word_1_145' title='bbox 449 1243 570 1272; x_wconf 89' lang='lat' dir='ltr'>nunc</span> <span class='ocrx_word' id='word_1_146' title='bbox 588 1228 772 1271; x_wconf 84' lang='lat' dir='ltr'>haereses</span> <span class='ocrx_word' id='word_1_147' title='bbox 793 1228 839 1270; x_wconf 93' lang='lat' dir='ltr'>in</span> <span class='ocrx_word' id='word_1_148' title='bbox 855 1227 969 1271; x_wconf 90' lang='lat' dir='ltr'>hanc</span> <span class='ocrx_word' id='word_1_149' title='bbox 988 1235 1150 1271; x_wconf 88' lang='lat' dir='ltr'>terram</span> <span class='ocrx_word' id='word_1_150' title='bbox 1165 1261 1175 1281; x_wconf 79' lang='lat'>,</span> <span class='ocrx_word' id='word_1_151' title='bbox 1199 1235 1411 1286; x_wconf 83' lang='lat' dir='ltr'>tanquam</span> <span class='ocrx_word' id='word_1_152' title='bbox 1429 1234 1651 1285; x_wconf 87' lang='lat' dir='ltr'>serpentes</span> <span class='ocrx_word' id='word_1_153' title='bbox 1694 1245 1704 1286; x_wconf 63' lang='grc' dir='ltr'>εΙ</span> 
     </span>
     <span class='ocr_line' id='line_1_17' title="bbox 251 1295 1652 1359; baseline -0.002 -16"><span class='ocrx_word' id='word_1_154' title='bbox 251 1301 483 1358; x_wconf 85' lang='lat' dir='ltr'>Magorum</span> <span class='ocrx_word' id='word_1_155' title='bbox 499 1333 510 1353; x_wconf 92' lang='lat'>,</span> <span class='ocrx_word' id='word_1_156' title='bbox 536 1313 648 1359; x_wconf 88' lang='lat' dir='ltr'>quos</span> <span class='ocrx_word' id='word_1_157' title='bbox 669 1297 894 1342; x_wconf 87' lang='lat' dir='ltr'>devoravit</span> <span class='ocrx_word' id='word_1_158' title='bbox 915 1306 958 1340; x_wconf 90' lang='lat' dir='ltr'>et</span> <span class='ocrx_word' id='word_1_159' title='bbox 979 1296 1160 1341; x_wconf 81' lang='lat' dir='ltr'>devorat</span> <span class='ocrx_word' id='word_1_160' title='bbox 1182 1296 1256 1340; x_wconf 91' lang='lat' dir='ltr'>ille</span> <span class='ocrx_word' id='word_1_161' title='bbox 1285 1312 1462 1356; x_wconf 86' lang='lat' dir='ltr'>serpens</span> <span class='ocrx_word' id='word_1_162' title='bbox 1486 1295 1652 1341; x_wconf 67' lang='lat' dir='ltr'>exalta-</span> 
     </span>
     <span class='ocr_line' id='line_1_18' title="bbox 193 1363 1708 1430; baseline -0.001 -16"><span class='ocrx_word' id='word_1_163' title='bbox 193 1427 199 1430; x_wconf 86' lang='lat'>.</span> <span class='ocrx_word' id='word_1_164' title='bbox 254 1379 325 1414; x_wconf 88' lang='lat' dir='ltr'>tus</span> <span class='ocrx_word' id='word_1_165' title='bbox 338 1370 385 1412; x_wconf 91' lang='lat' dir='ltr'>in</span> <span class='ocrx_word' id='word_1_166' title='bbox 403 1369 537 1427; x_wconf 86' lang='lat' dir='ltr'>ligno.</span> <span class='ocrx_word' id='word_1_167' title='bbox 561 1367 647 1413; x_wconf 87' lang='lat' dir='ltr'>Sed</span> <span class='ocrx_word' id='word_1_168' title='bbox 663 1368 871 1427; x_wconf 86' lang='lat' dir='ltr'>quoniam</span> <span class='ocrx_word' id='word_1_169' title='bbox 887 1383 977 1412; x_wconf 92' lang='lat' dir='ltr'>non</span> <span class='ocrx_word' id='word_1_170' title='bbox 994 1376 1058 1412; x_wconf 88' lang='lat' dir='ltr'>est</span> <span class='ocrx_word' id='word_1_171' title='bbox 1075 1368 1283 1427; x_wconf 86' lang='lat' dir='ltr'>temporis</span> <span class='ocrx_word' id='word_1_172' title='bbox 1299 1369 1362 1412; x_wconf 92' lang='lat' dir='ltr'>ire</span> <span class='ocrx_word' id='word_1_173' title='bbox 1378 1383 1456 1427; x_wconf 89' lang='lat' dir='ltr'>per</span> <span class='ocrx_word' id='word_1_174' title='bbox 1470 1367 1649 1423; x_wconf 88' lang='lat' dir='ltr'>multos,</span> <span class='ocrx_word' id='word_1_175' title='bbox 1700 1363 1708 1412; x_wconf 66' lang='lat'>13</span> 
     </span>
     <span class='ocr_line' id='line_1_19' title="bbox 255 1437 1654 1499; baseline -0.002 -15"><span class='ocrx_word' id='word_1_176' title='bbox 255 1439 526 1498; x_wconf 82' lang='lat' dir='ltr'>singulorum</span> <span class='ocrx_word' id='word_1_177' title='bbox 549 1439 691 1497; x_wconf 90' lang='lat' dir='ltr'>capita</span> <span class='ocrx_word' id='word_1_178' title='bbox 713 1446 996 1482; x_wconf 87' lang='lat' dir='ltr'>conterantur</span> <span class='ocrx_word' id='word_1_179' title='bbox 1023 1457 1031 1483; x_wconf 92' lang='lat'>:</span> <span class='ocrx_word' id='word_1_180' title='bbox 1056 1438 1281 1499; x_wconf 89' lang='lat' dir='ltr'>quomodo</span> <span class='ocrx_word' id='word_1_181' title='bbox 1309 1446 1528 1497; x_wconf 84' lang='lat' dir='ltr'>exurgunt</span> <span class='ocrx_word' id='word_1_182' title='bbox 1547 1472 1560 1493; x_wconf 93' lang='lat'>,</span> <span class='ocrx_word' id='word_1_183' title='bbox 1595 1437 1654 1481; x_wconf 89' lang='lat' dir='ltr'>sic</span> 
     </span>
     <span class='ocr_line' id='line_1_20' title="bbox 257 1509 1654 1569; baseline -0.001 -15"><span class='ocrx_word' id='word_1_184' title='bbox 257 1510 538 1555; x_wconf 87' lang='lat' dir='ltr'>devorentur.</span> <span class='ocrx_word' id='word_1_185' title='bbox 566 1509 670 1553; x_wconf 86' lang='lat' dir='ltr'>Fuit</span> <span class='ocrx_word' id='word_1_186' title='bbox 690 1509 761 1554; x_wconf 89' lang='lat' dir='ltr'>hic</span> <span class='ocrx_word' id='word_1_187' title='bbox 775 1544 786 1564; x_wconf 90' lang='lat'>,</span> <span class='ocrx_word' id='word_1_188' title='bbox 809 1518 859 1553; x_wconf 91' lang='lat' dir='ltr'>ut</span> <span class='ocrx_word' id='word_1_189' title='bbox 876 1510 1034 1565; x_wconf 83' lang='lat' dir='ltr'>nostis,</span> <span class='ocrx_word' id='word_1_190' title='bbox 1055 1509 1337 1565; x_wconf 84' lang='lat' dir='ltr'>dilectissimi,</span> <span class='ocrx_word' id='word_1_191' title='bbox 1357 1509 1530 1569; x_wconf 87' lang='lat' dir='ltr'>viperea</span> <span class='ocrx_word' id='word_1_192' title='bbox 1547 1509 1654 1553; x_wconf 89' lang='lat' dir='ltr'>doc-</span> 
     </span>
     <span class='ocr_line' id='line_1_21' title="bbox 255 1580 1654 1640; baseline -0.001 -15"><span class='ocrx_word' id='word_1_193' title='bbox 255 1582 369 1626; x_wconf 86' lang='lat' dir='ltr'>trina</span> <span class='ocrx_word' id='word_1_194' title='bbox 393 1582 717 1625; x_wconf 84' lang='lat' dir='ltr'>Donatistarum</span> <span class='ocrx_word' id='word_1_195' title='bbox 755 1599 764 1624; x_wconf 71' lang='grc' dir='ltr'>ε</span> <span class='ocrx_word' id='word_1_196' title='bbox 807 1580 994 1625; x_wconf 84' lang='lat' dir='ltr'>contrita</span> <span class='ocrx_word' id='word_1_197' title='bbox 1027 1590 1113 1636; x_wconf 87' lang='lat' dir='ltr'>est,</span> <span class='ocrx_word' id='word_1_198' title='bbox 1140 1589 1403 1640; x_wconf 85' lang='lat' dir='ltr'>consumpta</span> <span class='ocrx_word' id='word_1_199' title='bbox 1435 1589 1513 1625; x_wconf 91' lang='lat' dir='ltr'>est.</span> <span class='ocrx_word' id='word_1_200' title='bbox 1551 1582 1654 1625; x_wconf 79' lang='lat' dir='ltr'>Mox</span> 
     </span>
     <span class='ocr_line' id='line_1_22' title="bbox 257 1650 1649 1709; baseline -0.001 -14"><span class='ocrx_word' id='word_1_201' title='bbox 257 1651 675 1696; x_wconf 78' lang='lat' dir='ltr'>Maximianistarum</span> <span class='ocrx_word' id='word_1_202' title='bbox 693 1651 942 1709; x_wconf 88' lang='lat' dir='ltr'>serpentina</span> <span class='ocrx_word' id='word_1_203' title='bbox 954 1650 1073 1694; x_wconf 85' lang='lat' dir='ltr'>fraus</span> <span class='ocrx_word' id='word_1_204' title='bbox 1088 1650 1324 1708; x_wconf 74' lang='lat' dir='ltr'>pullulavit</span> <span class='ocrx_word' id='word_1_205' title='bbox 1339 1669 1348 1696; x_wconf 75' lang='grc' dir='ltr'><strong><em>ι</em></strong></span> <span class='ocrx_word' id='word_1_206' title='bbox 1366 1650 1554 1695; x_wconf 86' lang='lat' dir='ltr'>contrita</span> <span class='ocrx_word' id='word_1_207' title='bbox 1569 1657 1649 1704; x_wconf 87' lang='lat' dir='ltr'>est,</span> 
     </span>
     <span class='ocr_line' id='line_1_23' title="bbox 257 1721 1653 1781; baseline -0.003 -14"><span class='ocrx_word' id='word_1_208' title='bbox 257 1731 516 1781; x_wconf 87' lang='lat' dir='ltr'>consumpta</span> <span class='ocrx_word' id='word_1_209' title='bbox 536 1731 615 1766; x_wconf 89' lang='lat' dir='ltr'>est.</span> <span class='ocrx_word' id='word_1_210' title='bbox 638 1721 984 1766; x_wconf 86' lang='lat' dir='ltr'>Manichaeorum</span> <span class='ocrx_word' id='word_1_211' title='bbox 1002 1735 1225 1765; x_wconf 85' lang='lat' dir='ltr'>venenum</span> <span class='ocrx_word' id='word_1_212' title='bbox 1247 1721 1405 1780; x_wconf 90' lang='lat' dir='ltr'>aspidis</span> <span class='ocrx_word' id='word_1_213' title='bbox 1422 1721 1653 1779; x_wconf 88' lang='lat' dir='ltr'>subrepse-</span> 
     </span>
     <span class='ocr_line' id='line_1_24' title="bbox 258 1790 1654 1850; baseline -0.002 -13"><span class='ocrx_word' id='word_1_214' title='bbox 258 1803 326 1838; x_wconf 90' lang='lat' dir='ltr'>rat</span> <span class='ocrx_word' id='word_1_215' title='bbox 347 1812 357 1838; x_wconf 86' lang='lat'><strong>:</strong></span> <span class='ocrx_word' id='word_1_216' title='bbox 378 1792 618 1838; x_wconf 87' lang='lat' dir='ltr'>contritum</span> <span class='ocrx_word' id='word_1_217' title='bbox 641 1800 725 1847; x_wconf 89' lang='lat' dir='ltr'>est,</span> <span class='ocrx_word' id='word_1_218' title='bbox 752 1800 1063 1850; x_wconf 87' lang='lat' dir='ltr'>consumptum</span> <span class='ocrx_word' id='word_1_219' title='bbox 1090 1799 1168 1835; x_wconf 89' lang='lat' dir='ltr'>est.</span> <span class='ocrx_word' id='word_1_220' title='bbox 1201 1790 1537 1848; x_wconf 83' lang='lat' dir='ltr'>Pelagianorum</span> <span class='ocrx_word' id='word_1_221' title='bbox 1568 1805 1654 1834; x_wconf 89' lang='lat' dir='ltr'>no-</span> 
     </span>
     <span class='ocr_line' id='line_1_25' title="bbox 257 1862 1653 1924; baseline -0.004 -14"><span class='ocrx_word' id='word_1_222' title='bbox 257 1881 362 1910; x_wconf 84' lang='lat' dir='ltr'>vum</span> <span class='ocrx_word' id='word_1_223' title='bbox 385 1865 546 1924; x_wconf 83' lang='lat' dir='ltr'>dogma</span> <span class='ocrx_word' id='word_1_224' title='bbox 567 1880 591 1908; x_wconf 90' lang='lat' dir='ltr'>a</span> <span class='ocrx_word' id='word_1_225' title='bbox 608 1863 816 1907; x_wconf 89' lang='lat' dir='ltr'>ministris</span> <span class='ocrx_word' id='word_1_226' title='bbox 835 1862 1001 1907; x_wconf 87' lang='lat' dir='ltr'>diaboli</span> <span class='ocrx_word' id='word_1_227' title='bbox 1024 1870 1237 1922; x_wconf 85' lang='lat' dir='ltr'>tanquam</span> <span class='ocrx_word' id='word_1_228' title='bbox 1260 1878 1283 1906; x_wconf 89' lang='lat' dir='ltr'>a</span> <span class='ocrx_word' id='word_1_229' title='bbox 1299 1862 1437 1920; x_wconf 89' lang='lat' dir='ltr'>Magis</span> <span class='ocrx_word' id='word_1_230' title='bbox 1458 1862 1653 1906; x_wconf 85' lang='lat' dir='ltr'>Pharao-</span> 
     </span>
     <span class='ocr_line' id='line_1_26' title="bbox 258 1932 1654 1993; baseline -0.003 -13"><span class='ocrx_word' id='word_1_231' title='bbox 258 1936 324 1980; x_wconf 88' lang='lat' dir='ltr'>nis</span> <span class='ocrx_word' id='word_1_232' title='bbox 343 1936 579 1980; x_wconf 81' lang='lat' dir='ltr'>excitatum</span> <span class='ocrx_word' id='word_1_233' title='bbox 599 1934 663 1978; x_wconf 90' lang='lat' dir='ltr'>illi</span> <span class='ocrx_word' id='word_1_234' title='bbox 679 1943 829 1979; x_wconf 88' lang='lat' dir='ltr'>nostro</span> <span class='ocrx_word' id='word_1_235' title='bbox 843 1933 1033 1993; x_wconf 88' lang='lat' dir='ltr'>serpenti</span> <span class='ocrx_word' id='word_1_236' title='bbox 1050 1942 1272 1978; x_wconf 89' lang='lat' dir='ltr'>certamen</span> <span class='ocrx_word' id='word_1_237' title='bbox 1293 1932 1450 1977; x_wconf 85' lang='lat' dir='ltr'>indixit</span> <span class='ocrx_word' id='word_1_238' title='bbox 1472 1950 1482 1977; x_wconf 71' lang='grc' dir='ltr'><strong>ι</strong></span> <span class='ocrx_word' id='word_1_239' title='bbox 1501 1940 1654 1976; x_wconf 88' lang='lat' dir='ltr'>conte-</span> 
     </span>
     <span class='ocr_line' id='line_1_27' title="bbox 259 2006 712 2061; baseline -0.004 -11"><span class='ocrx_word' id='word_1_240' title='bbox 259 2007 370 2050; x_wconf 90' lang='lat' dir='ltr'>ritur</span> <span class='ocrx_word' id='word_1_241' title='bbox 388 2041 399 2061; x_wconf 86' lang='lat'>,</span> <span class='ocrx_word' id='word_1_242' title='bbox 424 2006 712 2051; x_wconf 89' lang='lat' dir='ltr'>consumitur.</span> 
     </span>
    </p>

    <p class='ocr_par' dir='ltr' id='par_1_5' title="bbox 261 2071 1703 2562">
     <span class='ocr_line' id='line_1_28' title="bbox 319 2071 1701 2134; baseline -0.004 -14"><span class='ocrx_word' id='word_1_243' title='bbox 319 2078 419 2120; x_wconf 90' lang='lat' dir='ltr'>VII.</span> <span class='ocrx_word' id='word_1_244' title='bbox 454 2079 567 2121; x_wconf 91' lang='lat' dir='ltr'>Cum</span> <span class='ocrx_word' id='word_1_245' title='bbox 588 2084 655 2120; x_wconf 88' lang='lat' dir='ltr'>tot</span> <span class='ocrx_word' id='word_1_246' title='bbox 675 2082 926 2134; x_wconf 90' lang='lat' dir='ltr'>serpentum</span> <span class='ocrx_word' id='word_1_247' title='bbox 944 2073 1085 2133; x_wconf 88' lang='lat' dir='ltr'>capita</span> <span class='ocrx_word' id='word_1_248' title='bbox 1106 2072 1322 2117; x_wconf 89' lang='lat' dir='ltr'>catholica</span> <span class='ocrx_word' id='word_1_249' title='bbox 1339 2071 1539 2116; x_wconf 86' lang='lat' dir='ltr'>doctrina</span> <span class='ocrx_word' id='word_1_250' title='bbox 1555 2080 1654 2116; x_wconf 80' lang='lat' dir='ltr'>con·-</span> <span class='ocrx_word' id='word_1_251' title='bbox 1698 2071 1701 2077; x_wconf 89' lang='lat'>&#39;</span> 
     </span>
     <span class='ocr_line' id='line_1_29' title="bbox 261 2142 1655 2206; baseline -0.006 -14"><span class='ocrx_word' id='word_1_252' title='bbox 261 2147 449 2203; x_wconf 79' lang='lat' dir='ltr'>triverit,</span> <span class='ocrx_word' id='word_1_253' title='bbox 476 2145 766 2206; x_wconf 83' lang='lat' dir='ltr'>dissipaverit,</span> <span class='ocrx_word' id='word_1_254' title='bbox 791 2143 1130 2203; x_wconf 86' lang='lat' dir='ltr'>consumpserit,</span> <span class='ocrx_word' id='word_1_255' title='bbox 1158 2158 1259 2187; x_wconf 90' lang='lat' dir='ltr'>ecce</span> <span class='ocrx_word' id='word_1_256' title='bbox 1280 2142 1406 2186; x_wconf 91' lang='lat' dir='ltr'>nobis</span> <span class='ocrx_word' id='word_1_257' title='bbox 1430 2155 1546 2185; x_wconf 91' lang='lat' dir='ltr'>unus</span> <span class='ocrx_word' id='word_1_258' title='bbox 1573 2155 1655 2184; x_wconf 87' lang='lat' dir='ltr'>an-</span> 
     </span>
     <span class='ocr_line' id='line_1_30' title="bbox 264 2209 1655 2277; baseline -0.006 -14"><span class='ocrx_word' id='word_1_259' title='bbox 264 2218 358 2277; x_wconf 90' lang='lat' dir='ltr'>guis</span> <span class='ocrx_word' id='word_1_260' title='bbox 379 2219 564 2263; x_wconf 84' lang='lat' dir='ltr'>Arianus</span> <span class='ocrx_word' id='word_1_261' title='bbox 581 2216 685 2261; x_wconf 91' lang='lat' dir='ltr'>olim</span> <span class='ocrx_word' id='word_1_262' title='bbox 707 2225 906 2260; x_wconf 88' lang='lat' dir='ltr'>mortuus</span> <span class='ocrx_word' id='word_1_263' title='bbox 929 2214 1112 2259; x_wconf 87' lang='lat' dir='ltr'>insultat</span> <span class='ocrx_word' id='word_1_264' title='bbox 1132 2231 1142 2258; x_wconf 89' lang='lat'><em>:</em></span> <span class='ocrx_word' id='word_1_265' title='bbox 1168 2221 1299 2273; x_wconf 88' lang='lat' dir='ltr'>caput</span> <span class='ocrx_word' id='word_1_266' title='bbox 1327 2211 1480 2271; x_wconf 83' lang='lat' dir='ltr'>erigit,</span> <span class='ocrx_word' id='word_1_267' title='bbox 1514 2209 1655 2255; x_wconf 72' lang='lat' dir='ltr'>veluti</span> 
     </span>
     <span class='ocr_line' id='line_1_31' title="bbox 263 2283 1655 2346; baseline -0.006 -13"><span class='ocrx_word' id='word_1_268' title='bbox 263 2291 412 2334; x_wconf 71' lang='lat' dir='ltr'>vivum</span> <span class='ocrx_word' id='word_1_269' title='bbox 442 2305 486 2335; x_wconf 93' lang='lat' dir='ltr'>se</span> <span class='ocrx_word' id='word_1_270' title='bbox 513 2289 809 2334; x_wconf 88' lang='lat' dir='ltr'>demonstrare</span> <span class='ocrx_word' id='word_1_271' title='bbox 838 2295 1045 2342; x_wconf 84' lang='lat' dir='ltr'>conatur,</span> <span class='ocrx_word' id='word_1_272' title='bbox 1078 2301 1210 2346; x_wconf 83' lang='lat' dir='ltr'>quem</span> <span class='ocrx_word' id='word_1_273' title='bbox 1237 2286 1327 2345; x_wconf 88' lang='lat' dir='ltr'>jam</span> <span class='ocrx_word' id='word_1_274' title='bbox 1358 2283 1464 2328; x_wconf 88' lang='lat' dir='ltr'>olim</span> <span class='ocrx_word' id='word_1_275' title='bbox 1487 2289 1655 2327; x_wconf 86' lang='lat' dir='ltr'>constat</span> 
     </span>
     <span class='ocr_line' id='line_1_32' title="bbox 266 2315 1703 2418; baseline -0.008 -13"><span class='ocrx_word' id='word_1_276' title='bbox 266 2362 471 2406; x_wconf 87' lang='lat' dir='ltr'>occisum.</span> <span class='ocrx_word' id='word_1_277' title='bbox 493 2360 630 2416; x_wconf 82' lang='lat' dir='ltr'>Redi,</span> <span class='ocrx_word' id='word_1_278' title='bbox 648 2363 820 2418; x_wconf 89' lang='lat' dir='ltr'>Moyses</span> <span class='ocrx_word' id='word_1_279' title='bbox 842 2367 1014 2416; x_wconf 68' lang='lat' dir='ltr'>noster,</span> <span class='ocrx_word' id='word_1_280' title='bbox 1039 2356 1148 2413; x_wconf 85' lang='lat' dir='ltr'>redi,</span> <span class='ocrx_word' id='word_1_281' title='bbox 1170 2356 1315 2414; x_wconf 64' lang='lat' dir='ltr'>virga,</span> <span class='ocrx_word' id='word_1_282' title='bbox 1343 2353 1453 2409; x_wconf 88' lang='lat' dir='ltr'>redi,</span> <span class='ocrx_word' id='word_1_283' title='bbox 1479 2365 1655 2411; x_wconf 87' lang='lat' dir='ltr'>serpens</span> <span class='ocrx_word' id='word_1_284' title='bbox 1698 2315 1703 2390; x_wconf 66' lang='lat' dir='ltr'>i</span> 
     </span>
     <span class='ocr_line' id='line_1_33' title="bbox 267 2422 1703 2492; baseline -0.008 -15"><span class='ocrx_word' id='word_1_285' title='bbox 267 2432 436 2477; x_wconf 88' lang='lat' dir='ltr'>Christe</span> <span class='ocrx_word' id='word_1_286' title='bbox 457 2441 628 2488; x_wconf 85' lang='lat' dir='ltr'>sancte,</span> <span class='ocrx_word' id='word_1_287' title='bbox 653 2430 867 2492; x_wconf 85' lang='lat' dir='ltr'>aequalem</span> <span class='ocrx_word' id='word_1_288' title='bbox 890 2438 1147 2489; x_wconf 86' lang='lat' dir='ltr'>potestatem</span> <span class='ocrx_word' id='word_1_289' title='bbox 1174 2442 1276 2471; x_wconf 89' lang='lat' dir='ltr'>cum</span> <span class='ocrx_word' id='word_1_290' title='bbox 1299 2429 1426 2470; x_wconf 87' lang='lat' dir='ltr'>Patre</span> <span class='ocrx_word' id='word_1_291' title='bbox 1454 2422 1648 2467; x_wconf 84' lang='lat' dir='ltr'>habens:</span> <span class='ocrx_word' id='word_1_292' title='bbox 1699 2428 1703 2456; x_wconf 72' lang='lat'>²</span> 
     </span>
     <span class='ocr_line' id='line_1_34' title="bbox 269 2491 1654 2562; baseline -0.008 -15"><span class='ocrx_word' id='word_1_293' title='bbox 269 2502 385 2560; x_wconf 88' lang='lat' dir='ltr'>redi,</span> <span class='ocrx_word' id='word_1_294' title='bbox 416 2512 592 2549; x_wconf 89' lang='lat' dir='ltr'>contere</span> <span class='ocrx_word' id='word_1_295' title='bbox 618 2503 759 2562; x_wconf 85' lang='lat' dir='ltr'>capita</span> <span class='ocrx_word' id='word_1_296' title='bbox 792 2500 1032 2547; x_wconf 90' lang='lat' dir='ltr'>draconum</span> <span class='ocrx_word' id='word_1_297' title='bbox 1054 2513 1183 2558; x_wconf 86' lang='lat' dir='ltr'>super</span> <span class='ocrx_word' id='word_1_298' title='bbox 1217 2512 1349 2557; x_wconf 89' lang='lat' dir='ltr'>aquas</span> <span class='ocrx_word' id='word_1_299' title='bbox 1386 2515 1395 2541; x_wconf 72' lang='grc' dir='ltr'><strong>ι</strong></span> <span class='ocrx_word' id='word_1_300' title='bbox 1428 2491 1654 2550; x_wconf 84' lang='lat' dir='ltr'>confringe</span> 
     </span>
    </p>
   </div>
   <div class='ocr_carea' id='block_1_5' title="bbox 1684 299 1716 614">
    <p class='ocr_par' dir='ltr' id='par_1_6' title="bbox 1684 299 1716 614">
     <span class='ocr_line' id='line_1_35' title="bbox 1684 299 1716 614; baseline 0 2529"><span class='ocrx_word' id='word_1_301' title='bbox 1684 299 1716 614; x_wconf 95' lang='lat' dir='ltr'> </span> 
     </span>
    </p>
   </div>
   <div class='ocr_carea' id='block_1_6' title="bbox 1693 1018 1727 2377">
    <p class='ocr_par' dir='ltr' id='par_1_7' title="bbox 1693 1018 1727 2377">
     <span class='ocr_line' id='line_1_36' title="bbox 1693 1018 1720 1246; baseline 0 -142"><span class='ocrx_word' id='word_1_302' title='bbox 1693 1018 1720 1246; x_wconf 95' lang='lat' dir='ltr'>   </span> 
     </span>
     <span class='ocr_line' id='line_1_37' title="bbox 1693 1246 1720 1315; baseline 0 1828"><span class='ocrx_word' id='word_1_303' title='bbox 1693 1246 1720 1315; x_wconf 95' lang='lat' dir='ltr'> </span> 
     </span>
     <span class='ocr_line' id='line_1_38' title="bbox 1693 1315 1720 1391; baseline 0 1752"><span class='ocrx_word' id='word_1_304' title='bbox 1693 1315 1720 1391; x_wconf 95' lang='lat' dir='ltr'> </span> 
     </span>
     <span class='ocr_line' id='line_1_39' title="bbox 1693 1391 1720 1457; baseline 0 1686"><span class='ocrx_word' id='word_1_305' title='bbox 1693 1391 1720 1457; x_wconf 95' lang='lat' dir='ltr'> </span> 
     </span>
     <span class='ocr_line' id='line_1_40' title="bbox 1693 1457 1720 1530; baseline 0 1613"><span class='ocrx_word' id='word_1_306' title='bbox 1693 1457 1720 1530; x_wconf 95' lang='lat' dir='ltr'> </span> 
     </span>
     <span class='ocr_line' id='line_1_41' title="bbox 1693 1530 1720 1599; baseline 0 1544"><span class='ocrx_word' id='word_1_307' title='bbox 1693 1530 1720 1599; x_wconf 95' lang='lat' dir='ltr'> </span> 
     </span>
     <span class='ocr_line' id='line_1_42' title="bbox 1693 1599 1720 1670; baseline 0 1473"><span class='ocrx_word' id='word_1_308' title='bbox 1693 1599 1720 1670; x_wconf 95' lang='lat' dir='ltr'> </span> 
     </span>
     <span class='ocr_line' id='line_1_43' title="bbox 1693 1670 1720 1738; baseline 0 1405"><span class='ocrx_word' id='word_1_309' title='bbox 1693 1670 1720 1738; x_wconf 95' lang='lat' dir='ltr'> </span> 
     </span>
     <span class='ocr_line' id='line_1_44' title="bbox 1693 1738 1720 1811; baseline 0 1332"><span class='ocrx_word' id='word_1_310' title='bbox 1693 1738 1720 1811; x_wconf 95' lang='lat' dir='ltr'> </span> 
     </span>
     <span class='ocr_line' id='line_1_45' title="bbox 1693 1811 1720 1880; baseline 0 1263"><span class='ocrx_word' id='word_1_311' title='bbox 1693 1811 1720 1880; x_wconf 95' lang='lat' dir='ltr'> </span> 
     </span>
     <span class='ocr_line' id='line_1_46' title="bbox 1693 1880 1720 2040; baseline 0 -17"><span class='ocrx_word' id='word_1_312' title='bbox 1693 1880 1720 2040; x_wconf 95' lang='lat' dir='ltr'>   </span> 
     </span>
     <span class='ocr_line' id='line_1_47' title="bbox 1693 2040 1727 2165; baseline 0 0"><span class='ocrx_word' id='word_1_313' title='bbox 1693 2040 1726 2165; x_wconf 95' lang='lat' dir='ltr'>  </span> <span class='ocrx_word' id='word_1_314' title='bbox 1706 2103 1727 2165; x_wconf 95' lang='lat' dir='ltr'> </span> 
     </span>
     <span class='ocr_line' id='line_1_48' title="bbox 1693 2165 1727 2311; baseline 0 -73"><span class='ocrx_word' id='word_1_315' title='bbox 1693 2165 1699 2311; x_wconf 95' lang='lat' dir='ltr'>   </span> <span class='ocrx_word' id='word_1_316' title='bbox 1706 2165 1727 2311; x_wconf 95' lang='lat' dir='ltr'>   </span> 
     </span>
     <span class='ocr_line' id='line_1_49' title="bbox 1693 2311 1698 2377; baseline 0 766"><span class='ocrx_word' id='word_1_317' title='bbox 1693 2311 1698 2377; x_wconf 95' lang='lat' dir='ltr'> </span> 
     </span>
    </p>
   </div>
   <div class='ocr_carea' id='block_1_7' title="bbox 1706 2311 1727 2527">
    <p class='ocr_par' dir='ltr' id='par_1_8' title="bbox 1706 2311 1727 2527">
     <span class='ocr_line' id='line_1_50' title="bbox 1706 2311 1727 2427; baseline 0 0"><span class='ocrx_word' id='word_1_318' title='bbox 1706 2311 1727 2427; x_wconf 95' lang='lat' dir='ltr'>  </span> 
     </span>
     <span class='ocr_line' id='line_1_51' title="bbox 1707 2427 1727 2527; baseline 0 -77"><span class='ocrx_word' id='word_1_319' title='bbox 1707 2427 1727 2527; x_wconf 95' lang='lat' dir='ltr'>  </span> 
     </span>
    </p>
   </div>
   <div class='ocr_carea' id='block_1_8' title="bbox 1699 2485 1706 3009">
    <p class='ocr_par' dir='ltr' id='par_1_9' title="bbox 1699 2485 1706 3009">
     <span class='ocr_line' id='line_1_52' title="bbox 1699 2485 1704 2583; baseline 0 0"><span class='ocrx_word' id='word_1_320' title='bbox 1699 2485 1704 2583; x_wconf 78' lang='grc' dir='ltr'>ἱ</span> 
     </span>
     <span class='ocr_line' id='line_1_53' title="bbox 1700 2719 1704 2864; baseline 0 0"><span class='ocrx_word' id='word_1_321' title='bbox 1700 2719 1704 2864; x_wconf 78' lang='grc' dir='ltr'><strong>ἱ</strong></span> 
     </span>
     <span class='ocr_line' id='line_1_54' title="bbox 1701 2890 1704 2932; baseline 0 -9"><span class='ocrx_word' id='word_1_322' title='bbox 1701 2890 1704 2932; x_wconf 64' lang='lat'>3</span> 
     </span>
     <span class='ocr_line' id='line_1_55' title="bbox 1702 2984 1706 3009; baseline 0 0"><span class='ocrx_word' id='word_1_323' title='bbox 1702 2984 1706 3009; x_wconf 71' lang='grc' dir='ltr'><strong>ἶ</strong></span> 
     </span>
    </p>
   </div>
   <div class='ocr_carea' id='block_1_9' title="bbox 1706 2527 1729 3143">
    <p class='ocr_par' dir='ltr' id='par_1_10' title="bbox 1706 2527 1729 3143">
     <span class='ocr_line' id='line_1_56' title="bbox 1706 2527 1729 3143; baseline 0 0"><span class='ocrx_word' id='word_1_324' title='bbox 1706 2527 1729 3143; x_wconf 95' lang='lat' dir='ltr'> </span> 
     </span>
    </p>
   </div>
  </div>
 </body>
</html>
