1729 3143
256 202 342 241 272
688 213 720 238 s.
757 207 987 237 Auensnm
1019 211 1199 239 Emscom

257 295 280 320 »
315 278 527 322 universae
548 284 674 319 terrae
695 275 962 319 vocabitur1.
983 292 1004 315 »
1026 275 1288 320 Scrutamini
1307 279 1561 337 Scripturas,
1592 281 1638 324 in

252 348 415 408 quibus
448 344 609 404 putatis
640 359 715 388 vos
746 344 908 389 habere
929 345 1063 389 vitam
1085 349 1334 390 aeternam2.
1358 349 1415 391 Et
1440 349 1637 406 profecto

252 414 482 468 haberetis,
500 413 535 457 si
547 412 769 458 Christum
783 414 830 457 in
847 415 905 458 eis
927 414 1240 473 intelligeretis,
1259 424 1302 459 et
1319 419 1534 462 teneretis.
1554 418 1638 463 Sed

250 483 580 544 perscrutamini
594 497 688 529 eas:
714 484 819 544 ipsae
836 485 1131 530 testimonium
1148 486 1380 545 perhibent
1397 486 1451 530 de
1470 488 1553 532 hoc
1569 504 1639 533 sa-

250 554 413 599 crificio
444 554 634 610 mundo,
669 555 790 615 quod
823 555 1007 600 offertur
1039 559 1129 600 Deo
1164 557 1325 613 Israe13
1362 572 1453 601 non
1475 557 1529 601 ab
1552 574 1639 603 una

251 632 379 682 gente
402 633 558 680 vestra,
577 623 633 668 dc
652 625 774 684 cujus
801 625 1004 669 manibus
1031 640 1121 670 non
1150 641 1194 669 se
1226 635 1508 685 accepturum
1525 643 1640 686 prae-

249 693 374 750 dixit,
411 695 487 740 sed
517 696 572 739 ab
603 695 807 740 omnibus
839 696 1040 754 gentibus
1066 712 1166 756 quae
1197 695 1378 742 dicunt:
1407 716 1427 739 «
1454 700 1638 754 Venite,

250 781 273 806 »
309 765 590 810 ascendamus
621 766 669 809 in
703 774 893 810 montem
929 766 1147 810 Domini3.
1178 785 1197 807 »
1224 768 1312 810 Nec
1333 767 1379 811 in
1399 783 1490 812 uno
1511 767 1608 812 loco
1626 803 1637 823 ,

247 835 361 880 sicut
382 836 505 881 vobis
527 845 796 896 praeceptum
818 844 909 880 erat
929 836 973 880 in
998 845 1167 880 terrena
1191 837 1457 893 Jerusalem,
1491 838 1567 882 sed
1594 839 1640 882 in
1706 823 1715 891 {¹¹

249 907 372 951 omni
384 907 497 961 loco,
513 922 652 966 usque
668 907 715 949 in
735 907 871 964 ipsam
886 906 1140 950 Jerusalem.
1159 910 1247 951 Nec
1265 907 1506 950 secundum
1520 908 1641 952 ordi-

248 992 350 1021 nem
368 980 531 1032 Aaron,
549 977 624 1021 sed
643 975 886 1020 secundum
900 975 1097 1019 ordinem
1110 975 1445 1019 Melchisedech.
1467 977 1641 1022 Christo
1704 1011 1705 1024 ¹

250 1048 367 1091 enim
387 1047 553 1092 dictum
574 1056 654 1101 est,
675 1055 719 1090 et
739 1046 793 1089 de
815 1046 987 1090 Christo
1009 1054 1131 1089 tanto
1149 1054 1249 1089 ante
1271 1045 1530 1104 praedictum
1548 1056 1612 1091 est
1629 1066 1638 1092 ε
1702 1103 1704 1106 ¹

253 1136 275 1159 «
309 1119 478 1161 Juravit
505 1117 734 1169 Dominus,
760 1126 803 1159 et
824 1131 914 1160 non
935 1116 1167 1175 poenitebit
1188 1132 1288 1160 eum
1309 1136 1318 1161 :
1347 1119 1412 1160 Tu
1435 1132 1478 1161 es
1500 1133 1641 1162 sacer-
1702 1166 1703 1171 ,

251 1204 273 1228 »
307 1186 386 1230 dos
413 1187 462 1229 in
493 1195 724 1239 aeternum,
747 1184 989 1228 secundum
1007 1185 1206 1230 ordinem
1229 1185 1591 1231 Melchisedech4.
1616 1206 1636 1228 η
1700 1183 1703 1235 f

249 1256 368 1309 Quid
398 1264 483 1300 est:
514 1274 534 1297 «
559 1255 729 1299 Juravit
752 1255 985 1308 Dominus,
1009 1273 1029 1296 »
1057 1256 1137 1299 nisi
1170 1256 1425 1300 inconcussa
1458 1257 1639 1301 veritate

248 1326 463 1370 firmavit?
484 1329 541 1370 Et
562 1325 670 1385 quid
692 1334 755 1368 est
772 1344 780 1369 :
801 1343 821 1366 «
834 1328 931 1369 Non
947 1326 1180 1382 poenitebit
1199 1340 1316 1379 eum,
1334 1343 1354 1366 »
1370 1325 1450 1369 nisi
1467 1327 1550 1371 hoc
1568 1342 1637 1371 sa-
1698 1327 1700 1348 ³

249 1396 495 1441 cerdotium
526 1396 648 1439 nulla
684 1395 862 1439 omnino
890 1395 1055 1438 ratione
1088 1395 1301 1438 mutabit?
1337 1398 1487 1455 Neque
1521 1398 1637 1441 enim

249 1467 360 1511 sicut
381 1465 620 1519 hominem,
646 1465 832 1523 poenitet
854 1467 993 1508 Deum
1013 1483 1022 1509 ε
1047 1465 1122 1508 sed
1146 1466 1222 1508 Dei
1244 1464 1402 1509 dicitur
1424 1469 1639 1525 poeniten-

249 1536 323 1591 tia,
350 1535 547 1595 quamvis
569 1535 624 1578 ab
645 1533 721 1577 illo
743 1534 970 1587 institutae,
996 1534 1057 1577 rei
1079 1535 1290 1593 cujusque
1312 1536 1512 1591 mutatio,
1538 1552 1637 1596 quae

247 1606 508 1651 credebatur
522 1620 612 1649 esse
625 1619 841 1648 mansura.
865 1604 1054 1648 Proinde
1071 1620 1170 1648 cum
1195 1605 1325 1649 dicit:
1346 1625 1366 1647 «
1383 1609 1479 1650 Non
1499 1610 1640 1665 poeni-

250 1695 271 1718 »
306 1677 415 1720 tebit
432 1690 560 1720 eum:
588 1677 653 1717 Tu
673 1689 715 1717 es
737 1672 934 1717 sacerdos
955 1673 1001 1716 in
1023 1682 1234 1717 aeternum
1259 1675 1500 1719 secundum
1517 1675 1636 1721 ordi-

251 1764 272 1787 »
307 1761 408 1790 nem
429 1743 766 1797 Melchisedech,
786 1762 805 1783 »
825 1743 924 1787 satis
939 1743 1128 1787 ostendit
1145 1758 1242 1787 eum
1263 1746 1532 1803 poenituisse,
1553 1747 1637 1791 hoc

249 1825 333 1871 est,
359 1831 461 1860 eum
476 1824 644 1859 mutare
666 1813 852 1858 voluisse
874 1813 1185 1867 sacerdotium,
1212 1816 1332 1872 quod
1354 1817 1637 1860 constituerat

247 1886 489 1931 secundum
511 1884 709 1930 ordinem
730 1887 895 1928 Aaron:
921 1884 1032 1927 sicut
1054 1884 1108 1926 de
1130 1893 1319 1943 utroque
1336 1884 1533 1929 videmus
1554 1887 1637 1929 im-

247 1957 429 2016 pletum.
449 1958 558 2001 Nam
581 1964 623 1999 et
645 1957 790 1999 Aaron
812 1952 1101 1998 sacerdotium
1119 1954 1210 2012 jam
1226 1954 1397 1998 nullum
1417 1955 1540 1998 estin
1557 1956 1637 1999 ali-

246 2042 335 2086 quo
352 2025 532 2086 templo,
552 2034 595 2070 et
612 2024 772 2071 Christi
790 2023 1079 2069 sacerdotium
1095 2022 1142 2066 in.
1156 2032 1370 2068 aeternum
1392 2034 1634 2082 perseverat

248 2098 293 2142 in
310 2097 439 2142 coelo.

304 2170 425 2212 XIV.
458 2167 527 2212 Ad
548 2168 661 2212 hanc
686 2182 788 2226 ergo
810 2165 953 2210 lucem
970 2165 1143 2210 Domini
1160 2175 1287 2210 vocat
1304 2181 1378 2211 vos
1396 2168 1628 2226 Propheta,

247 2254 348 2283 cum
369 2235 474 2283 dicit
496 2257 504 2284 :
537 2256 556 2280 «
576 2240 633 2282 Et
654 2253 770 2282 nunc
797 2246 864 2291 tu,
888 2236 1043 2280 domus
1067 2236 1219 2291 Jacob,
1243 2236 1402 2291 venite,
1432 2237 1632 2281 ambule-

251 2328 271 2351 »
295 2326 391 2354 mus
412 2309 458 2353 in
478 2308 575 2353 luce
597 2309 786 2353 Domini.
815 2310 881 2351 Tu
900 2307 1054 2351 domus
1073 2307 1208 2351 Jacob
1224 2341 1234 2360 ,
1255 2325 1274 2348 »
1301 2322 1434 2365 quam
1461 2309 1632 2352 vocavit

249 2389 290 2423 et
313 2380 470 2439 elegit,
496 2395 584 2424 non
607 2382 705 2422 «Tu
722 2414 733 2433 ,
751 2397 770 2420 >a
798 2393 928 2437 quam
948 2378 1122 2421 dimisit.
1164 2377 1370 2420 «Dimisit
1401 2377 1514 2420 enim
1539 2378 1632 2435 ple-

251 2466 271 2490 »
294 2449 393 2493 bem
424 2466 544 2494 suam
573 2449 755 2494 domum
788 2448 963 2492 Israel&
987 2467 1005 2489 »
1046 2446 1319 2505 Quicumque
1349 2446 1449 2490 inde
1484 2447 1631 2491 venire

296 2533 566 2574 ‘lsai.1„1v,5.<-
581 2541 591 2557 ⁷
607 2536 698 2566 Joan.
715 2544 744 2573 v,
765 2533 804 2575 39
823 2531 880 2556 „3
897 2533 971 2564 lsai.
988 2543 1020 2567 ιι,
1038 2530 1210 2564 3-4Psat
1227 2530 1401 2572 c1x‚4.-5
1416 2530 1539 2570 kaim,
1556 2531 1628 2572 5‚6.
