1729 3143
552 218 606 245 nr:
636 217 804 254 annum,
839 216 921 243 Lm.
958 216 987 241 ι.
1377 203 1460 242 419

85 282 247 328 coelum
270 290 314 327 et
335 282 526 327 terram?
547 283 683 343 majus
705 280 871 340 aliquid
892 280 1050 341 quaerit
1069 293 1201 340 quam
1223 287 1287 323 est
1304 278 1464 323 volun—

85 363 149 399 tas
177 354 253 398 Dei
281 372 291 399 z
317 351 427 397 nihil
456 362 600 397 autem
635 353 771 412 majus
804 351 988 395 inveniri
1019 359 1174 410 potest.
1207 351 1464 410 Compescat

83 439 186 483 ergo
207 439 250 468 se
271 424 460 468 humana
484 423 701 467 temeritas
715 456 726 477 ,
752 430 796 465 et
815 420 861 465 id
881 420 1002 481 quod
1024 437 1112 465 non
1141 429 1204 464 est
1225 436 1313 465 non
1339 435 1464 480 quae-

83 504 149 540 rat
165 530 176 550 ‚
202 510 257 539 ne
278 493 324 538 id
354 494 475 554 quod
497 503 560 538 est
581 508 672 537 non
700 492 908 536 inveniat.
944 494 1000 536 Et
1030 492 1065 535 si
1092 491 1363 536 voluntatem
1386 489 1465 535 Dei

82 581 207 611 nosse
225 566 456 625 quisquam
478 564 717 619 desiderat,
753 563 829 606 fiat
856 563 1017 608 amicus
1043 567 1131 608 Deo
1162 582 1171 608 :
1203 563 1305 623 quia
1327 563 1362 606 si
1382 577 1465 607 vo-

81 636 297 682 luntatem
328 635 517 680 hominis
549 649 674 680 nosse
706 633 939 694 quisquam
972 632 1128 688 vellet,
1153 635 1277 694 cujus
1305 633 1468 678 amicus

82 723 172 753 non
194 715 327 762 esset,
351 721 501 751 omnes
522 707 614 766 ejus
635 704 952 765 impudentiam
974 720 1023 749 ac
1044 705 1273 749 stultitiam
1295 703 1469 748 deride-

81 787 195 823 rent.
220 779 319 824 Non
338 786 485 822 autem
506 777 738 838 quisquam
760 776 947 821 efficitur
961 776 1124 820 amicus
1144 776 1217 820 Dei
1233 811 1244 830 ,
1271 776 1350 819 nisi
1368 790 1468 835 pur-

82 850 308 910 gatissimis
330 849 524 894 moribus
538 884 549 904 ,
575 858 619 893 et
638 848 713 893 illo
733 850 819 892 fine
836 849 1042 908 praecepti
1063 847 1118 891 de
1132 864 1220 906 quo
1236 846 1469 906 Apostolus

11 924 13 954 s
80 921 187 966 dicit
207 940 217 967 :
247 921 403 965 «Finis
424 930 569 965 autem
589 920 791 976 praecepti
814 929 876 958 est
898 920 1082 958 charitas
1107 915 1163 957 de
1184 917 1314 958 corde
1332 932 1466 974 puro,

85 1009 104 1032 »
130 998 174 1033 et
202 988 465 1033 conscientia
496 988 632 1042 bona,
671 995 714 1030 et
742 985 830 1030 fide
856 1001 947 1030 non
974 985 1167 1030 ficta1:»
1199 985 1322 1046 quod
1344 984 1414 1030 isti
1434 986 1470 1031 si

81 1059 293 1104 haberent
308 1093 320 1113 ,
345 1073 436 1102 non
455 1066 597 1102 essent
614 1056 826 1100 haeretici.

6 1185 12 1197 Ἢ
139 1133 193 1174 V.
228 1129 360 1183 Quod
391 1138 537 1173 autem
569 1129 765 1189 sequitur
792 1128 837 1171 in
864 1126 979 1171 libro
1009 1127 1225 1171 Geneseos
1249 1145 1259 1172 t
1299 1129 1471 1172 «Terra

8 1221 13 1255 ⁴.
35 1244 40 1248 ,
81 1220 103 1245 >i
128 1210 273 1246 autem
291 1209 383 1244 erat
397 1199 624 1244 invisibilis
642 1209 684 1243 et
698 1199 984 1258 incomposita
998 1233 1009 1253 ,
1029 1216 1048 1239 »
1070 1199 1128 1242 sic
1141 1198 1471 1258 reprehendunt

4 1275 12 1335 ξ
79 1272 337 1327 Manichaei,
367 1280 418 1315 ut
439 1270 586 1315 dicant
612 1288 622 1314 ε
648 1269 877 1323 Quomodo
908 1268 1010 1313 fecit
1040 1273 1152 1313 Deus
1180 1270 1227 1312 in
1255 1270 1470 1329 principio

81 1343 244 1390 coelum
267 1352 310 1387 et
330 1351 490 1386 terram
505 1376 517 1397 ‚
542 1342 575 1385 si
591 1342 680 1402 jam
698 1350 742 1385 et
759 1350 873 1386 terra
892 1350 983 1385 erat
1004 1340 1231 1385 invisibilis
1248 1351 1291 1385 et
1304 1342 1469 1387 incom-

80 1415 243 1475 posita?
263 1416 328 1458 Ita
345 1428 446 1458 cum
466 1411 623 1456 volunt
642 1411 884 1470 Scripturas
907 1411 1074 1456 divinas
1092 1412 1209 1471 prius
1223 1413 1468 1473 vituperare

81 1500 215 1546 quam
236 1499 361 1530 nosse
378 1518 390 1539 ‚
415 1483 543 1528 etiam
567 1497 632 1526 res
648 1482 934 1541 apertissimas
953 1498 1040 1527 non
1063 1483 1330 1543 intelligunt.
1353 1487 1469 1537 Quid

81 1556 199 1613 enim
220 1554 491 1599 manifestius
512 1552 596 1598 dici
617 1553 781 1613 potuit,
806 1569 937 1613 quam
962 1555 1047 1598 hoc
1067 1555 1234 1599 dictum
1257 1566 1320 1601 est
1340 1576 1349 1603 z
1381 1577 1400 1600 «
1418 1561 1470 1603 In

85 1646 104 1668 »
130 1625 345 1686 principio
366 1625 469 1669 fecit
487 1628 600 1668 Deus
617 1623 782 1668 coelum
801 1632 843 1668 et
864 1634 1021 1668 terram
1038 1660 1048 1680 ,
1074 1634 1187 1670 terra
1210 1636 1356 1672 autem
1378 1638 1470 1674 erat

82 1714 104 1739 »
128 1697 354 1742 invisibilis
374 1704 430 1753 et
460 1697 746 1755 incomposita
759 1699 821 1750 ²‚»
855 1695 900 1739 id
927 1705 990 1739 est
1007 1731 1018 1750 ‚
1049 1696 1093 1739 in
1125 1698 1337 1757 principio
1365 1699 1468 1745 fecit

79 1770 194 1812 Deus
215 1767 378 1811 coelum
396 1775 439 1810 et
455 1762 616 1810 terram
632 1801 643 1821 ,
669 1775 782 1809 terra
797 1775 942 1809 autem
962 1766 1050 1825 ipsa
1069 1783 1203 1827 quam
1218 1769 1321 1814 fecit
1338 1774 1465 1827 Deus,

79 1836 303 1882 invisibilis
325 1846 415 1881 erat
442 1846 484 1880 et
510 1831 821 1896 incomposita,
853 1846 1086 1897 antequam
1124 1842 1234 1884 Deus
1272 1842 1470 1886 omnium

79 1924 224 1953 rerum
247 1909 408 1953 formas
436 1907 541 1952 locis
572 1918 615 1952 et
646 1907 820 1952 sedibus
852 1908 938 1952 suis
968 1908 1166 1954 ordinata
1189 1910 1467 1958 distinctione

80 1979 356 2038 disponeret,
396 1987 630 2037 antequam
660 1977 833 2022 dicere:
868 1979 1005 2022 «Fiat
1036 1979 1134 2034 lux,
1167 1990 1238 2035 et,
1270 1982 1368 2026 Fiat
1388 1983 1466 2026 fir-

84 2069 105 2092 »
129 2057 417 2103 mamentum,
444 2057 508 2103 et,
536 2050 867 2106 Congregentur
894 2065 1039 2108 aquae,
1069 2059 1113 2093 et
1141 2037 1359 2111 Appareat
1384 2053 1469 2097 ari-

84 2139 105 2164 »
128 2121 228 2176 da3,
249 2139 268 2162 η
291 2129 334 2165 et
351 2128 506 2164 caetera
524 2135 624 2179 quae
641 2119 689 2162 in
707 2118 862 2163 eodem
883 2119 996 2165 libro
1014 2121 1074 2165 sic
1096 2133 1375 2180 exponuntur
1391 2139 1468 2184 per

81 2191 278 2236 ordinem
292 2226 304 2247 ‚
326 2189 699 2251 quemadmodum
722 2191 887 2250 possint
902 2207 951 2235 ea
965 2193 1135 2252 parvuli
1153 2198 1337 2253 capere?
1359 2198 1468 2249 Quae

6 2321 7 2326 1
82 2263 228 2308 omnia
247 2261 475 2307 continent
490 2271 579 2306 tam
601 2275 756 2318 magna
775 2262 997 2317 mysteria,
1015 2273 1064 2324 ut
1078 2264 1273 2323 quisquis
1290 2281 1340 2309 ea
1358 2266 1468 2308 didi-

4 2330 8 2394 }
26 2353 27 2356 ¹
82 2334 189 2378 cerit
205 2368 216 2387 ,
239 2333 435 2377 omnium
458 2331 759 2375 haereticorum
773 2332 1008 2375 vanitatem
1021 2332 1090 2377 vel
1106 2332 1251 2378 doleat
1265 2336 1366 2392 quia
1387 2334 1467 2378 ho-

83 2403 219 2447 mines
241 2411 365 2457 sunt,
390 2400 459 2445 vel
480 2401 674 2445 derideat
697 2402 798 2460 quia
821 2401 996 2460 superbi
1018 2411 1132 2448 suut.

142 2474 219 2517 VI.
257 2472 461 2532 Sequitur
474 2472 520 2515 in
543 2470 697 2516 eodem
712 2470 825 2516 libro
844 2490 852 2516 :
879 2490 897 2512 «
919 2473 975 2515 Et
992 2469 1179 2515 tenebrae
1199 2481 1322 2516 erant
1338 2487 1467 2531 super

129 2569 141 2589 ¹
164 2578 175 2601 1
200 2568 278 2602 Tim.
296 2579 320 2610 1,
338 2567 371 2602 5.
389 2583 429 2594 —
446 2574 459 2592 ²
479 2570 557 2602 Gen.
578 2579 604 2610 ι,
627 2577 639 2600 1
664 2572 697 2600 et
715 2575 746 2600 2.
762 2564 830 2591 -3
850 2566 932 2599 lbid·

1245 2620 1309 2660 27.
