1729 3143
405 223 458 250 DE
490 221 641 252 munao
672 218 886 261 anenno,
919 222 1002 251 Lus.
1038 223 1104 249 111.
1358 207 1442 249 403

68 301 118 333 ea
139 287 424 333 remansisset.
450 289 519 334 Sic
538 288 668 334 etiam
683 302 802 333 nunc
817 322 829 343 ,
854 288 889 332 si
908 287 1150 346 ignorantia
1163 286 1253 332 veri
1273 294 1317 330 et
1329 285 1446 330 diffi-

69 355 207 402 cultas
227 358 333 403 recti
353 358 560 405 naturalis
581 368 646 404 est
665 358 830 403 homini
845 392 856 413 ,
879 357 997 402 unde
1013 357 1191 417 incipiat
1211 356 1258 401 in
1273 356 1447 417 sapien-

70 428 141 473 tiae
163 428 409 489 quietisque
422 428 737 475 beatitudinem
756 443 945 487 surgere,
965 428 1112 474 nullus
1128 429 1242 474 hanc
1257 443 1310 473 ex
1324 428 1448 474 initio

69 499 258 545 naturali
290 509 406 546 recte
437 500 595 560 arguit.
632 498 717 545 Sed
751 499 787 544 si
818 499 1028 558 proficere
1060 500 1252 545 noluerit
1266 535 1277 556 ‚
1313 508 1390 544 aut
1423 514 1449 544 a

69 571 270 631 proiectu
289 581 525 618 retrorsum
541 571 675 617 relabi
695 569 881 617 voluerit
894 605 906 627 ,
924 562 1024 631 jure
1040 572 1283 633 meritoque
1298 585 1451 632 poenas

70 640 179 686 luet.

127 713 261 757 LXV.
295 713 477 759 Creator
488 727 591 758 vero
604 712 695 772 ejus
710 710 877 772 ubique
889 709 1111 767 laudatur,
1135 711 1206 756 vel
1222 712 1344 773 quod
1354 726 1452 757 eam

69 783 126 828 ab
145 783 247 843 ipsis
268 783 453 830 exordiis
474 784 530 829 ad
550 784 710 828 summi
731 783 837 828 boni
857 782 1139 843 capacitatem
1158 782 1450 839 inchoaverit,

67 853 138 900 vel
157 856 279 916 quod
299 856 391 916 ejus
410 854 659 915 profectum
679 854 879 916 adjuvet,
910 854 982 900 vel
1002 854 1125 915 quod
1144 853 1327 914 impleat
1346 869 1454 914 pro-

67 925 287 971 ficientem
314 935 447 985 atque
472 926 689 984 perficiat,
725 925 796 968 vel
828 926 951 984 quod
976 934 1231 982 peccantem
1246 959 1258 979 ,
1288 924 1335 968 id
1364 934 1454 981 est,

67 1004 144 1040 aut
163 997 219 1040 ab
239 995 372 1040 initiis
394 995 482 1039 suis
502 1010 593 1039 sese
613 996 670 1039 ad
692 993 1010 1054 perfectionem
1031 993 1231 1039 attollere
1253 1010 1458 1040 recusan-

67 1075 158 1112 tem
173 1099 186 1122 ,
219 1075 296 1111 aut
310 1067 400 1126 jam
421 1081 473 1111 ex
492 1065 694 1126 profectu
716 1064 864 1125 aliquo
893 1064 1188 1121 relabentem,
1218 1066 1458 1126 justissima

69 1137 349 1182 damnatione
370 1151 451 1196 pro
466 1136 631 1181 meritis
647 1134 836 1181 ordinat.
860 1138 959 1182 Non
978 1136 1094 1181 enim
1114 1146 1346 1196 propterea
1365 1152 1461 1181 ma-

68 1207 157 1253 lam
183 1207 371 1264 creavit,
408 1207 513 1267 quia
541 1206 741 1251 nondum
774 1215 897 1251 tanta
925 1216 1017 1263 est,
1052 1216 1219 1267 quanta
1240 1217 1291 1253 ut
1321 1210 1460 1268 profi-

68 1277 226 1324 ciendo
247 1293 338 1323 esse
358 1286 502 1338 posset
522 1277 712 1337 accepit3
735 1291 839 1322 cum
860 1277 952 1337 ejus
973 1277 1150 1323 exordio
1168 1278 1460 1338 perfectiones

69 1364 220 1395 omnes
239 1363 474 1410 corporum
493 1348 624 1407 longe
643 1347 872 1393 inferiores
892 1348 1000 1405 sint,
1025 1364 1134 1410 quas
1150 1358 1300 1395 tamen
1321 1351 1367 1394 in
1382 1365 1462 1396 suo

71 1435 228 1480 genere
247 1419 488 1465 laudabiles
503 1434 592 1465 esse
603 1417 787 1479 judicat,
803 1419 999 1479 quisquis
1011 1418 1068 1464 de
1088 1421 1220 1465 rebus
1239 1421 1462 1466 sanissime

63 1489 248 1550 judicat.
274 1489 402 1545 Quod
423 1504 524 1549 ergo
551 1490 724 1550 ignorat
744 1489 854 1550 quid
875 1489 956 1534 sibi
978 1489 1198 1549 agendum
1218 1491 1274 1536 sit
1292 1527 1304 1548 ‚
1336 1507 1389 1537 ex
1409 1507 1462 1538 eo

70 1570 134 1608 est
164 1560 288 1623 quod
312 1561 514 1607 nondum
544 1561 710 1621 accepit
739 1580 748 1606 :
773 1559 850 1605 sed
869 1561 954 1606 hoc
976 1576 1155 1622 quoque
1179 1562 1388 1623 accipiet,
1429 1563 1463 1608 si

70 1631 156 1677 hoc
180 1631 303 1693 quod
318 1633 485 1693 accepit
499 1667 510 1688 ,
535 1632 648 1676 bene
669 1646 747 1676 usa
767 1630 915 1676 fuerit.
940 1633 1121 1692 Accepit
1143 1642 1290 1678 autem
1320 1643 1371 1678 ut
1392 1634 1463 1694 pie

70 1711 115 1747 et
147 1701 379 1761 diligenter
409 1711 600 1762 quaerat,
631 1702 665 1746 si
692 1701 825 1746 volet.
862 1704 919 1746 Et
939 1701 1062 1762 quod
1086 1717 1325 1762 agnoscens
1353 1702 1463 1764 quid

72 1773 156 1818 sibi
176 1773 394 1832 agendum
415 1773 471 1817 sit
484 1808 496 1829 ,
527 1789 619 1818 non
639 1772 849 1818 continuo
870 1771 986 1818 valet
1007 1772 1190 1833 implere
1205 1808 1217 1831 ‚
1241 1775 1326 1820 hoc
1346 1790 1463 1835 quo-

72 1859 159 1905 que
181 1844 381 1890 nondum
411 1844 577 1904 accepit
599 1863 609 1890 :
633 1846 854 1904 praecessit
874 1844 990 1890 enim
1021 1844 1227 1906 quaedam
1249 1861 1348 1906 pars
1371 1848 1464 1907 ejus

73 1915 302 1961 sublimior
333 1915 388 1961 ad
410 1915 686 1962 sentiendum
708 1916 831 1977 quod
856 1925 972 1961 recte
998 1916 1129 1962 faciat
1161 1917 1331 1962 bonum
1352 1936 1362 1963 ε
1386 1916 1463 1962 sed

73 1985 278 2048 quaedam
295 1985 461 2032 tardior
481 1995 614 2046 atque
634 1986 815 2031 carnalis
837 2001 928 2031 non
947 1996 1267 2048 consequenter
1290 1987 1338 2032 in
1359 2002 1461 2032 sen-

74 2057 256 2102 tentiam
274 2056 478 2115 ducitur3
501 2065 552 2101 ut
572 2071 624 2100 ex
643 2056 735 2117 ipsa
755 2055 1017 2102 difficultate
1038 2056 1326 2103 admoneatur
1343 2072 1462 2102 eum-

74 2127 176 2172 dem
195 2128 428 2189 implorare
444 2126 688 2188 adjutorem
706 2127 984 2188 perfectionis
1002 2143 1108 2185 suae,
1123 2144 1257 2189 quem
1278 2129 1462 2174 inchoa-

74 2198 203 2244 tionis
223 2200 356 2244 sentit
367 2208 605 2254 auctorem,
629 2207 681 2242 ut
702 2213 753 2242 ex
773 2199 858 2244 hoc
880 2199 919 2243 ei
938 2200 1014 2244 fiat
1031 2199 1217 2255 charior,
1242 2198 1350 2244 dum
1371 2215 1462 2244 non

76 2267 162 2313 suis
181 2270 347 2315 viribus
362 2305 373 2325 ,
400 2270 474 2314 sed
497 2270 620 2329 cujus
642 2269 838 2314 bonitate
859 2270 993 2314 habet
1011 2277 1061 2313 ut
1082 2270 1136 2314 sit
1151 2305 1162 2325 ‚
1188 2270 1279 2329 ejus
1302 2270 1463 2325 miseri-

75 2340 222 2385 cordia
243 2341 496 2386 sublevatur
517 2350 568 2385 ut
590 2341 716 2384 beata
737 2341 805 2384 sit.
839 2342 1014 2393 Quanto
1039 2349 1185 2384 autem
1208 2341 1378 2384 charior
1399 2339 1462 2384 illi

78 2419 142 2455 est
162 2426 187 2455 a
214 2427 304 2471 quo
332 2421 396 2457 est
410 2446 421 2467 ,
456 2421 578 2456 tanto
611 2412 656 2455 in
687 2426 739 2455 eo
771 2410 937 2454 firmius
974 2410 1233 2469 acquiescit,
1270 2419 1313 2454 et
1327 2420 1463 2454 ‘tanto

78 2481 255 2525 uberius
277 2483 520 2526 aeternitate
542 2483 634 2541 ejus
660 2480 912 2540 perfruitur.
942 2480 984 2524 Si
1002 2482 1117 2524 enim
1136 2481 1300 2524 arboris
1319 2480 1464 2525 novel-

37 2614 42 2618 ·
78 2547 172 2595 lum
193 2559 237 2596 et
259 2550 368 2596 rude
389 2550 629 2611 virgultum
651 2549 773 2595 nullo
795 2549 927 2595 modo
950 2557 1065 2594 recte
1085 2549 1229 2595 sterile
1250 2549 1433 2595 dicimus
1450 2585 1460 2603 ‚

0 2617 2 2627 '
1186 2621 1251 2660 26.
