1729 3143
249 196 332 235 558
687 206 719 232 s.
759 202 988 231 Aucus'nm
1020 205 1200 231 EPISCol’l

237 272 283 316 in
303 270 493 316 tenebris
511 268 598 312 suis
620 266 817 312 viderent
839 269 1132 328 purissimam,
1170 283 1269 329 quae
1299 285 1323 313 a
1350 271 1472 314 vobis
1513 286 1633 315 com-

239 341 486 394 mendatur,
512 353 748 398 regnorum
773 339 848 382 Dei
869 337 1036 393 lucem,
1063 339 1119 393 (si
1148 337 1327 398 quidem
1355 337 1474 384 illam
1505 341 1635 385 etiam

240 411 400 455 talibus
416 408 637 455 visibilem
661 407 793 454 fuisse
809 408 982 466 vultis),
997 417 1040 452 et
1053 409 1307 468 aspicerent,
1329 418 1372 453 et
1387 409 1636 455 considera-
1689 458 1693 465 ,

240 490 353 537 rent,
369 490 413 526 et
427 480 765 536 delectarentur,
787 489 830 524 et
845 489 1097 541 appeterent
1113 499 1122 525 ε
1144 489 1312 525 nostros
1328 489 1473 525 autem
1486 481 1635 526 oculos
1684 466 1688 472 ’

239 553 544 598 commixtione
558 551 684 607 lucis,
700 552 1006 597 commixtione
1020 552 1180 597 summi
1191 552 1313 607 boni,
1328 552 1634 597 commixtione

239 622 430 685 denique
451 625 530 669 Dei
552 633 643 669 tam
670 624 887 675 infirmos,
923 633 1014 669 tam
1044 622 1289 668 imbecillos
1311 639 1401 668 esse
1425 623 1632 679 redditos,

239 704 288 739 ut
301 710 444 756 neque
458 696 699 757 quidquam
713 694 936 740 videamus
949 695 994 739 in
1006 695 1214 750 tenebris,
1235 703 1278 739 et
1294 694 1394 739 solis
1411 704 1634 755 aspectum

237 765 361 811 nullo
378 766 509 811 modo
523 765 637 810 ferre
650 766 879 825 possimuS,
901 774 1032 825 atque
1045 765 1149 810 inde
1163 766 1376 821 conversi,
1392 765 1520 810 etiam
1535 782 1634 825 quoe

237 851 261 880 a
279 837 406 882 nobis
425 835 689 882 videbantur
706 837 987 895 quaeramus?

295 910 464 952 XVIII.
501 910 606 952 Haec
622 906 708 951 dici
722 914 919 966 possunt,
937 905 1068 949 etiam
1081 905 1114 949 si
1129 907 1351 965 corruptio
1369 906 1534 950 malum
1551 915 1630 962 est,

236 979 358 1040 quod
374 995 499 1041 aeque
516 994 646 1023 nemo
665 978 847 1036 ambigit
866 997 874 1022 z
900 992 989 1022 non
1010 976 1126 1021 enim
1150 985 1257 1021 tunc
1278 975 1424 1021 fumus
1442 992 1634 1022 corrum-

236 1050 368 1111 pebat
385 1066 519 1109 genus
537 1048 806 1105 animalium,
830 1048 951 1110 quod
968 1047 1100 1093 modo
1116 1048 1370 1107 corrumpit.
1388 1050 1446 1092 Et
1462 1063 1518 1092 ne
1532 1063 1633 1107 per-

236 1137 335 1181 gam
358 1137 434 1181 per
458 1120 651 1181 singula,
689 1122 811 1181 quod
846 1120 1029 1179 longum
1061 1128 1124 1163 est
1146 1128 1190 1164 et
1212 1135 1302 1164 non
1324 1120 1630 1174 necessarium,

234 1208 373 1253 usque
408 1192 520 1238 adeo
553 1192 696 1237 minus
730 1201 853 1236 erant
887 1190 1156 1251 corruptioni
1192 1190 1401 1245 obnoxia,
1437 1206 1538 1250 quae
1572 1190 1632 1233 ibi

235 1263 472 1308 animantia
510 1263 644 1308 fuisse
677 1262 925 1322 confingitis
941 1297 951 1317 ,
1002 1270 1051 1305 ut
1093 1261 1280 1306 abortivi
1312 1275 1465 1305 eorum
1496 1261 1632 1304 foetus

232 1334 432 1379 nondum
454 1334 511 1379 ad
532 1333 799 1379 nascendum
821 1332 984 1386 idonei,
1011 1332 1066 1375 de
1082 1331 1195 1376 coelo
1216 1331 1262 1375 in
1284 1339 1442 1375 terram
1463 1330 1622 1390 praeci-

232 1404 372 1463 pitati,
392 1414 436 1450 et
457 1406 621 1461 vivere,
642 1414 685 1450 et
703 1405 895 1464 gignere,
914 1412 956 1448 et
974 1418 1121 1446 rursus
1140 1403 1368 1462 conjurare
1382 1402 1621 1461 potuerint,

233 1476 444 1521 habentes
462 1477 616 1536 utique
635 1476 859 1535 pristinam
877 1475 1143 1527 firmitatem,
1165 1473 1267 1533 quia
1281 1474 1367 1533 jain
1387 1482 1509 1518 erant
1525 1488 1632 1518 con-

232 1548 347 1607 cepti
380 1556 482 1592 ante
511 1547 868 1593 commixtionem
891 1545 995 1590 boni
1024 1554 1067 1589 et
1088 1544 1218 1589 mali:
1249 1558 1347 1588 narn
1378 1553 1475 1604 post
1505 1545 1629 1589 istam

232 1619 557 1665 concretionem
580 1635 680 1679 quae
701 1618 756 1662 de
777 1618 826 1662 iis
850 1626 950 1662 nata
972 1626 1090 1672 sunt,
1116 1632 1164 1660 ea
1185 1617 1326 1661 dicitis
1351 1631 1440 1661 esse
1463 1617 1630 1661 anima-

233 1689 313 1746 lia,
339 1706 439 1750 quae
459 1706 579 1736 nunc
600 1689 891 1735 infirmissima
913 1698 957 1733 et
980 1687 1106 1733 facile
1129 1688 1401 1748 corruptioni
1431 1687 1629 1733 cedentia

233 1760 458 1807 videmus:
483 1763 580 1822 quis
608 1762 728 1806 hunc
757 1761 921 1805 diutius
950 1760 1134 1804 tolerare
1156 1760 1288 1819 possit
1310 1774 1516 1813 errorem,
1551 1759 1631 1801 nisi

233 1832 310 1892 qui
333 1841 409 1877 aut
429 1833 511 1878 ista
532 1847 621 1877 non
642 1831 778 1885 videt,
805 1840 880 1875 aut
901 1832 1045 1876 nescio
1067 1847 1153 1890 qua
1176 1829 1421 1874 incredibili
1443 1845 1628 1874 consue-

235 1902 389 1948 tudine
409 1919 459 1949 ac
481 1902 777 1948 familiaritate
800 1902 1028 1947 vobiscum
1050 1911 1200 1946 contra
1224 1915 1375 1945 omnes
1398 1900 1533 1945 moles
1558 1916 1628 1944 ra-

233 1978 364 2025 tionis
382 1974 624 2021 obduruit?

292 2049 416 2094 XIX.
455 2045 539 2104 Sed
571 2043 781 2106 quoniam
811 2042 998 2097 ostendi,
1033 2050 1084 2086 ut
1120 2042 1323 2097 arbitror,
1353 2040 1408 2086 de
1436 2042 1560 2086 bonis
1587 2049 1629 2086 et

234 2121 358 2167 malis
373 2117 661 2180 generalibus,
680 2116 726 2160 in
739 2115 912 2175 quantis
925 2113 1134 2168 tenebris,
1151 2123 1191 2159 et
1205 2113 1251 2157 in
1263 2122 1427 2174 quanta
1443 2112 1627 2157 falsitate

235 2191 464 2239 versemini
482 2209 492 2236 z
516 2204 635 2235 nunc
654 2187 879 2232 videamus
902 2185 981 2230 tria
1001 2183 1074 2228 illa
1091 2183 1330 2243 signacula,
1352 2200 1450 2244 quae
1468 2184 1513 2227 in
1533 2199 1627 2228 ves-

237 2265 312 2309 tris
334 2262 528 2308 moribus
549 2274 707 2319 magna
738 2255 869 2302 laude
902 2272 950 2300 ac
979 2255 1288 2316 praedicatione
1310 2255 1496 2315 jactatis.
1522 2257 1628 2307 Quae

237 2345 338 2380 sunt
360 2334 538 2380 tandem
569 2332 651 2377 ista
678 2328 925 2389 signacula?
945 2328 1041 2372 Oris
1062 2336 1204 2383 certe,
1238 2336 1281 2371 et
1312 2341 1545 2380 manuum,
1586 2333 1628 2368 et

239 2409 372 2453 sinus.
405 2406 514 2469 quid
541 2414 605 2450 est
624 2405 738 2449 hoc?
762 2404 818 2447 Ut
836 2416 931 2456 ore,
957 2400 1124 2460 inquit,
1149 2408 1192 2443 et
1212 2398 1438 2452 manibus,
1471 2408 1512 2440 et
1530 2396 1626 2440 sinu
1650 2459 1655 2465 ·

240 2490 382 2525 castus
399 2488 443 2524 et
460 2480 668 2523 innocens
690 2475 743 2519 sit
765 2474 924 2518 homo?
945 2471 1061 2525 Quid
1075 2471 1109 2515 si
1126 2470 1276 2524 oculis,
1297 2469 1490 2523 auribus,
1511 2466 1627 2511 nari-

190 2597 193 2600 ,
239 2551 319 2595 bus
336 2551 512 2610 peccet?
545 2546 661 2602 Quid
679 2546 713 2592 si
734 2536 924 2591 calcibus
946 2543 1172 2589 hominem
1194 2541 1374 2600 affligat,
1398 2538 1467 2584 vel
1495 2538 1626 2582 etiam
