1729 3143
201 163 290 202 206
642 169 676 199 s.
712 165 942 196 Aoeusnm
972 166 1154 195 Eprscon

197 241 300 272 nem
326 228 553 271 sanitatem
575 223 647 266 ille
665 224 755 282 jam
776 220 906 266 fecit?
931 220 974 266 Si
995 235 1153 279 corpus
1177 228 1306 264 tuum
1325 219 1584 279 languidum

196 307 272 342 aut
290 296 568 341 vulneratum
595 292 767 338 medico
789 290 1054 346 ostenderes,
1079 300 1123 335 et
1144 305 1317 350 rogares
1337 300 1388 335 ut
1407 291 1489 335 tibi
1509 289 1586 334 ad-

195 367 363 411 hiberet
385 363 566 410 curandi
581 364 870 424 diligentiam,
900 371 1031 421 atque
1045 360 1119 404 ille
1141 360 1319 415 faceret,
1343 375 1586 420 sanumque

195 446 238 481 et
253 435 518 480 incolumem
535 435 753 490 redderet,
773 443 819 479 et
836 443 886 478 tu
903 432 1049 477 adhuc
1069 430 1233 475 diceres
1253 450 1261 475 ;
1286 432 1386 476 Non
1407 445 1504 475 sum
1517 445 1586 474 sa-

195 521 299 562 nus,
314 520 462 550 nonne
478 520 589 551 esses
602 505 773 551 medico
786 505 1007 563 ingratus?
1022 517 1170 548 nonne
1182 516 1293 546 esses
1305 502 1351 545 in
1366 500 1588 545 medicum

192 577 556 623 contumeliosus?
573 578 616 623 Si
628 587 672 623 et
688 581 802 622 Deus
817 576 984 621 sanavit
1001 584 1061 630 te,
1084 572 1217 618 audes
1234 571 1379 615 dicere
1399 589 1409 615 z
1428 571 1588 614 Adhuc

192 645 351 692 vulnus
382 648 554 707 habeo,
581 664 663 693 nec
696 648 823 692 times
856 661 912 691 ne
934 646 1016 690 tibi
1048 642 1308 703 respondeat
1326 660 1335 685 2
1360 643 1476 699 Ergo
1509 654 1591 698 ego

190 715 301 760 nihil
317 718 399 776 egi,
416 728 492 764 aut
502 728 646 764 totum
657 717 780 779 quod
793 718 861 777 egi
874 717 940 761 eff
939 717 1013 760 udi
1016 751 1032 772 ,
1046 730 1136 759 non
1148 713 1311 772 accipio
1325 710 1589 766 mercedem,

190 800 281 830 non
300 802 468 833 mereor
484 788 555 834 vel
575 788 778 833 laudem?
803 791 980 833 Avertat
1002 789 1117 830 Deus
1137 786 1251 829 hanc
1271 782 1524 835 amentiam,
1550 788 1594 824 et

190 855 303 902 hanc
339 860 764 917 argumentationem
797 872 969 902 vanam.
1011 857 1137 901 Dicat
1172 856 1341 899 homo:
1384 856 1594 895 Peccator

189 939 303 979 sum,
339 931 443 975 quia
477 938 681 974 ῃρρρνιί-ηγ·
716 937 780 958 ook
800 947 807 958 ι
842 927 988 958 dioak·
1021 930 1256 959 Doooatum
1288 922 1450 970 habco,
1489 920 1593 976 qUia

188 996 417 1049 peccatum
446 985 596 1029 habet.
623 986 723 1029 Non
750 984 867 1028 enim
899 985 933 1028 si
965 1000 1055 1029 non
1078 986 1228 1040 habet,
1261 986 1495 1045 sapientior
1528 995 1593 1031 est

189 1073 321 1118 quam
353 1054 519 1100 Daniel.
558 1056 692 1113 Ergo,
736 1053 889 1099 fratres
914 1056 1016 1110 mei,
1051 1055 1171 1100 illam
1199 1056 1495 1116 quaestionem·
1513 1057 1594 1101 ali-

189 1126 368 1188 quando
401 1125 707 1170 determinem.
745 1125 789 1170 Si
815 1126 922 1186 justi
949 1127 1006 1171 sic
1042 1126 1293 1186 appellandi
1322 1137 1441 1183 sunt,
1478 1128 1592 1172 sicut
1659 1117 1670 1124 ‘

190 1197 322 1243 modo
334 1195 528 1256 quodam
542 1196 736 1240 humano
745 1196 851 1255 justi
866 1196 1159 1256 appellantur,
1176 1198 1420 1242 secundum
1435 1213 1592 1259 quam-

191 1269 292 1313 dam
320 1266 695 1311 conversationem
717 1282 803 1326 qua
825 1267 940 1310 inter
962 1268 1160 1312 homines
1183 1269 1339 1313 vivunt
1359 1270 1451 1312 sine
1479 1284 1593 1328 que-

192 1339 307 1383 rela:
331 1335 460 1380 multi
495 1337 600 1381 tales
638 1341 814 1395 Romae,
848 1347 892 1382 et
924 1347 1101 1397 propter
1134 1340 1214 1383 hos
1239 1339 1435 1398 pepercit
1455 1342 1588 1395 Deus,

192 1407 319 1452 multi
334 1415 585 1451 evaserunt:
606 1406 683 1450 sed
700 1416 744 1450 et
761 1408 820 1451 eis
837 1408 914 1467 qui
931 1409 1092 1452 mortui
1110 1417 1227 1464 sunt,
1246 1409 1439 1468 pepercit
1454 1412 1587 1464 Deus,

192 1478 354 1523 Mortui
379 1477 494 1521 enim
516 1477 563 1521 in
591 1477 707 1521 bona
729 1477 818 1522 vita
851 1487 895 1522 et
928 1494 1028 1522 vera
1052 1479 1218 1538 justitia
1235 1514 1247 1533 ,
1278 1479 1321 1522 in
1346 1480 1462 1524 bona
1483 1479 1585 1523 fide.

192 1563 339 1593 nonne
361 1549 566 1592 aerumnis
584 1563 729 1592 rerum
747 1549 1040 1593 humanarum
1062 1558 1314 1605 caruerunt,
1339 1559 1384 1594 et
1405 1549 1460 1594 ad
1477 1549 1592 1594 divi-

194 1633 300 1662 num
323 1618 596 1677 refrigerium
618 1622 943 1677 pervenerunt?
966 1621 1131 1665 Mortui
1151 1630 1253 1665 sunt
1275 1629 1374 1679 post
1400 1620 1590 1665 tribula-

192 1691 343 1744 tiones,
365 1689 590 1750 quomodo
606 1705 772 1749 pauper
791 1689 865 1733 ille
885 1699 985 1734 ante
997 1691 1181 1749 januam
1195 1691 1357 1734 divitis.
1381 1690 1467 1735 Sed
1479 1690 1592 1749 passi

193 1769 294 1805 sunt
309 1759 500 1804 famem?
522 1775 668 1818 passus
686 1768 750 1803 est
771 1768 815 1803 et
835 1759 924 1803 ille.
952 1761 1068 1804 Passi
1085 1769 1187 1804 sunt
1208 1760 1422 1805 vulnera?
1444 1775 1592 1819 passus

195 1839 258 1875 est
275 1840 318 1874 et
339 1830 412 1874 ille
432 1849 441 1875 ς
466 1828 579 1874 forte
600 1831 742 1874 minus
764 1844 836 1874 eos
857 1845 983 1873 canes
1004 1830 1241 1874 linxerunt.
1268 1830 1432 1875 Mortui
1454 1833 1591 1874 sunt?

196 1911 394 1947 mortuus
415 1910 479 1945 est
495 1910 539 1945 et
559 1901 657 1946 ille:
683 1900 759 1945 sed
783 1916 872 1961 quo
895 1901 982 1944 fine
1004 1901 1107 1945 audi
1125 1918 1136 1944 .·
1157 1901 1401 1959 «Contigit,
1427 1901 1587 1961 inquit,

201 1991 220 2013 »
253 1972 364 2016 mori
392 1972 570 2031 inopem
600 1971 727 2015 illum
744 2006 755 2026 ,
795 1980 837 2015 et
872 1971 1032 2015 auferri
1066 1971 1122 2015 ab
1156 1970 1335 2030 Angelis
1367 1971 1414 2014 in
1447 1971 1591 2015 sinum

204 2062 221 2083 »
255 2043 486 2087 Abrahae1.
508 2060 529 2084 »

256 2115 333 2157 VI.
370 2114 547 2158 Utinam
567 2112 716 2157 videre
737 2126 957 2171 possemus
980 2111 1116 2156 oculis
1139 2112 1303 2156 animas
1320 2121 1586 2166 sanctorum,

202 2184 338 2241 quiin
353 2183 429 2229 illo
447 2184 563 2228 bello
581 2184 743 2228 mortui
758 2192 884 2227 sunt:
904 2191 1008 2226 tunc
1020 2181 1223 2226 videretis
1237 2181 1459 2241 quomodo
1476 2185 1592 2224 Deus

205 2257 440 2312 pepercerit
471 2255 648 2300 civitati.
690 2253 829 2299 Millia
860 2255 976 2298 enim
1006 2263 1254 2297 sanctorum
1288 2253 1335 2296 in
1369 2251 1593 2310 refrigerio

205 2333 321 2378 sunt,
340 2327 585 2372 laetantium
606 2336 649 2371 et
669 2326 911 2370 dicentium
933 2328 1023 2369 Deo
1041 2344 1049 2369 :
1075 2323 1242 2368 Gratias
1265 2323 1361 2378 tibi,
1387 2323 1489 2383 quia
1511 2337 1591 2366 nos

207 2408 230 2437 a
250 2398 383 2441 carnis
405 2398 611 2443 molestiis
644 2406 688 2442 et
719 2396 943 2442 tormentis
977 2394 1140 2440 eruisti.
1173 2393 1340 2438 Gratias
1363 2393 1460 2450 tibi,
1486 2393 1590 2453 quia

257 2491 267 2508 ¹
285 2491 361 2523 Luc.
382 2503 443 2534 xvi,
463 2502 517 2526 22.
