1729 3143
236 176 319 214 516
675 184 710 213 s.
745 182 976 211 AUGUSTINI
1009 186 1191 214 Emscom

237 252 293 295 ait
308 250 541 310 Apostolus
564 267 572 292 :
597 267 613 288 «
633 248 772 292 Radix
790 247 986 292 omnium
1001 248 1216 293 malorum
1228 248 1462 308 cupiditas,
1482 266 1613 310 quam
1678 243 1682 284 ἶ

235 340 255 363 »
280 321 456 380 quidam
490 328 742 379 sequentes,
781 317 1150 377 naufragaverunt
1171 334 1194 363 a
1215 318 1301 363 fide
1317 354 1328 374 ,
1353 328 1396 363 et
1423 319 1618 365 inserue-

235 411 255 434 »
282 400 385 435 runt
406 405 449 434 se
471 389 695 435 doloribus
715 389 906 434 multis1.
926 408 945 432 »
967 389 1093 443 Quod
1122 399 1350 449 peccatum
1382 391 1539 435 animae
1571 392 1618 436 in

232 461 378 504 Veteri
391 463 665 505 Testamento
678 461 777 505 satis
794 469 957 519 aperte,
979 460 1092 504 bene
1113 459 1472 518 intelligentibus,
1490 461 1535 504 in
1551 460 1619 519 ip-

231 532 317 576 sius
336 531 528 576 hominis
551 531 629 592 qui
646 540 737 576 erat
758 531 802 575 in
816 530 1016 592 paradiso
1033 530 1386 590 praevaricatione
1407 531 1614 589 signatur.

234 620 255 644 «
277 604 329 645 In
360 600 502 646 Adam
534 602 698 662 quippe
729 616 879 646 omnes
912 601 1151 656 morimur,
1185 609 1236 645 ut
1266 600 1324 644 ait
1344 600 1486 654 idem,
1511 600 1621 644 etin

229 689 250 713 >³
277 671 452 717 Christo
471 687 622 716 omnes
639 686 913 730 resurgemus
927 672 959 714 ².
981 688 1001 712 »
1027 672 1064 715 Ο
1086 669 1170 715 alta
1192 670 1427 728 mysteria?
1451 669 1536 715 Sed
1557 685 1621 714 re-

226 741 414 800 primam
444 753 530 781 me.
563 743 661 786 Non
690 742 807 786 enim
839 740 972 786 modo
1003 740 1172 800 suscepi
1196 739 1353 785 docere
1374 755 1450 784 vos
1476 748 1618 795 recta,

228 811 304 856 sed
325 808 540 853 dedocere
560 822 715 867 prava,
746 811 780 850 si
808 820 985 866 potero,
1019 812 1066 855 id
1094 820 1185 867 est,
1209 811 1243 855 si
1272 814 1386 855 Deus
1420 810 1623 855 annuerit

227 880 450 940 proposito
472 879 518 923 in
534 893 610 923 vos
631 892 747 923 meo.

286 952 498 995 XXXVI.
532 948 646 993 Dicit
667 962 770 1007 ergo
788 945 963 1003 Paulus,
985 947 1173 992 radicem
1191 948 1386 993 omnium
1408 949 1623 994 malorum
1643 980 1647 983 »
1688 960 1691 970 ’

226 1036 315 1067 esse
337 1019 623 1080 cupiditatem
638 1053 649 1074 ,
681 1034 758 1079 per
775 1033 909 1078 quam
933 1018 1065 1064 etiam
1083 1022 1171 1064 Lex
1189 1028 1312 1064 vetus
1329 1020 1523 1079 primum
1540 1021 1623 1066 ho-
1689 1025 1692 1077 ζ

225 1093 386 1149 minem
408 1090 579 1149 lapsum
602 1104 692 1133 esse
713 1089 939 1148 significat.
974 1092 1128 1134 Monet
1158 1090 1319 1134 Paulus
1342 1100 1393 1135 ut
1415 1105 1622 1136 exuamus

224 1177 303 1207 nes
325 1170 515 1206 veterem
531 1157 756 1204 hominem
774 1194 784 1214 ,
810 1168 853 1204 et
875 1158 1110 1204 induamus
1125 1162 1331 1206 novum3.
1350 1161 1458 1206 Vult
1474 1171 1623 1206 autem

225 1232 411 1291 intelligi
445 1230 585 1275 Adam
621 1231 697 1291 qui
730 1231 952 1290 peccavit,
990 1240 1182 1276 veterem
1211 1232 1431 1277 hominem
1449 1254 1460 1290 3
1496 1232 1622 1277 illum

227 1313 373 1348 autem
402 1318 536 1363 quem
561 1303 751 1361 suscepit
772 1302 816 1345 in
838 1312 1108 1347 sacramento
1130 1303 1206 1347 Dei
1230 1303 1366 1348 Filius
1389 1304 1443 1347 ad
1464 1320 1542 1348 nos
1564 1303 1621 1348 li-

226 1374 440 1419 berandos
454 1408 465 1428 ,
502 1388 681 1418 novum.
724 1372 835 1417 Dicit
873 1389 1063 1433 namque
1104 1373 1187 1418 alio
1225 1373 1322 1418 loco
1352 1393 1361 1418 2
1404 1393 1425 1416 «
1451 1375 1621 1419 Primus

229 1463 249 1487 »
275 1446 409 1489 homo
431 1444 485 1487 de
508 1452 622 1487 terra
645 1452 842 1488 'terrenus
860 1478 871 1498 ,
907 1441 1127 1488 secundus
1148 1444 1281 1489 homo
1309 1443 1364 1488 de
1387 1445 1502 1489 coelo
1527 1460 1620 1489 coe-

233 1534 253 1556 »
280 1514 411 1559 lestis.
439 1513 587 1567 Qualis
614 1523 825 1569 terrenus,
844 1513 950 1558 tales
972 1523 1015 1558 et
1037 1514 1224 1572 terreni,
1254 1513 1393 1574 qualis
1413 1514 1617 1570 coelestis,

231 1604 252 1627 »
278 1585 385 1629 tales
413 1593 458 1628 et
486 1584 697 1629 coelestes.
733 1584 851 1630 Sicut
873 1584 1140 1644 portavimus
1163 1585 1393 1643 imaginem
1430 1586 1617 1640 terreni,

234 1674 254 1697 υ
280 1665 502 1715 portemus
524 1665 567 1699 et
584 1655 817 1714 imaginem
839 1655 1051 1699 coelestis4
1072 1674 1082 1700 2
1100 1673 1119 1697 »
1145 1655 1229 1700 hoc
1247 1665 1326 1711 est,
1344 1656 1487 1700 exuite
1501 1664 1621 1700 vete-

230 1742 337 1782 rem,
357 1735 400 1770 et
416 1724 585 1770 induite
597 1740 776 1770 novum.
795 1727 934 1769 Omne
947 1725 1079 1784 igitur
1094 1726 1289 1770 officium
1301 1726 1616 1786 temperantiae,

231 1806 294 1841 est
315 1810 472 1840 exuere
492 1804 684 1839 veterem
705 1795 930 1839 hominem
948 1830 958 1849 ,
984 1804 1027 1838 ct
1048 1795 1094 1839 in
1112 1798 1201 1839 Deo
1228 1796 1448 1850 renovari,
1474 1795 1519 1839 id
1538 1805 1614 1850 est,

231 1877 512 1913 contemnere
533 1880 682 1910 omnes
704 1880 931 1924 corporeas
944 1864 1182 1921 illecebras,
1202 1865 1466 1927 laudemque
1481 1883 1619 1926 popu-

231 1938 382 1992 larem,
399 1945 629 1996 totumque
643 1951 834 1980 amorem
850 1934 904 1979 ad
915 1935 1146 1979 invisibilia
1170 1945 1212 1980 et
1235 1935 1382 1981 divina
1399 1937 1610 1981 conferre.

235 2007 360 2053 Unde
381 2005 492 2051 illud
512 2007 708 2066 sequitur
730 2005 850 2066 quod
874 2006 1054 2050 mirifice
1077 2006 1242 2050 dictum
1262 2016 1349 2051 est:
1379 2026 1399 2049 «
1418 2008 1461 2052 Si
1484 2016 1526 2052 et
1543 2023 1617 2052 ex-

237 2097 256 2120 »
285 2078 414 2122 terior
435 2078 568 2122 homo
590 2086 735 2121 noster
752 2076 1046 2136 corrumpitur
1063 2112 1073 2132 ,
1099 2076 1174 2121 sed
1187 2078 1365 2122 interior
1384 2088 1618 2124 renovatur

239 2168 259 2192 »
284 2149 337 2193 de
357 2149 427 2193 die
448 2149 494 2192 in
509 2149 666 2193 diem⁵.
681 2167 701 2190 »
727 2147 843 2192 Audi
865 2157 908 2192 et
929 2150 1191 2207 Prophetam
1213 2159 1439 2194 canentem
1463 2170 1471 2195 ε
1497 2169 1517 2193 «
1533 2153 1618 2196 Cor

240 2239 260 2262 »
287 2220 501 2264 mundum
524 2234 620 2263 crea
641 2219 686 2263 in
706 2234 790 2274 mc,
818 2221 952 2274 Deus,
981 2227 1023 2262 et
1045 2220 1243 2278 spiritum
1271 2229 1436 2265 rectum
1459 2221 1618 2266 innova

242 2312 260 2333 »
288 2294 332 2334 in
353 2290 588 2336 visceribus
607 2291 753 2334 meisss.
775 2307 794 2330 »
822 2290 938 2343 Quid
960 2299 1110 2335 contra
1130 2291 1254 2336 istam
1272 2292 1616 2337 convenientiam

239 2362 345 2416 dici,
370 2362 451 2404 nisi
468 2378 491 2405 a
513 2361 635 2406 caecis
657 2360 938 2405 latratoribus
956 2363 1124 2420 potest?

289 2468 298 2484 ¹
319 2463 397 2495 Tim.
418 2473 462 2502 vi,
488 2473 540 2494 10.
558 2477 601 2485 —
615 2468 628 2483 2
652 2473 664 2493 1
685 2464 758 2495 Cor.
779 2472 822 2495 xv
843 2470 897 2495 22.
918 2480 959 2486 —
976 2461 990 2486 3
1008 2462 1127 2496 Coloss.
1146 2474 1191 2505 111,
1217 2475 1250 2507 9.
1270 2480 1310 2487 —·
1324 2464 1339 2495 4
1365 2476 1377 2497 1
1400 2467 1471 2499 Cor.
1491 2476 1543 2507 xv,
1561 2464 1615 2507 47.

242 2533 283 2540 --
298 2515 311 2539 ⁵
331 2525 349 2549 2
367 2519 438 2550 Cor.
460 2527 505 2558 iv,
529 2515 581 2549 16.
601 2533 640 2540 —·
655 2513 670 2538 6
688 2516 770 2548 Psal.
787 2528 819 2558 ι,
841 2526 891 2550 12.

1697 0 1707 54 l

1674 0 1688 75 J.

1676 86 1680 197 ε

1678 204 1683 381 ἓ

1707 389 1729 459 ⁴*

1681 465 1714 580 ες

1709 615 1717 920 ἓ

1713 956 1719 1037 l

1715 1043 1720 1193 ἓ
