<?xml version="1.0" encoding="UTF-8"?>
<!DOCTYPE html PUBLIC "-//W3C//DTD XHTML 1.0 Transitional//EN"
    "http://www.w3.org/TR/xhtml1/DTD/xhtml1-transitional.dtd">
<html xmlns="http://www.w3.org/1999/xhtml" xml:lang="en" lang="en">
 <head>
  <title>
</title>
<meta http-equiv="Content-Type" content="text/html;charset=utf-8" />
  <meta name='ocr-system' content='tesseract 3.04.00' />
  <meta name='ocr-capabilities' content='ocr_page ocr_carea ocr_par ocr_line ocrx_word'/>
</head>
<body>
  <div class='ocr_page' id='page_1' title='image "./operaomniaaccura27auguuoft/operaomniaaccura27auguuoft_0057.png"; bbox 0 0 1729 3143; ppageno 0'>
   <div class='ocr_carea' id='block_1_1' title="bbox 485 206 1448 256">
    <p class='ocr_par' dir='ltr' id='par_1_1' title="bbox 485 206 1448 256">
     <span class='ocr_line' id='line_1_1' title="bbox 485 206 1448 256; baseline -0.001 -11"><span class='ocrx_word' id='word_1_1' title='bbox 485 220 537 245; x_wconf 89' lang='lat' dir='ltr'>DE</span> <span class='ocrx_word' id='word_1_2' title='bbox 570 219 778 256; x_wconf 70' lang='lat' dir='ltr'>svmeoLo,</span> <span class='ocrx_word' id='word_1_3' title='bbox 812 219 950 246; x_wconf 73' lang='lat' dir='ltr'>smmo</span> <span class='ocrx_word' id='word_1_4' title='bbox 982 219 1029 244; x_wconf 88' lang='lat'>11.</span> <span class='ocrx_word' id='word_1_5' title='bbox 1393 206 1448 245; x_wconf 80' lang='lat'>47</span> 
     </span>
    </p>
   </div>
   <div class='ocr_carea' id='block_1_2' title="bbox 24 282 1458 2579">
    <p class='ocr_par' dir='ltr' id='par_1_2' title="bbox 24 282 1458 2579">
     <span class='ocr_line' id='line_1_2' title="bbox 73 282 1451 337; baseline 0 -11"><span class='ocrx_word' id='word_1_6' title='bbox 73 287 200 327; x_wconf 86' lang='lat' dir='ltr'>Pater</span> <span class='ocrx_word' id='word_1_7' title='bbox 219 317 231 337; x_wconf 92' lang='lat'>,</span> <span class='ocrx_word' id='word_1_8' title='bbox 267 283 409 327; x_wconf 88' lang='lat' dir='ltr'>minor</span> <span class='ocrx_word' id='word_1_9' title='bbox 430 292 494 327; x_wconf 88' lang='lat' dir='ltr'>est</span> <span class='ocrx_word' id='word_1_10' title='bbox 514 283 666 327; x_wconf 87' lang='lat' dir='ltr'>Filius.</span> <span class='ocrx_word' id='word_1_11' title='bbox 691 285 784 326; x_wconf 89' lang='lat' dir='ltr'>Hoc</span> <span class='ocrx_word' id='word_1_12' title='bbox 810 283 855 326; x_wconf 86' lang='lat' dir='ltr'>in</span> <span class='ocrx_word' id='word_1_13' title='bbox 877 282 1124 329; x_wconf 89' lang='lat' dir='ltr'>hominibus</span> <span class='ocrx_word' id='word_1_14' title='bbox 1139 315 1150 336; x_wconf 91' lang='lat'><em>‚</em></span> <span class='ocrx_word' id='word_1_15' title='bbox 1176 282 1259 325; x_wconf 94' lang='lat' dir='ltr'>hoc</span> <span class='ocrx_word' id='word_1_16' title='bbox 1286 282 1333 325; x_wconf 91' lang='lat' dir='ltr'>in</span> <span class='ocrx_word' id='word_1_17' title='bbox 1353 296 1451 326; x_wconf 90' lang='lat' dir='ltr'>om-</span> 
     </span>
     <span class='ocr_line' id='line_1_3' title="bbox 70 352 1452 410; baseline -0.001 -13"><span class='ocrx_word' id='word_1_18' title='bbox 70 352 200 397; x_wconf 90' lang='lat' dir='ltr'>nibus</span> <span class='ocrx_word' id='word_1_19' title='bbox 217 386 228 407; x_wconf 88' lang='lat'>‚</span> <span class='ocrx_word' id='word_1_20' title='bbox 265 361 308 396; x_wconf 88' lang='lat' dir='ltr'>et</span> <span class='ocrx_word' id='word_1_21' title='bbox 331 362 378 396; x_wconf 89' lang='lat' dir='ltr'>tu</span> <span class='ocrx_word' id='word_1_22' title='bbox 404 353 449 396; x_wconf 89' lang='lat' dir='ltr'>in</span> <span class='ocrx_word' id='word_1_23' title='bbox 479 352 682 397; x_wconf 86' lang='lat' dir='ltr'>omnibus</span> <span class='ocrx_word' id='word_1_24' title='bbox 708 353 987 410; x_wconf 86' lang='lat' dir='ltr'>perturbaris.</span> <span class='ocrx_word' id='word_1_25' title='bbox 1023 352 1222 403; x_wconf 84' lang='lat' dir='ltr'>Divinam</span> <span class='ocrx_word' id='word_1_26' title='bbox 1250 361 1452 396; x_wconf 88' lang='lat' dir='ltr'>naturam</span> 
     </span>
     <span class='ocr_line' id='line_1_4' title="bbox 70 422 1453 482; baseline 0 -15"><span class='ocrx_word' id='word_1_27' title='bbox 70 422 292 467; x_wconf 88' lang='lat' dir='ltr'>considera</span> <span class='ocrx_word' id='word_1_28' title='bbox 311 457 322 477; x_wconf 95' lang='lat'>,</span> <span class='ocrx_word' id='word_1_29' title='bbox 360 426 499 466; x_wconf 91' lang='lat' dir='ltr'>Deum</span> <span class='ocrx_word' id='word_1_30' title='bbox 535 422 711 466; x_wconf 82' lang='lat' dir='ltr'>attende</span> <span class='ocrx_word' id='word_1_31' title='bbox 724 456 735 476; x_wconf 94' lang='lat'>,</span> <span class='ocrx_word' id='word_1_32' title='bbox 772 424 1085 481; x_wconf 83' lang='lat' dir='ltr'>sempiternum</span> <span class='ocrx_word' id='word_1_33' title='bbox 1121 423 1263 482; x_wconf 82' lang='lat' dir='ltr'>cogita</span> <span class='ocrx_word' id='word_1_34' title='bbox 1300 441 1309 467; x_wconf 91' lang='lat'>:</span> <span class='ocrx_word' id='word_1_35' title='bbox 1349 438 1453 467; x_wconf 87' lang='lat' dir='ltr'>nam</span> 
     </span>
     <span class='ocr_line' id='line_1_5' title="bbox 67 490 1453 553; baseline 0 -15"><span class='ocrx_word' id='word_1_36' title='bbox 67 507 177 538; x_wconf 81' lang='lat' dir='ltr'>vane</span> <span class='ocrx_word' id='word_1_37' title='bbox 198 492 486 538; x_wconf 87' lang='lat' dir='ltr'>conturbaris.</span> <span class='ocrx_word' id='word_1_38' title='bbox 513 492 557 536; x_wconf 90' lang='lat' dir='ltr'>Si</span> <span class='ocrx_word' id='word_1_39' title='bbox 577 490 866 551; x_wconf 89' lang='lat' dir='ltr'>sempiternus</span> <span class='ocrx_word' id='word_1_40' title='bbox 888 501 952 536; x_wconf 91' lang='lat' dir='ltr'>est</span> <span class='ocrx_word' id='word_1_41' title='bbox 981 496 1107 538; x_wconf 89' lang='lat' dir='ltr'>Pater</span> <span class='ocrx_word' id='word_1_42' title='bbox 1124 528 1135 549; x_wconf 89' lang='lat'>,</span> <span class='ocrx_word' id='word_1_43' title='bbox 1166 493 1453 553; x_wconf 86' lang='lat' dir='ltr'>sempiternus</span> 
     </span>
     <span class='ocr_line' id='line_1_6' title="bbox 67 561 1454 623; baseline 0.001 -16"><span class='ocrx_word' id='word_1_44' title='bbox 67 572 131 607; x_wconf 90' lang='lat' dir='ltr'>est</span> <span class='ocrx_word' id='word_1_45' title='bbox 150 563 302 622; x_wconf 89' lang='lat' dir='ltr'>utique</span> <span class='ocrx_word' id='word_1_46' title='bbox 324 571 367 607; x_wconf 90' lang='lat' dir='ltr'>et</span> <span class='ocrx_word' id='word_1_47' title='bbox 388 562 538 606; x_wconf 89' lang='lat' dir='ltr'>Filius.</span> <span class='ocrx_word' id='word_1_48' title='bbox 578 562 622 607; x_wconf 87' lang='lat' dir='ltr'>Si</span> <span class='ocrx_word' id='word_1_49' title='bbox 651 563 766 614; x_wconf 82' lang='lat' dir='ltr'>enim</span> <span class='ocrx_word' id='word_1_50' title='bbox 791 562 876 607; x_wconf 86' lang='lat' dir='ltr'>fuit</span> <span class='ocrx_word' id='word_1_51' title='bbox 898 561 1033 612; x_wconf 77' lang='lat' dir='ltr'>Filius</span> <span class='ocrx_word' id='word_1_52' title='bbox 1056 563 1234 623; x_wconf 87' lang='lat' dir='ltr'>quando</span> <span class='ocrx_word' id='word_1_53' title='bbox 1256 580 1348 615; x_wconf 88' lang='lat' dir='ltr'>non</span> <span class='ocrx_word' id='word_1_54' title='bbox 1366 564 1454 609; x_wconf 86' lang='lat' dir='ltr'>fuit</span> 
     </span>
     <span class='ocr_line' id='line_1_7' title="bbox 67 630 1456 693; baseline 0.001 -17"><span class='ocrx_word' id='word_1_55' title='bbox 67 632 204 681; x_wconf 79' lang='lat' dir='ltr'>Filius</span> <span class='ocrx_word' id='word_1_56' title='bbox 218 666 234 687; x_wconf 80' lang='lat'>,</span> <span class='ocrx_word' id='word_1_57' title='bbox 256 630 342 682; x_wconf 88' lang='lat' dir='ltr'>fuit</span> <span class='ocrx_word' id='word_1_58' title='bbox 364 640 407 676; x_wconf 89' lang='lat' dir='ltr'>et</span> <span class='ocrx_word' id='word_1_59' title='bbox 430 635 556 676; x_wconf 90' lang='lat' dir='ltr'>Pater</span> <span class='ocrx_word' id='word_1_60' title='bbox 573 631 749 692; x_wconf 88' lang='lat' dir='ltr'>quando</span> <span class='ocrx_word' id='word_1_61' title='bbox 767 648 857 677; x_wconf 91' lang='lat' dir='ltr'>non</span> <span class='ocrx_word' id='word_1_62' title='bbox 878 632 964 676; x_wconf 89' lang='lat' dir='ltr'>fuit</span> <span class='ocrx_word' id='word_1_63' title='bbox 987 635 1115 679; x_wconf 89' lang='lat' dir='ltr'>Pater</span> <span class='ocrx_word' id='word_1_64' title='bbox 1140 652 1150 677; x_wconf 72' lang='grc' dir='ltr'>ε</span> <span class='ocrx_word' id='word_1_65' title='bbox 1175 633 1293 693; x_wconf 87' lang='lat' dir='ltr'>quod</span> <span class='ocrx_word' id='word_1_66' title='bbox 1316 634 1350 678; x_wconf 88' lang='lat' dir='ltr'>si</span> <span class='ocrx_word' id='word_1_67' title='bbox 1369 632 1456 686; x_wconf 81' lang='lat' dir='ltr'>fuit</span> 
     </span>
     <span class='ocr_line' id='line_1_8' title="bbox 66 701 1456 761; baseline 0.002 -17"><span class='ocrx_word' id='word_1_68' title='bbox 66 701 302 761; x_wconf 86' lang='lat' dir='ltr'>aliquando</span> <span class='ocrx_word' id='word_1_69' title='bbox 324 705 451 750; x_wconf 87' lang='lat' dir='ltr'>Pater</span> <span class='ocrx_word' id='word_1_70' title='bbox 473 718 564 748; x_wconf 91' lang='lat' dir='ltr'>non</span> <span class='ocrx_word' id='word_1_71' title='bbox 584 705 709 746; x_wconf 82' lang='lat' dir='ltr'>Pater</span> <span class='ocrx_word' id='word_1_72' title='bbox 724 737 735 758; x_wconf 93' lang='lat'>‚</span> <span class='ocrx_word' id='word_1_73' title='bbox 760 717 851 747; x_wconf 91' lang='lat' dir='ltr'>non</span> <span class='ocrx_word' id='word_1_74' title='bbox 871 701 957 746; x_wconf 87' lang='lat' dir='ltr'>fuit</span> <span class='ocrx_word' id='word_1_75' title='bbox 979 702 1255 761; x_wconf 90' lang='lat' dir='ltr'>omnipotens</span> <span class='ocrx_word' id='word_1_76' title='bbox 1273 723 1284 760; x_wconf 78' lang='lat'>3</span> <span class='ocrx_word' id='word_1_77' title='bbox 1309 703 1456 747; x_wconf 90' lang='lat' dir='ltr'>minus</span> 
     </span>
     <span class='ocr_line' id='line_1_9' title="bbox 64 770 1456 832; baseline 0.001 -18"><span class='ocrx_word' id='word_1_78' title='bbox 64 770 180 822; x_wconf 80' lang='lat' dir='ltr'>enim</span> <span class='ocrx_word' id='word_1_79' title='bbox 207 770 363 817; x_wconf 87' lang='lat' dir='ltr'>habuit</span> <span class='ocrx_word' id='word_1_80' title='bbox 389 771 436 815; x_wconf 91' lang='lat' dir='ltr'>in</span> <span class='ocrx_word' id='word_1_81' title='bbox 462 787 514 816; x_wconf 91' lang='lat' dir='ltr'>eo</span> <span class='ocrx_word' id='word_1_82' title='bbox 542 771 664 832; x_wconf 85' lang='lat' dir='ltr'>quod</span> <span class='ocrx_word' id='word_1_83' title='bbox 683 781 831 831; x_wconf 88' lang='lat' dir='ltr'>postea</span> <span class='ocrx_word' id='word_1_84' title='bbox 852 772 1034 817; x_wconf 85' lang='lat' dir='ltr'>effectus</span> <span class='ocrx_word' id='word_1_85' title='bbox 1056 781 1120 816; x_wconf 86' lang='lat' dir='ltr'>est</span> <span class='ocrx_word' id='word_1_86' title='bbox 1142 775 1284 822; x_wconf 83' lang='lat' dir='ltr'>Pater.</span> <span class='ocrx_word' id='word_1_87' title='bbox 1313 771 1357 816; x_wconf 91' lang='lat' dir='ltr'>Si</span> <span class='ocrx_word' id='word_1_88' title='bbox 1380 772 1456 816; x_wconf 85' lang='lat' dir='ltr'>das</span> 
     </span>
     <span class='ocr_line' id='line_1_10' title="bbox 63 840 1458 898; baseline 0.003 -15"><span class='ocrx_word' id='word_1_89' title='bbox 63 840 235 889; x_wconf 82' lang='lat' dir='ltr'>initium</span> <span class='ocrx_word' id='word_1_90' title='bbox 260 840 372 886; x_wconf 89' lang='lat' dir='ltr'>Filio</span> <span class='ocrx_word' id='word_1_91' title='bbox 391 876 403 897; x_wconf 92' lang='lat'>,</span> <span class='ocrx_word' id='word_1_92' title='bbox 428 842 505 886; x_wconf 90' lang='lat' dir='ltr'>das</span> <span class='ocrx_word' id='word_1_93' title='bbox 533 843 707 888; x_wconf 91' lang='lat' dir='ltr'>initium</span> <span class='ocrx_word' id='word_1_94' title='bbox 739 852 782 887; x_wconf 89' lang='lat' dir='ltr'>et</span> <span class='ocrx_word' id='word_1_95' title='bbox 813 843 956 898; x_wconf 89' lang='lat' dir='ltr'>Patri,</span> <span class='ocrx_word' id='word_1_96' title='bbox 991 846 1118 887; x_wconf 87' lang='lat' dir='ltr'>Pater</span> <span class='ocrx_word' id='word_1_97' title='bbox 1139 843 1258 887; x_wconf 86' lang='lat' dir='ltr'>enim</span> <span class='ocrx_word' id='word_1_98' title='bbox 1286 859 1310 887; x_wconf 90' lang='lat' dir='ltr'>a</span> <span class='ocrx_word' id='word_1_99' title='bbox 1342 841 1458 887; x_wconf 87' lang='lat' dir='ltr'>Filio</span> 
     </span>
     <span class='ocr_line' id='line_1_11' title="bbox 63 910 1456 973; baseline 0.002 -19"><span class='ocrx_word' id='word_1_100' title='bbox 63 910 306 970; x_wconf 88' lang='lat' dir='ltr'>appellatus</span> <span class='ocrx_word' id='word_1_101' title='bbox 327 921 391 956; x_wconf 89' lang='lat' dir='ltr'>est</span> <span class='ocrx_word' id='word_1_102' title='bbox 413 916 553 957; x_wconf 89' lang='lat' dir='ltr'>Pater.</span> <span class='ocrx_word' id='word_1_103' title='bbox 583 915 627 959; x_wconf 90' lang='lat' dir='ltr'>Si</span> <span class='ocrx_word' id='word_1_104' title='bbox 647 923 793 959; x_wconf 91' lang='lat' dir='ltr'>autem</span> <span class='ocrx_word' id='word_1_105' title='bbox 816 929 985 973; x_wconf 87' lang='lat' dir='ltr'>semper</span> <span class='ocrx_word' id='word_1_106' title='bbox 1001 912 1086 957; x_wconf 88' lang='lat' dir='ltr'>fuit</span> <span class='ocrx_word' id='word_1_107' title='bbox 1103 917 1233 959; x_wconf 85' lang='lat' dir='ltr'>Pater</span> <span class='ocrx_word' id='word_1_108' title='bbox 1249 947 1262 968; x_wconf 95' lang='lat'>,</span> <span class='ocrx_word' id='word_1_109' title='bbox 1286 927 1456 972; x_wconf 86' lang='lat' dir='ltr'>semper</span> 
     </span>
     <span class='ocr_line' id='line_1_12' title="bbox 62 981 1453 1043; baseline 0.001 -18"><span class='ocrx_word' id='word_1_110' title='bbox 62 981 149 1027; x_wconf 84' lang='lat' dir='ltr'>fuit</span> <span class='ocrx_word' id='word_1_111' title='bbox 170 991 214 1026; x_wconf 90' lang='lat' dir='ltr'>et</span> <span class='ocrx_word' id='word_1_112' title='bbox 235 983 385 1032; x_wconf 88' lang='lat' dir='ltr'>Filius.</span> <span class='ocrx_word' id='word_1_113' title='bbox 422 987 479 1035; x_wconf 89' lang='lat' dir='ltr'>Et</span> <span class='ocrx_word' id='word_1_114' title='bbox 511 985 546 1028; x_wconf 90' lang='lat' dir='ltr'>si</span> <span class='ocrx_word' id='word_1_115' title='bbox 574 987 689 1030; x_wconf 86' lang='lat' dir='ltr'>Deus</span> <span class='ocrx_word' id='word_1_116' title='bbox 715 994 779 1029; x_wconf 87' lang='lat' dir='ltr'>est</span> <span class='ocrx_word' id='word_1_117' title='bbox 816 988 967 1039; x_wconf 83' lang='lat' dir='ltr'>Pater,</span> <span class='ocrx_word' id='word_1_118' title='bbox 993 987 1108 1028; x_wconf 90' lang='lat' dir='ltr'>Deus</span> <span class='ocrx_word' id='word_1_119' title='bbox 1130 992 1258 1043; x_wconf 65' lang='lat' dir='ltr'>estet</span> <span class='ocrx_word' id='word_1_120' title='bbox 1284 982 1420 1027; x_wconf 88' lang='lat' dir='ltr'>Filius</span> <span class='ocrx_word' id='word_1_121' title='bbox 1443 1001 1453 1027; x_wconf 89' lang='lat'>:</span> 
     </span>
     <span class='ocr_line' id='line_1_13' title="bbox 63 1051 1458 1114; baseline 0.001 -19"><span class='ocrx_word' id='word_1_122' title='bbox 63 1066 155 1096; x_wconf 89' lang='lat' dir='ltr'>non</span> <span class='ocrx_word' id='word_1_123' title='bbox 169 1053 284 1096; x_wconf 90' lang='lat' dir='ltr'>enim</span> <span class='ocrx_word' id='word_1_124' title='bbox 302 1052 421 1096; x_wconf 87' lang='lat' dir='ltr'>aliud</span> <span class='ocrx_word' id='word_1_125' title='bbox 440 1054 582 1112; x_wconf 89' lang='lat' dir='ltr'>potuit</span> <span class='ocrx_word' id='word_1_126' title='bbox 598 1054 834 1112; x_wconf 84' lang='lat' dir='ltr'>procedere</span> <span class='ocrx_word' id='word_1_127' title='bbox 850 1053 905 1098; x_wconf 90' lang='lat' dir='ltr'>de</span> <span class='ocrx_word' id='word_1_128' title='bbox 920 1057 1011 1098; x_wconf 84' lang='lat' dir='ltr'>Deo</span> <span class='ocrx_word' id='word_1_129' title='bbox 1026 1069 1157 1114; x_wconf 90' lang='lat' dir='ltr'>quam</span> <span class='ocrx_word' id='word_1_130' title='bbox 1172 1056 1303 1097; x_wconf 85' lang='lat' dir='ltr'>Deus.</span> <span class='ocrx_word' id='word_1_131' title='bbox 1326 1051 1458 1106; x_wconf 82' lang='lat' dir='ltr'>Quod</span> 
     </span>
     <span class='ocr_line' id='line_1_14' title="bbox 62 1121 1458 1183; baseline 0.002 -18"><span class='ocrx_word' id='word_1_132' title='bbox 62 1121 98 1165; x_wconf 90' lang='lat' dir='ltr'>si</span> <span class='ocrx_word' id='word_1_133' title='bbox 120 1125 233 1166; x_wconf 86' lang='lat' dir='ltr'>Deus</span> <span class='ocrx_word' id='word_1_134' title='bbox 255 1132 318 1166; x_wconf 86' lang='lat' dir='ltr'>est</span> <span class='ocrx_word' id='word_1_135' title='bbox 339 1126 465 1166; x_wconf 90' lang='lat' dir='ltr'>Pater</span> <span class='ocrx_word' id='word_1_136' title='bbox 481 1158 493 1177; x_wconf 92' lang='lat'>,</span> <span class='ocrx_word' id='word_1_137' title='bbox 518 1127 632 1168; x_wconf 87' lang='lat' dir='ltr'>Deus</span> <span class='ocrx_word' id='word_1_138' title='bbox 649 1133 712 1168; x_wconf 89' lang='lat' dir='ltr'>est</span> <span class='ocrx_word' id='word_1_139' title='bbox 729 1134 772 1168; x_wconf 91' lang='lat' dir='ltr'>et</span> <span class='ocrx_word' id='word_1_140' title='bbox 788 1124 943 1182; x_wconf 69' lang='lat' dir='ltr'>Filius,</span> <span class='ocrx_word' id='word_1_141' title='bbox 968 1133 1012 1168; x_wconf 93' lang='lat' dir='ltr'>et</span> <span class='ocrx_word' id='word_1_142' title='bbox 1032 1125 1066 1168; x_wconf 91' lang='lat' dir='ltr'>si</span> <span class='ocrx_word' id='word_1_143' title='bbox 1083 1125 1372 1183; x_wconf 86' lang='lat' dir='ltr'>sempiternus</span> <span class='ocrx_word' id='word_1_144' title='bbox 1392 1131 1458 1168; x_wconf 86' lang='lat' dir='ltr'>est</span> 
     </span>
     <span class='ocr_line' id='line_1_15' title="bbox 62 1191 1456 1252; baseline -0.001 -14"><span class='ocrx_word' id='word_1_145' title='bbox 62 1193 186 1238; x_wconf 81' lang='lat' dir='ltr'>Pater</span> <span class='ocrx_word' id='word_1_146' title='bbox 202 1226 213 1246; x_wconf 91' lang='lat'>,</span> <span class='ocrx_word' id='word_1_147' title='bbox 237 1191 525 1250; x_wconf 88' lang='lat' dir='ltr'>sempiternus</span> <span class='ocrx_word' id='word_1_148' title='bbox 551 1201 613 1237; x_wconf 89' lang='lat' dir='ltr'>est</span> <span class='ocrx_word' id='word_1_149' title='bbox 635 1192 770 1237; x_wconf 91' lang='lat' dir='ltr'>Filius</span> <span class='ocrx_word' id='word_1_150' title='bbox 790 1212 799 1237; x_wconf 75' lang='grc' dir='ltr'>ε</span> <span class='ocrx_word' id='word_1_151' title='bbox 820 1208 953 1252; x_wconf 88' lang='lat' dir='ltr'>quem</span> <span class='ocrx_word' id='word_1_152' title='bbox 974 1209 1064 1238; x_wconf 90' lang='lat' dir='ltr'>non</span> <span class='ocrx_word' id='word_1_153' title='bbox 1084 1195 1306 1251; x_wconf 75' lang='lat' dir='ltr'>praecessit</span> <span class='ocrx_word' id='word_1_154' title='bbox 1325 1202 1456 1238; x_wconf 87' lang='lat' dir='ltr'>aetate</span> 
     </span>
     <span class='ocr_line' id='line_1_16' title="bbox 62 1259 1456 1321; baseline 0.001 -17"><span class='ocrx_word' id='word_1_155' title='bbox 62 1274 143 1310; x_wconf 85' lang='lat' dir='ltr'>nec</span> <span class='ocrx_word' id='word_1_156' title='bbox 175 1259 415 1319; x_wconf 81' lang='lat' dir='ltr'>dignitate,</span> <span class='ocrx_word' id='word_1_157' title='bbox 445 1276 537 1305; x_wconf 91' lang='lat' dir='ltr'>non</span> <span class='ocrx_word' id='word_1_158' title='bbox 564 1277 666 1313; x_wconf 88' lang='lat' dir='ltr'>eum</span> <span class='ocrx_word' id='word_1_159' title='bbox 694 1262 854 1307; x_wconf 87' lang='lat' dir='ltr'>minuit</span> <span class='ocrx_word' id='word_1_160' title='bbox 890 1262 1157 1321; x_wconf 84' lang='lat' dir='ltr'>aequalitate.</span> <span class='ocrx_word' id='word_1_161' title='bbox 1193 1262 1456 1320; x_wconf 89' lang='lat' dir='ltr'>Apostolum</span> 
     </span>
     <span class='ocr_line' id='line_1_17' title="bbox 62 1328 1452 1389; baseline 0.002 -16"><span class='ocrx_word' id='word_1_162' title='bbox 62 1328 164 1375; x_wconf 84' lang='lat' dir='ltr'>audi</span> <span class='ocrx_word' id='word_1_163' title='bbox 185 1329 292 1389; x_wconf 87' lang='lat' dir='ltr'>quid</span> <span class='ocrx_word' id='word_1_164' title='bbox 315 1329 369 1374; x_wconf 90' lang='lat' dir='ltr'>de</span> <span class='ocrx_word' id='word_1_165' title='bbox 392 1333 482 1374; x_wconf 91' lang='lat' dir='ltr'>Deo</span> <span class='ocrx_word' id='word_1_166' title='bbox 505 1330 618 1375; x_wconf 88' lang='lat' dir='ltr'>Filio</span> <span class='ocrx_word' id='word_1_167' title='bbox 639 1331 755 1374; x_wconf 87' lang='lat' dir='ltr'>dicat</span> <span class='ocrx_word' id='word_1_168' title='bbox 777 1350 786 1374; x_wconf 87' lang='lat'>:</span> <span class='ocrx_word' id='word_1_169' title='bbox 811 1349 832 1372; x_wconf 64' lang='grc' dir='ltr'>ι(</span> <span class='ocrx_word' id='word_1_170' title='bbox 851 1333 964 1382; x_wconf 84' lang='lat' dir='ltr'>Cum</span> <span class='ocrx_word' id='word_1_171' title='bbox 985 1331 1032 1374; x_wconf 89' lang='lat' dir='ltr'>in</span> <span class='ocrx_word' id='word_1_172' title='bbox 1051 1330 1192 1375; x_wconf 87' lang='lat' dir='ltr'>forma</span> <span class='ocrx_word' id='word_1_173' title='bbox 1214 1332 1292 1375; x_wconf 90' lang='lat' dir='ltr'>Dei</span> <span class='ocrx_word' id='word_1_174' title='bbox 1315 1340 1425 1376; x_wconf 89' lang='lat' dir='ltr'>essct</span> <span class='ocrx_word' id='word_1_175' title='bbox 1439 1365 1452 1387; x_wconf 90' lang='lat'>‚</span> 
     </span>
     <span class='ocr_line' id='line_1_18' title="bbox 60 1398 1449 1459; baseline 0.002 -19"><span class='ocrx_word' id='word_1_176' title='bbox 60 1416 81 1440; x_wconf 88' lang='lat'>»</span> <span class='ocrx_word' id='word_1_177' title='bbox 99 1398 258 1459; x_wconf 86' lang='lat' dir='ltr'>inquit,</span> <span class='ocrx_word' id='word_1_178' title='bbox 279 1415 369 1444; x_wconf 90' lang='lat' dir='ltr'>non</span> <span class='ocrx_word' id='word_1_179' title='bbox 382 1400 578 1458; x_wconf 85' lang='lat' dir='ltr'>rapinam</span> <span class='ocrx_word' id='word_1_180' title='bbox 602 1400 838 1457; x_wconf 86' lang='lat' dir='ltr'>arbitratus</span> <span class='ocrx_word' id='word_1_181' title='bbox 864 1409 928 1443; x_wconf 88' lang='lat' dir='ltr'>est</span> <span class='ocrx_word' id='word_1_182' title='bbox 950 1415 1040 1443; x_wconf 90' lang='lat' dir='ltr'>esse</span> <span class='ocrx_word' id='word_1_183' title='bbox 1059 1400 1240 1459; x_wconf 84' lang='lat' dir='ltr'>aequalis</span> <span class='ocrx_word' id='word_1_184' title='bbox 1260 1404 1350 1446; x_wconf 92' lang='lat' dir='ltr'>Deo</span> <span class='ocrx_word' id='word_1_185' title='bbox 1365 1403 1396 1445; x_wconf 84' lang='lat'>¹.</span> <span class='ocrx_word' id='word_1_186' title='bbox 1427 1419 1449 1443; x_wconf 87' lang='lat'>»</span> 
     </span>
     <span class='ocr_line' id='line_1_19' title="bbox 59 1469 1457 1529; baseline 0.003 -18"><span class='ocrx_word' id='word_1_187' title='bbox 59 1470 157 1516; x_wconf 90' lang='lat' dir='ltr'>Non</span> <span class='ocrx_word' id='word_1_188' title='bbox 194 1469 367 1527; x_wconf 80' lang='lat' dir='ltr'>rapuit,</span> <span class='ocrx_word' id='word_1_189' title='bbox 407 1469 510 1527; x_wconf 86' lang='lat' dir='ltr'>quia</span> <span class='ocrx_word' id='word_1_190' title='bbox 543 1469 798 1514; x_wconf 82' lang='lat' dir='ltr'>naturaliter</span> <span class='ocrx_word' id='word_1_191' title='bbox 820 1469 992 1513; x_wconf 86' lang='lat' dir='ltr'>habuit.</span> <span class='ocrx_word' id='word_1_192' title='bbox 1018 1470 1348 1529; x_wconf 90' lang='lat' dir='ltr'>Omnipotentia</span> <span class='ocrx_word' id='word_1_193' title='bbox 1373 1471 1457 1515; x_wconf 88' lang='lat' dir='ltr'>ita-</span> 
     </span>
     <span class='ocr_line' id='line_1_20' title="bbox 60 1538 1454 1599; baseline 0.001 -17"><span class='ocrx_word' id='word_1_194' title='bbox 60 1553 148 1597; x_wconf 86' lang='lat' dir='ltr'>que</span> <span class='ocrx_word' id='word_1_195' title='bbox 166 1539 303 1583; x_wconf 83' lang='lat' dir='ltr'>Patris</span> <span class='ocrx_word' id='word_1_196' title='bbox 325 1539 371 1582; x_wconf 90' lang='lat' dir='ltr'>in</span> <span class='ocrx_word' id='word_1_197' title='bbox 389 1538 523 1593; x_wconf 87' lang='lat' dir='ltr'>Filio,</span> <span class='ocrx_word' id='word_1_198' title='bbox 549 1538 865 1597; x_wconf 87' lang='lat' dir='ltr'>omnipotentia</span> <span class='ocrx_word' id='word_1_199' title='bbox 887 1538 987 1582; x_wconf 80' lang='lat' dir='ltr'>Filii</span> <span class='ocrx_word' id='word_1_200' title='bbox 1008 1539 1054 1582; x_wconf 91' lang='lat' dir='ltr'>in</span> <span class='ocrx_word' id='word_1_201' title='bbox 1076 1542 1203 1589; x_wconf 83' lang='lat' dir='ltr'>Patre</span> <span class='ocrx_word' id='word_1_202' title='bbox 1225 1558 1233 1583; x_wconf 92' lang='lat'>:</span> <span class='ocrx_word' id='word_1_203' title='bbox 1259 1541 1361 1599; x_wconf 88' lang='lat' dir='ltr'>quia</span> <span class='ocrx_word' id='word_1_204' title='bbox 1383 1555 1454 1584; x_wconf 91' lang='lat' dir='ltr'>ne·</span> 
     </span>
     <span class='ocr_line' id='line_1_21' title="bbox 61 1608 1454 1668; baseline 0.002 -17"><span class='ocrx_word' id='word_1_205' title='bbox 61 1623 146 1667; x_wconf 89' lang='lat' dir='ltr'>que</span> <span class='ocrx_word' id='word_1_206' title='bbox 175 1608 411 1668; x_wconf 82' lang='lat' dir='ltr'>aliquando</span> <span class='ocrx_word' id='word_1_207' title='bbox 435 1612 561 1657; x_wconf 88' lang='lat' dir='ltr'>Pater</span> <span class='ocrx_word' id='word_1_208' title='bbox 592 1609 683 1652; x_wconf 90' lang='lat' dir='ltr'>sine</span> <span class='ocrx_word' id='word_1_209' title='bbox 711 1608 824 1652; x_wconf 80' lang='lat' dir='ltr'>Filio</span> <span class='ocrx_word' id='word_1_210' title='bbox 841 1643 852 1662; x_wconf 85' lang='lat'>‚</span> <span class='ocrx_word' id='word_1_211' title='bbox 884 1624 1028 1668; x_wconf 87' lang='lat' dir='ltr'>neque</span> <span class='ocrx_word' id='word_1_212' title='bbox 1057 1609 1296 1668; x_wconf 84' lang='lat' dir='ltr'>aliquando</span> <span class='ocrx_word' id='word_1_213' title='bbox 1318 1610 1454 1654; x_wconf 88' lang='lat' dir='ltr'>Filius</span> 
     </span>
     <span class='ocr_line' id='line_1_22' title="bbox 62 1678 1454 1739; baseline 0.002 -17"><span class='ocrx_word' id='word_1_214' title='bbox 62 1678 152 1723; x_wconf 85' lang='lat' dir='ltr'>sine</span> <span class='ocrx_word' id='word_1_215' title='bbox 170 1682 310 1724; x_wconf 85' lang='lat' dir='ltr'>Patre.</span> <span class='ocrx_word' id='word_1_216' title='bbox 333 1679 532 1723; x_wconf 89' lang='lat' dir='ltr'>Divinam</span> <span class='ocrx_word' id='word_1_217' title='bbox 549 1678 669 1723; x_wconf 86' lang='lat' dir='ltr'>illam</span> <span class='ocrx_word' id='word_1_218' title='bbox 690 1679 961 1723; x_wconf 84' lang='lat' dir='ltr'>nativitatem</span> <span class='ocrx_word' id='word_1_219' title='bbox 985 1694 1070 1739; x_wconf 87' lang='lat' dir='ltr'>qua</span> <span class='ocrx_word' id='word_1_220' title='bbox 1088 1680 1224 1724; x_wconf 87' lang='lat' dir='ltr'>Filius</span> <span class='ocrx_word' id='word_1_221' title='bbox 1247 1681 1454 1739; x_wconf 88' lang='lat' dir='ltr'>processit</span> 
     </span>
     <span class='ocr_line' id='line_1_23' title="bbox 61 1748 1453 1808; baseline 0.003 -17"><span class='ocrx_word' id='word_1_222' title='bbox 61 1763 112 1795; x_wconf 76' lang='lat' dir='ltr'>ex</span> <span class='ocrx_word' id='word_1_223' title='bbox 127 1751 253 1795; x_wconf 84' lang='lat' dir='ltr'>Patre</span> <span class='ocrx_word' id='word_1_224' title='bbox 263 1783 274 1803; x_wconf 95' lang='lat'>,</span> <span class='ocrx_word' id='word_1_225' title='bbox 298 1764 385 1808; x_wconf 88' lang='lat' dir='ltr'>qua</span> <span class='ocrx_word' id='word_1_226' title='bbox 397 1758 524 1793; x_wconf 88' lang='lat' dir='ltr'>natus</span> <span class='ocrx_word' id='word_1_227' title='bbox 536 1758 600 1793; x_wconf 91' lang='lat' dir='ltr'>est</span> <span class='ocrx_word' id='word_1_228' title='bbox 612 1752 726 1792; x_wconf 90' lang='lat' dir='ltr'>Deus</span> <span class='ocrx_word' id='word_1_229' title='bbox 740 1748 794 1793; x_wconf 91' lang='lat' dir='ltr'>de</span> <span class='ocrx_word' id='word_1_230' title='bbox 808 1752 898 1793; x_wconf 91' lang='lat' dir='ltr'>Deo</span> <span class='ocrx_word' id='word_1_231' title='bbox 911 1783 922 1803; x_wconf 88' lang='lat'>,</span> <span class='ocrx_word' id='word_1_232' title='bbox 950 1749 1042 1793; x_wconf 90' lang='lat' dir='ltr'>sine</span> <span class='ocrx_word' id='word_1_233' title='bbox 1052 1749 1178 1794; x_wconf 90' lang='lat' dir='ltr'>initio</span> <span class='ocrx_word' id='word_1_234' title='bbox 1188 1784 1199 1804; x_wconf 94' lang='lat'>,</span> <span class='ocrx_word' id='word_1_235' title='bbox 1227 1751 1318 1794; x_wconf 90' lang='lat' dir='ltr'>sine</span> <span class='ocrx_word' id='word_1_236' title='bbox 1335 1760 1453 1795; x_wconf 89' lang='lat' dir='ltr'>tem-</span> 
     </span>
     <span class='ocr_line' id='line_1_24' title="bbox 61 1818 1453 1878; baseline 0.001 -15"><span class='ocrx_word' id='word_1_237' title='bbox 61 1833 181 1877; x_wconf 80' lang='lat' dir='ltr'>pore,</span> <span class='ocrx_word' id='word_1_238' title='bbox 201 1819 293 1863; x_wconf 86' lang='lat' dir='ltr'>sine</span> <span class='ocrx_word' id='word_1_239' title='bbox 306 1828 460 1874; x_wconf 90' lang='lat' dir='ltr'>matre,</span> <span class='ocrx_word' id='word_1_240' title='bbox 481 1819 572 1863; x_wconf 89' lang='lat' dir='ltr'>sine</span> <span class='ocrx_word' id='word_1_241' title='bbox 587 1818 732 1878; x_wconf 84' lang='lat' dir='ltr'>aliqua</span> <span class='ocrx_word' id='word_1_242' title='bbox 748 1818 996 1877; x_wconf 83' lang='lat' dir='ltr'>fragilitate,</span> <span class='ocrx_word' id='word_1_243' title='bbox 1018 1820 1108 1864; x_wconf 88' lang='lat' dir='ltr'>sine</span> <span class='ocrx_word' id='word_1_244' title='bbox 1125 1820 1216 1864; x_wconf 85' lang='lat' dir='ltr'>ulla</span> <span class='ocrx_word' id='word_1_245' title='bbox 1237 1821 1302 1865; x_wconf 88' lang='lat' dir='ltr'>sui</span> <span class='ocrx_word' id='word_1_246' title='bbox 1325 1820 1453 1865; x_wconf 86' lang='lat' dir='ltr'>dimi-</span> 
     </span>
     <span class='ocr_line' id='line_1_25' title="bbox 61 1888 1448 1951; baseline 0.002 -18"><span class='ocrx_word' id='word_1_247' title='bbox 61 1889 259 1942; x_wconf 88' lang='lat' dir='ltr'>nutione,</span> <span class='ocrx_word' id='word_1_248' title='bbox 271 1904 361 1933; x_wconf 92' lang='lat' dir='ltr'>non</span> <span class='ocrx_word' id='word_1_249' title='bbox 370 1904 597 1948; x_wconf 86' lang='lat' dir='ltr'>possumus</span> <span class='ocrx_word' id='word_1_250' title='bbox 609 1888 821 1948; x_wconf 83' lang='lat' dir='ltr'>explicare</span> <span class='ocrx_word' id='word_1_251' title='bbox 837 1908 846 1934; x_wconf 87' lang='lat'>:</span> <span class='ocrx_word' id='word_1_252' title='bbox 867 1890 1175 1935; x_wconf 85' lang='lat' dir='ltr'>«Nativitatem</span> <span class='ocrx_word' id='word_1_253' title='bbox 1185 1899 1329 1935; x_wconf 89' lang='lat' dir='ltr'>autem</span> <span class='ocrx_word' id='word_1_254' title='bbox 1340 1892 1376 1951; x_wconf 88' lang='lat' dir='ltr'>ej</span> <span class='ocrx_word' id='word_1_255' title='bbox 1382 1907 1448 1947; x_wconf 91' lang='lat' dir='ltr'>us,</span> 
     </span>
     <span class='ocr_line' id='line_1_26' title="bbox 64 1959 1453 2022; baseline 0.005 -23"><span class='ocrx_word' id='word_1_256' title='bbox 64 1977 86 2000; x_wconf 88' lang='lat'>»</span> <span class='ocrx_word' id='word_1_257' title='bbox 105 1959 164 2003; x_wconf 90' lang='lat' dir='ltr'>ait</span> <span class='ocrx_word' id='word_1_258' title='bbox 182 1959 423 2018; x_wconf 78' lang='lat' dir='ltr'>Propheta,</span> <span class='ocrx_word' id='word_1_259' title='bbox 449 1960 545 2020; x_wconf 88' lang='lat' dir='ltr'>quis</span> <span class='ocrx_word' id='word_1_260' title='bbox 564 1960 781 2005; x_wconf 88' lang='lat' dir='ltr'>enarrabit</span> <span class='ocrx_word' id='word_1_261' title='bbox 795 1961 811 1984; x_wconf 78' lang='lat'>²</span> <span class='ocrx_word' id='word_1_262' title='bbox 829 1962 845 2002; x_wconf 73' lang='lat' dir='ltr'>&#39;l</span> <span class='ocrx_word' id='word_1_263' title='bbox 862 1978 880 2002; x_wconf 89' lang='lat'>»</span> <span class='ocrx_word' id='word_1_264' title='bbox 899 1963 956 2005; x_wconf 89' lang='lat' dir='ltr'>Et</span> <span class='ocrx_word' id='word_1_265' title='bbox 974 1976 1121 2007; x_wconf 89' lang='lat' dir='ltr'>revera</span> <span class='ocrx_word' id='word_1_266' title='bbox 1135 1962 1232 2022; x_wconf 90' lang='lat' dir='ltr'>quis</span> <span class='ocrx_word' id='word_1_267' title='bbox 1249 1977 1453 2022; x_wconf 90' lang='lat' dir='ltr'>compre-</span> 
     </span>
     <span class='ocr_line' id='line_1_27' title="bbox 62 2029 1453 2092; baseline 0.002 -18"><span class='ocrx_word' id='word_1_268' title='bbox 62 2029 257 2074; x_wconf 88' lang='lat' dir='ltr'>hendere</span> <span class='ocrx_word' id='word_1_269' title='bbox 271 2031 343 2075; x_wconf 90' lang='lat' dir='ltr'>vel</span> <span class='ocrx_word' id='word_1_270' title='bbox 359 2031 502 2076; x_wconf 87' lang='lat' dir='ltr'>dicere</span> <span class='ocrx_word' id='word_1_271' title='bbox 522 2040 666 2090; x_wconf 90' lang='lat' dir='ltr'>potest</span> <span class='ocrx_word' id='word_1_272' title='bbox 686 2031 909 2092; x_wconf 88' lang='lat' dir='ltr'>quomodo</span> <span class='ocrx_word' id='word_1_273' title='bbox 930 2040 1056 2082; x_wconf 86' lang='lat' dir='ltr'>natus</span> <span class='ocrx_word' id='word_1_274' title='bbox 1080 2033 1134 2076; x_wconf 91' lang='lat' dir='ltr'>sit</span> <span class='ocrx_word' id='word_1_275' title='bbox 1149 2067 1160 2087; x_wconf 94' lang='lat'>,</span> <span class='ocrx_word' id='word_1_276' title='bbox 1186 2033 1262 2091; x_wconf 87' lang='lat' dir='ltr'>qui</span> <span class='ocrx_word' id='word_1_277' title='bbox 1282 2047 1453 2091; x_wconf 86' lang='lat' dir='ltr'>semper</span> 
     </span>
     <span class='ocr_line' id='line_1_28' title="bbox 64 2100 1448 2161; baseline 0.001 -18"><span class='ocrx_word' id='word_1_278' title='bbox 64 2100 190 2144; x_wconf 85' lang='lat' dir='ltr'>estin</span> <span class='ocrx_word' id='word_1_279' title='bbox 208 2104 356 2156; x_wconf 78' lang='lat' dir='ltr'>Patre,</span> <span class='ocrx_word' id='word_1_280' title='bbox 381 2111 425 2146; x_wconf 90' lang='lat' dir='ltr'>et</span> <span class='ocrx_word' id='word_1_281' title='bbox 440 2117 668 2161; x_wconf 88' lang='lat' dir='ltr'>nunquam</span> <span class='ocrx_word' id='word_1_282' title='bbox 684 2100 848 2147; x_wconf 87' lang='lat' dir='ltr'>recedit</span> <span class='ocrx_word' id='word_1_283' title='bbox 865 2118 889 2147; x_wconf 89' lang='lat' dir='ltr'>a</span> <span class='ocrx_word' id='word_1_284' title='bbox 906 2103 1060 2148; x_wconf 81' lang='lat' dir='ltr'>Patre?</span> <span class='ocrx_word' id='word_1_285' title='bbox 1082 2102 1221 2161; x_wconf 86' lang='lat' dir='ltr'>Digne</span> <span class='ocrx_word' id='word_1_286' title='bbox 1236 2137 1247 2158; x_wconf 91' lang='lat'>,</span> <span class='ocrx_word' id='word_1_287' title='bbox 1272 2112 1323 2147; x_wconf 92' lang='lat' dir='ltr'>ut</span> <span class='ocrx_word' id='word_1_288' title='bbox 1341 2102 1448 2157; x_wconf 80' lang='lat' dir='ltr'>dixi,</span> 
     </span>
     <span class='ocr_line' id='line_1_29' title="bbox 64 2166 1452 2230; baseline 0.001 -17"><span class='ocrx_word' id='word_1_289' title='bbox 64 2184 155 2214; x_wconf 90' lang='lat' dir='ltr'>non</span> <span class='ocrx_word' id='word_1_290' title='bbox 176 2185 404 2229; x_wconf 89' lang='lat' dir='ltr'>possumus</span> <span class='ocrx_word' id='word_1_291' title='bbox 427 2186 625 2216; x_wconf 89' lang='lat' dir='ltr'>enarrare</span> <span class='ocrx_word' id='word_1_292' title='bbox 652 2190 662 2216; x_wconf 72' lang='grc' dir='ltr'><strong>ι</strong></span> <span class='ocrx_word' id='word_1_293' title='bbox 686 2172 763 2216; x_wconf 88' lang='lat' dir='ltr'>sed</span> <span class='ocrx_word' id='word_1_294' title='bbox 789 2166 998 2219; x_wconf 88' lang='lat' dir='ltr'>debemus</span> <span class='ocrx_word' id='word_1_295' title='bbox 1026 2173 1158 2217; x_wconf 89' lang='lat' dir='ltr'>corda</span> <span class='ocrx_word' id='word_1_296' title='bbox 1191 2181 1337 2217; x_wconf 89' lang='lat' dir='ltr'>nostra</span> <span class='ocrx_word' id='word_1_297' title='bbox 1369 2170 1452 2230; x_wconf 90' lang='lat' dir='ltr'>ipsi</span> 
     </span>
     <span class='ocr_line' id='line_1_30' title="bbox 65 2240 1444 2303; baseline 0.001 -19"><span class='ocrx_word' id='word_1_298' title='bbox 65 2240 177 2285; x_wconf 86' lang='lat' dir='ltr'>Filio</span> <span class='ocrx_word' id='word_1_299' title='bbox 214 2256 456 2300; x_wconf 85' lang='lat' dir='ltr'>praeparare</span> <span class='ocrx_word' id='word_1_300' title='bbox 481 2262 491 2298; x_wconf 80' lang='lat'>3</span> <span class='ocrx_word' id='word_1_301' title='bbox 528 2250 578 2286; x_wconf 93' lang='lat' dir='ltr'>ut</span> <span class='ocrx_word' id='word_1_302' title='bbox 617 2241 907 2288; x_wconf 87' lang='lat' dir='ltr'>illuminando</span> <span class='ocrx_word' id='word_1_303' title='bbox 940 2253 984 2287; x_wconf 91' lang='lat' dir='ltr'>et</span> <span class='ocrx_word' id='word_1_304' title='bbox 1016 2258 1094 2303; x_wconf 87' lang='lat' dir='ltr'>per</span> <span class='ocrx_word' id='word_1_305' title='bbox 1125 2242 1259 2290; x_wconf 91' lang='lat' dir='ltr'>fidem</span> <span class='ocrx_word' id='word_1_306' title='bbox 1292 2241 1444 2300; x_wconf 86' lang='lat' dir='ltr'>guber—</span> 
     </span>
     <span class='ocr_line' id='line_1_31' title="bbox 64 2309 1451 2371; baseline 0.001 -16"><span class='ocrx_word' id='word_1_307' title='bbox 64 2309 212 2357; x_wconf 87' lang='lat' dir='ltr'>nando</span> <span class='ocrx_word' id='word_1_308' title='bbox 236 2311 449 2370; x_wconf 84' lang='lat' dir='ltr'>perducat</span> <span class='ocrx_word' id='word_1_309' title='bbox 477 2327 555 2357; x_wconf 87' lang='lat' dir='ltr'>nos</span> <span class='ocrx_word' id='word_1_310' title='bbox 584 2313 640 2356; x_wconf 87' lang='lat' dir='ltr'>ad</span> <span class='ocrx_word' id='word_1_311' title='bbox 667 2312 855 2371; x_wconf 89' lang='lat' dir='ltr'>speciem</span> <span class='ocrx_word' id='word_1_312' title='bbox 882 2313 1070 2361; x_wconf 86' lang='lat' dir='ltr'>veritatis</span> <span class='ocrx_word' id='word_1_313' title='bbox 1091 2329 1180 2358; x_wconf 85' lang='lat' dir='ltr'>suae</span> <span class='ocrx_word' id='word_1_314' title='bbox 1196 2349 1208 2368; x_wconf 90' lang='lat'>,</span> <span class='ocrx_word' id='word_1_315' title='bbox 1232 2329 1288 2358; x_wconf 89' lang='lat' dir='ltr'>ne</span> <span class='ocrx_word' id='word_1_316' title='bbox 1310 2327 1451 2357; x_wconf 89' lang='lat' dir='ltr'>rema-</span> 
     </span>
     <span class='ocr_line' id='line_1_32' title="bbox 65 2381 1450 2438; baseline 0.001 -13"><span class='ocrx_word' id='word_1_317' title='bbox 65 2396 246 2426; x_wconf 86' lang='lat' dir='ltr'>neamus</span> <span class='ocrx_word' id='word_1_318' title='bbox 281 2383 329 2425; x_wconf 91' lang='lat' dir='ltr'>in</span> <span class='ocrx_word' id='word_1_319' title='bbox 362 2382 553 2426; x_wconf 86' lang='lat' dir='ltr'>tenebris</span> <span class='ocrx_word' id='word_1_320' title='bbox 588 2382 855 2427; x_wconf 88' lang='lat' dir='ltr'>infidelitatis</span> <span class='ocrx_word' id='word_1_321' title='bbox 891 2392 1048 2427; x_wconf 82' lang='lat' dir='ltr'>nostrae</span> <span class='ocrx_word' id='word_1_322' title='bbox 1063 2418 1074 2438; x_wconf 91' lang='lat'>,</span> <span class='ocrx_word' id='word_1_323' title='bbox 1107 2400 1162 2430; x_wconf 83' lang='lat' dir='ltr'>ne</span> <span class='ocrx_word' id='word_1_324' title='bbox 1185 2382 1305 2435; x_wconf 74' lang='lat' dir='ltr'>alind</span> <span class='ocrx_word' id='word_1_325' title='bbox 1332 2381 1450 2430; x_wconf 81' lang='lat' dir='ltr'>aesti-</span> 
     </span>
     <span class='ocr_line' id='line_1_33' title="bbox 24 2451 1450 2513; baseline 0.001 -17"><span class='ocrx_word' id='word_1_326' title='bbox 24 2488 27 2489; x_wconf 12' lang='grc' dir='ltr'><em>γ</em></span> <span class='ocrx_word' id='word_1_327' title='bbox 65 2451 227 2503; x_wconf 83' lang='lat' dir='ltr'>mando</span> <span class='ocrx_word' id='word_1_328' title='bbox 260 2451 316 2496; x_wconf 88' lang='lat' dir='ltr'>de</span> <span class='ocrx_word' id='word_1_329' title='bbox 348 2452 460 2497; x_wconf 89' lang='lat' dir='ltr'>Filio</span> <span class='ocrx_word' id='word_1_330' title='bbox 492 2467 624 2512; x_wconf 88' lang='lat' dir='ltr'>quam</span> <span class='ocrx_word' id='word_1_331' title='bbox 657 2452 778 2512; x_wconf 85' lang='lat' dir='ltr'>quod</span> <span class='ocrx_word' id='word_1_332' title='bbox 801 2461 864 2498; x_wconf 90' lang='lat' dir='ltr'>est</span> <span class='ocrx_word' id='word_1_333' title='bbox 895 2456 1049 2509; x_wconf 86' lang='lat' dir='ltr'>Pater,</span> <span class='ocrx_word' id='word_1_334' title='bbox 1088 2454 1181 2513; x_wconf 80' lang='lat' dir='ltr'>ipse</span> <span class='ocrx_word' id='word_1_335' title='bbox 1201 2453 1338 2505; x_wconf 81' lang='lat' dir='ltr'>Filius</span> <span class='ocrx_word' id='word_1_336' title='bbox 1358 2468 1450 2498; x_wconf 86' lang='lat' dir='ltr'>non</span> 
     </span>
     <span class='ocr_line' id='line_1_34' title="bbox 114 2535 714 2579; baseline -0.002 -10"><span class='ocrx_word' id='word_1_337' title='bbox 114 2542 124 2559; x_wconf 81' lang='lat'>¹</span> <span class='ocrx_word' id='word_1_338' title='bbox 150 2536 264 2579; x_wconf 87' lang='lat' dir='ltr'>Philip.</span> <span class='ocrx_word' id='word_1_339' title='bbox 284 2547 320 2578; x_wconf 89' lang='lat' dir='ltr'>n,</span> <span class='ocrx_word' id='word_1_340' title='bbox 343 2535 377 2568; x_wconf 89' lang='grc'>6.</span> <span class='ocrx_word' id='word_1_341' title='bbox 397 2553 439 2560; x_wconf 91' lang='grc'>-</span> <span class='ocrx_word' id='word_1_342' title='bbox 457 2543 471 2560; x_wconf 82' lang='lat'>²</span> <span class='ocrx_word' id='word_1_343' title='bbox 493 2537 568 2570; x_wconf 87' lang='lat' dir='ltr'>Isai.</span> <span class='ocrx_word' id='word_1_344' title='bbox 589 2547 661 2578; x_wconf 82' lang='lat' dir='ltr'>xm,</span> <span class='ocrx_word' id='word_1_345' title='bbox 682 2538 714 2570; x_wconf 87' lang='lat'>8.</span> 
     </span>
    </p>
   </div>
  </div>
 </body>
</html>
