<?xml version="1.0" encoding="UTF-8"?>
<!DOCTYPE html PUBLIC "-//W3C//DTD XHTML 1.0 Transitional//EN"
    "http://www.w3.org/TR/xhtml1/DTD/xhtml1-transitional.dtd">
<html xmlns="http://www.w3.org/1999/xhtml" xml:lang="en" lang="en">
 <head>
  <title>
</title>
<meta http-equiv="Content-Type" content="text/html;charset=utf-8" />
  <meta name='ocr-system' content='tesseract 3.04.00' />
  <meta name='ocr-capabilities' content='ocr_page ocr_carea ocr_par ocr_line ocrx_word'/>
</head>
<body>
  <div class='ocr_page' id='page_1' title='image "./operaomniaaccura27auguuoft/operaomniaaccura27auguuoft_0250.png"; bbox 0 0 1729 3143; ppageno 0'>
   <div class='ocr_carea' id='block_1_1' title="bbox 217 211 1161 249">
    <p class='ocr_par' dir='ltr' id='par_1_1' title="bbox 217 211 1161 249">
     <span class='ocr_line' id='line_1_1' title="bbox 217 211 1161 249; baseline -0.006 0"><span class='ocrx_word' id='word_1_1' title='bbox 217 211 300 249; x_wconf 83' lang='lat'>238</span> <span class='ocrx_word' id='word_1_2' title='bbox 645 217 679 245; x_wconf 91' lang='lat' dir='ltr'>s.</span> <span class='ocrx_word' id='word_1_3' title='bbox 715 214 947 244; x_wconf 72' lang='lat' dir='ltr'>Aueusnm</span> <span class='ocrx_word' id='word_1_4' title='bbox 979 215 1161 244; x_wconf 78' lang='lat' dir='ltr'>EPISCOPI</span> 
     </span>
    </p>
   </div>
   <div class='ocr_carea' id='block_1_2' title="bbox 204 278 1608 1952">
    <p class='ocr_par' dir='ltr' id='par_1_2' title="bbox 211 278 1601 537">
     <span class='ocr_line' id='line_1_2' title="bbox 215 278 1598 341; baseline -0.001 -13"><span class='ocrx_word' id='word_1_5' title='bbox 215 284 334 328; x_wconf 89' lang='lat' dir='ltr'>tione</span> <span class='ocrx_word' id='word_1_6' title='bbox 354 297 405 327; x_wconf 87' lang='lat' dir='ltr'>ex</span> <span class='ocrx_word' id='word_1_7' title='bbox 426 290 548 341; x_wconf 90' lang='lat' dir='ltr'>parte</span> <span class='ocrx_word' id='word_1_8' title='bbox 568 294 670 323; x_wconf 88' lang='lat' dir='ltr'>cum</span> <span class='ocrx_word' id='word_1_9' title='bbox 687 278 770 322; x_wconf 84' lang='lat' dir='ltr'>illis</span> <span class='ocrx_word' id='word_1_10' title='bbox 789 279 898 335; x_wconf 83' lang='lat' dir='ltr'>sint,</span> <span class='ocrx_word' id='word_1_11' title='bbox 923 294 974 322; x_wconf 84' lang='lat' dir='ltr'>ex</span> <span class='ocrx_word' id='word_1_12' title='bbox 987 288 1109 338; x_wconf 83' lang='lat' dir='ltr'>parte</span> <span class='ocrx_word' id='word_1_13' title='bbox 1126 280 1373 325; x_wconf 90' lang='lat' dir='ltr'>nobiscum.</span> <span class='ocrx_word' id='word_1_14' title='bbox 1393 283 1598 336; x_wconf 88' lang='lat' dir='ltr'>Quamvis</span> 
     </span>
     <span class='ocr_line' id='line_1_3' title="bbox 214 349 1601 408; baseline -0.001 -10"><span class='ocrx_word' id='word_1_15' title='bbox 214 370 239 398; x_wconf 87' lang='lat' dir='ltr'>a</span> <span class='ocrx_word' id='word_1_16' title='bbox 265 351 487 397; x_wconf 79' lang='lat' dir='ltr'>nonnullis</span> <span class='ocrx_word' id='word_1_17' title='bbox 509 349 823 408; x_wconf 83' lang='lat' dir='ltr'>perhibeantur</span> <span class='ocrx_word' id='word_1_18' title='bbox 841 384 853 405; x_wconf 85' lang='lat'>‚</span> <span class='ocrx_word' id='word_1_19' title='bbox 884 365 975 393; x_wconf 89' lang='lat' dir='ltr'>non</span> <span class='ocrx_word' id='word_1_20' title='bbox 996 352 1136 394; x_wconf 88' lang='lat' dir='ltr'>Deum</span> <span class='ocrx_word' id='word_1_21' title='bbox 1153 385 1165 407; x_wconf 89' lang='lat'>‚</span> <span class='ocrx_word' id='word_1_22' title='bbox 1190 352 1268 395; x_wconf 90' lang='lat' dir='ltr'>sed</span> <span class='ocrx_word' id='word_1_23' title='bbox 1288 351 1495 396; x_wconf 84' lang='lat' dir='ltr'><strong>deitatem</strong></span> <span class='ocrx_word' id='word_1_24' title='bbox 1517 356 1601 397; x_wconf 88' lang='lat' dir='ltr'>Pa-</span> 
     </span>
     <span class='ocr_line' id='line_1_4' title="bbox 212 419 1600 482; baseline -0.001 -15"><span class='ocrx_word' id='word_1_25' title='bbox 212 425 288 467; x_wconf 87' lang='lat' dir='ltr'>tris</span> <span class='ocrx_word' id='word_1_26' title='bbox 311 432 355 466; x_wconf 88' lang='lat' dir='ltr'>et</span> <span class='ocrx_word' id='word_1_27' title='bbox 374 421 473 465; x_wconf 83' lang='lat' dir='ltr'>Filii</span> <span class='ocrx_word' id='word_1_28' title='bbox 494 419 637 464; x_wconf 86' lang='lat' dir='ltr'>dicere</span> <span class='ocrx_word' id='word_1_29' title='bbox 655 420 862 480; x_wconf 89' lang='lat' dir='ltr'>Spiritum</span> <span class='ocrx_word' id='word_1_30' title='bbox 878 429 1078 465; x_wconf 87' lang='lat' dir='ltr'>sanctum</span> <span class='ocrx_word' id='word_1_31' title='bbox 1091 455 1104 477; x_wconf 85' lang='lat'>‚</span> <span class='ocrx_word' id='word_1_32' title='bbox 1131 430 1175 466; x_wconf 93' lang='lat' dir='ltr'>et</span> <span class='ocrx_word' id='word_1_33' title='bbox 1195 421 1363 466; x_wconf 87' lang='lat' dir='ltr'>nullam</span> <span class='ocrx_word' id='word_1_34' title='bbox 1379 423 1600 482; x_wconf 84' lang='lat' dir='ltr'>propriam</span> 
     </span>
     <span class='ocr_line' id='line_1_5' title="bbox 211 490 698 537; baseline -0.002 0"><span class='ocrx_word' id='word_1_35' title='bbox 211 494 371 537; x_wconf 87' lang='lat' dir='ltr'>habere</span> <span class='ocrx_word' id='word_1_36' title='bbox 394 490 698 536; x_wconf 82' lang='lat' dir='ltr'>substantiam.</span> 
     </span>
    </p>

    <p class='ocr_par' dir='ltr' id='par_1_3' title="bbox 204 562 1608 1446">
     <span class='ocr_line' id='line_1_6' title="bbox 269 562 1602 623; baseline 0.001 -17"><span class='ocrx_word' id='word_1_37' title='bbox 269 565 388 607; x_wconf 93' lang='lat' dir='ltr'><strong>LIII.</strong></span> <span class='ocrx_word' id='word_1_38' title='bbox 418 563 593 607; x_wconf 75' lang='lat' dir='ltr'>Aeriani</span> <span class='ocrx_word' id='word_1_39' title='bbox 615 563 669 607; x_wconf 90' lang='lat' dir='ltr'>ab</span> <span class='ocrx_word' id='word_1_40' title='bbox 697 562 828 608; x_wconf 76' lang='lat' dir='ltr'>Ae&#39;rio</span> <span class='ocrx_word' id='word_1_41' title='bbox 859 562 1053 623; x_wconf 88' lang='lat' dir='ltr'>quodam</span> <span class='ocrx_word' id='word_1_42' title='bbox 1075 572 1205 619; x_wconf 89' lang='lat' dir='ltr'>sunt,</span> <span class='ocrx_word' id='word_1_43' title='bbox 1241 563 1319 623; x_wconf 90' lang='lat' dir='ltr'>qui</span> <span class='ocrx_word' id='word_1_44' title='bbox 1349 577 1452 608; x_wconf 85' lang='lat' dir='ltr'>cum</span> <span class='ocrx_word' id='word_1_45' title='bbox 1491 571 1602 608; x_wconf 91' lang='lat' dir='ltr'>esset</span> 
     </span>
     <span class='ocr_line' id='line_1_7' title="bbox 208 631 1603 692; baseline 0 -17"><span class='ocrx_word' id='word_1_46' title='bbox 208 631 438 691; x_wconf 83' lang='lat' dir='ltr'>presbyter</span> <span class='ocrx_word' id='word_1_47' title='bbox 454 667 465 688; x_wconf 89' lang='lat'><strong><em>‚</em></strong></span> <span class='ocrx_word' id='word_1_48' title='bbox 489 632 678 677; x_wconf 86' lang='lat' dir='ltr'>doluisse</span> <span class='ocrx_word' id='word_1_49' title='bbox 699 632 840 676; x_wconf 84' lang='lat' dir='ltr'>fertur</span> <span class='ocrx_word' id='word_1_50' title='bbox 860 632 981 692; x_wconf 90' lang='lat' dir='ltr'>quod</span> <span class='ocrx_word' id='word_1_51' title='bbox 1002 633 1230 692; x_wconf 89' lang='lat' dir='ltr'>episcopus</span> <span class='ocrx_word' id='word_1_52' title='bbox 1251 648 1342 677; x_wconf 90' lang='lat' dir='ltr'>non</span> <span class='ocrx_word' id='word_1_53' title='bbox 1364 631 1507 691; x_wconf 85' lang='lat' dir='ltr'>potuit</span> <span class='ocrx_word' id='word_1_54' title='bbox 1529 647 1603 676; x_wconf 89' lang='lat' dir='ltr'>or-</span> 
     </span>
     <span class='ocr_line' id='line_1_8' title="bbox 210 702 1603 763; baseline 0 -17"><span class='ocrx_word' id='word_1_55' title='bbox 210 702 378 760; x_wconf 80' lang='lat' dir='ltr'>dinari3</span> <span class='ocrx_word' id='word_1_56' title='bbox 403 711 447 748; x_wconf 86' lang='lat' dir='ltr'>et</span> <span class='ocrx_word' id='word_1_57' title='bbox 466 703 514 747; x_wconf 89' lang='lat' dir='ltr'>in</span> <span class='ocrx_word' id='word_1_58' title='bbox 536 704 796 748; x_wconf 87' lang='lat' dir='ltr'>Arianorum</span> <span class='ocrx_word' id='word_1_59' title='bbox 813 704 1014 748; x_wconf 84' lang='lat' dir='ltr'>haeresim</span> <span class='ocrx_word' id='word_1_60' title='bbox 1030 703 1176 763; x_wconf 87' lang='lat' dir='ltr'>lapsus</span> <span class='ocrx_word' id='word_1_61' title='bbox 1189 738 1200 759; x_wconf 92' lang='lat'>‚</span> <span class='ocrx_word' id='word_1_62' title='bbox 1227 704 1404 763; x_wconf 85' lang='lat' dir='ltr'>propria</span> <span class='ocrx_word' id='word_1_63' title='bbox 1425 717 1603 762; x_wconf 87' lang='lat' dir='ltr'>quoque</span> 
     </span>
     <span class='ocr_line' id='line_1_9' title="bbox 209 773 1605 833; baseline -0.001 -15"><span class='ocrx_word' id='word_1_64' title='bbox 209 773 413 832; x_wconf 86' lang='lat' dir='ltr'>dogmata</span> <span class='ocrx_word' id='word_1_65' title='bbox 429 774 646 820; x_wconf 76' lang='lat' dir='ltr'>addidisse</span> <span class='ocrx_word' id='word_1_66' title='bbox 664 774 902 831; x_wconf 86' lang='lat' dir='ltr'>nonnulla,</span> <span class='ocrx_word' id='word_1_67' title='bbox 923 775 1071 820; x_wconf 86' lang='lat' dir='ltr'>dicens</span> <span class='ocrx_word' id='word_1_68' title='bbox 1099 775 1248 820; x_wconf 83' lang='lat' dir='ltr'>offerri</span> <span class='ocrx_word' id='word_1_69' title='bbox 1280 791 1361 833; x_wconf 92' lang='lat' dir='ltr'>pro</span> <span class='ocrx_word' id='word_1_70' title='bbox 1384 773 1605 818; x_wconf 90' lang='lat' dir='ltr'>dormien-</span> 
     </span>
     <span class='ocr_line' id='line_1_10' title="bbox 210 843 1605 906; baseline -0.001 -18"><span class='ocrx_word' id='word_1_71' title='bbox 210 845 327 890; x_wconf 89' lang='lat' dir='ltr'>tibus</span> <span class='ocrx_word' id='word_1_72' title='bbox 344 861 436 891; x_wconf 91' lang='lat' dir='ltr'>non</span> <span class='ocrx_word' id='word_1_73' title='bbox 451 856 652 906; x_wconf 83' lang='lat' dir='ltr'>oportere</span> <span class='ocrx_word' id='word_1_74' title='bbox 668 865 677 892; x_wconf 74' lang='grc' dir='ltr'>ε</span> <span class='ocrx_word' id='word_1_75' title='bbox 698 862 779 892; x_wconf 90' lang='lat' dir='ltr'>nec</span> <span class='ocrx_word' id='word_1_76' title='bbox 795 856 957 891; x_wconf 88' lang='lat' dir='ltr'>statuta</span> <span class='ocrx_word' id='word_1_77' title='bbox 973 846 1227 891; x_wconf 88' lang='lat' dir='ltr'>solemniter</span> <span class='ocrx_word' id='word_1_78' title='bbox 1238 843 1500 890; x_wconf 83' lang='lat' dir='ltr'>celebranda</span> <span class='ocrx_word' id='word_1_79' title='bbox 1514 857 1605 888; x_wconf 85' lang='lat' dir='ltr'>esse</span> 
     </span>
     <span class='ocr_line' id='line_1_11' title="bbox 204 913 1605 976; baseline -0.001 -18"><span class='ocrx_word' id='word_1_80' title='bbox 204 916 372 974; x_wconf 69' lang='lat' dir='ltr'>Jejunia</span> <span class='ocrx_word' id='word_1_81' title='bbox 385 951 401 971; x_wconf 86' lang='lat'><em>,</em></span> <span class='ocrx_word' id='word_1_82' title='bbox 440 915 518 960; x_wconf 90' lang='lat' dir='ltr'>sed</span> <span class='ocrx_word' id='word_1_83' title='bbox 538 932 641 960; x_wconf 91' lang='lat' dir='ltr'>cum</span> <span class='ocrx_word' id='word_1_84' title='bbox 672 918 860 976; x_wconf 88' lang='lat' dir='ltr'>quisque</span> <span class='ocrx_word' id='word_1_85' title='bbox 891 916 1080 961; x_wconf 89' lang='lat' dir='ltr'>voluerit</span> <span class='ocrx_word' id='word_1_86' title='bbox 1108 914 1399 974; x_wconf 84' lang='lat' dir='ltr'>jejunandum</span> <span class='ocrx_word' id='word_1_87' title='bbox 1416 949 1428 969; x_wconf 86' lang='lat'>‚</span> <span class='ocrx_word' id='word_1_88' title='bbox 1456 929 1512 956; x_wconf 92' lang='lat' dir='ltr'>ne</span> <span class='ocrx_word' id='word_1_89' title='bbox 1538 913 1605 956; x_wconf 89' lang='lat' dir='ltr'>vi-</span> 
     </span>
     <span class='ocr_line' id='line_1_12' title="bbox 208 983 1608 1044; baseline -0.001 -16"><span class='ocrx_word' id='word_1_90' title='bbox 208 983 363 1029; x_wconf 90' lang='lat' dir='ltr'>deatur</span> <span class='ocrx_word' id='word_1_91' title='bbox 384 1001 473 1030; x_wconf 92' lang='lat' dir='ltr'>esse</span> <span class='ocrx_word' id='word_1_92' title='bbox 495 987 578 1030; x_wconf 90' lang='lat' dir='ltr'>sub</span> <span class='ocrx_word' id='word_1_93' title='bbox 599 987 711 1044; x_wconf 85' lang='lat' dir='ltr'>lege.</span> <span class='ocrx_word' id='word_1_94' title='bbox 735 987 918 1030; x_wconf 84' lang='lat' dir='ltr'>Dicebat</span> <span class='ocrx_word' id='word_1_95' title='bbox 938 986 1068 1029; x_wconf 88' lang='lat' dir='ltr'>etiam</span> <span class='ocrx_word' id='word_1_96' title='bbox 1086 985 1392 1044; x_wconf 86' lang='lat' dir='ltr'>presbyterum</span> <span class='ocrx_word' id='word_1_97' title='bbox 1415 983 1471 1027; x_wconf 89' lang='lat' dir='ltr'>ab</span> <span class='ocrx_word' id='word_1_98' title='bbox 1494 984 1608 1041; x_wconf 90' lang='lat' dir='ltr'>epis-</span> 
     </span>
     <span class='ocr_line' id='line_1_13' title="bbox 208 1052 1607 1114; baseline -0.002 -15"><span class='ocrx_word' id='word_1_99' title='bbox 208 1070 318 1114; x_wconf 89' lang='lat' dir='ltr'>copo</span> <span class='ocrx_word' id='word_1_100' title='bbox 335 1055 457 1099; x_wconf 87' lang='lat' dir='ltr'>nulla</span> <span class='ocrx_word' id='word_1_101' title='bbox 476 1056 725 1100; x_wconf 86' lang='lat' dir='ltr'>differentia</span> <span class='ocrx_word' id='word_1_102' title='bbox 747 1056 909 1100; x_wconf 89' lang='lat' dir='ltr'>debere</span> <span class='ocrx_word' id='word_1_103' title='bbox 932 1055 1133 1100; x_wconf 87' lang='lat' dir='ltr'>discerni.</span> <span class='ocrx_word' id='word_1_104' title='bbox 1159 1052 1349 1107; x_wconf 87' lang='lat' dir='ltr'>Quidam</span> <span class='ocrx_word' id='word_1_105' title='bbox 1372 1053 1607 1112; x_wconf 89' lang='lat' dir='ltr'>perhibent</span> 
     </span>
     <span class='ocr_line' id='line_1_14' title="bbox 206 1121 1607 1184; baseline -0.001 -17"><span class='ocrx_word' id='word_1_106' title='bbox 206 1124 310 1167; x_wconf 87' lang='lat' dir='ltr'>istos</span> <span class='ocrx_word' id='word_1_107' title='bbox 325 1159 336 1178; x_wconf 84' lang='lat'><strong>‚</strong></span> <span class='ocrx_word' id='word_1_108' title='bbox 366 1125 479 1168; x_wconf 87' lang='lat' dir='ltr'>sicut</span> <span class='ocrx_word' id='word_1_109' title='bbox 503 1125 749 1167; x_wconf 81' lang='lat' dir='ltr'>Eneratitas</span> <span class='ocrx_word' id='word_1_110' title='bbox 768 1126 841 1167; x_wconf 85' lang='lat' dir='ltr'>vel</span> <span class='ocrx_word' id='word_1_111' title='bbox 861 1126 1131 1184; x_wconf 87' lang='lat' dir='ltr'>Apotactitas</span> <span class='ocrx_word' id='word_1_112' title='bbox 1145 1159 1157 1180; x_wconf 90' lang='lat'><strong><em>‚</em></strong></span> <span class='ocrx_word' id='word_1_113' title='bbox 1187 1140 1279 1169; x_wconf 90' lang='lat' dir='ltr'>non</span> <span class='ocrx_word' id='word_1_114' title='bbox 1300 1123 1531 1168; x_wconf 86' lang='lat' dir='ltr'>admittere</span> <span class='ocrx_word' id='word_1_115' title='bbox 1550 1121 1607 1166; x_wconf 91' lang='lat' dir='ltr'>ad</span> 
     </span>
     <span class='ocr_line' id='line_1_15' title="bbox 207 1191 1607 1253; baseline -0.001 -15"><span class='ocrx_word' id='word_1_116' title='bbox 207 1194 567 1238; x_wconf 88' lang='lat' dir='ltr'>communionem</span> <span class='ocrx_word' id='word_1_117' title='bbox 587 1205 713 1234; x_wconf 88' lang='lat' dir='ltr'>suam</span> <span class='ocrx_word' id='word_1_118' title='bbox 733 1191 813 1235; x_wconf 90' lang='lat' dir='ltr'>nisi</span> <span class='ocrx_word' id='word_1_119' title='bbox 844 1197 1119 1240; x_wconf 87' lang='lat' dir='ltr'>continentes</span> <span class='ocrx_word' id='word_1_120' title='bbox 1135 1230 1146 1252; x_wconf 91' lang='lat'>‚</span> <span class='ocrx_word' id='word_1_121' title='bbox 1172 1204 1215 1240; x_wconf 84' lang='lat' dir='ltr'>et</span> <span class='ocrx_word' id='word_1_122' title='bbox 1237 1210 1309 1240; x_wconf 90' lang='lat' dir='ltr'>eos</span> <span class='ocrx_word' id='word_1_123' title='bbox 1338 1194 1416 1253; x_wconf 91' lang='lat' dir='ltr'>qui</span> <span class='ocrx_word' id='word_1_124' title='bbox 1443 1192 1607 1238; x_wconf 85' lang='lat' dir='ltr'>saeculo</span> 
     </span>
     <span class='ocr_line' id='line_1_16' title="bbox 206 1260 1606 1325; baseline 0.001 -18"><span class='ocrx_word' id='word_1_125' title='bbox 206 1266 268 1307; x_wconf 88' lang='lat' dir='ltr'>ita</span> <span class='ocrx_word' id='word_1_126' title='bbox 296 1260 644 1306; x_wconf 85' lang='lat' dir='ltr'>renuntiaverint</span> <span class='ocrx_word' id='word_1_127' title='bbox 663 1295 675 1316; x_wconf 86' lang='lat'>,</span> <span class='ocrx_word' id='word_1_128' title='bbox 711 1269 763 1305; x_wconf 90' lang='lat' dir='ltr'>ut</span> <span class='ocrx_word' id='word_1_129' title='bbox 784 1263 959 1320; x_wconf 87' lang='lat' dir='ltr'>propria</span> <span class='ocrx_word' id='word_1_130' title='bbox 980 1265 1104 1310; x_wconf 88' lang='lat' dir='ltr'>nulla</span> <span class='ocrx_word' id='word_1_131' title='bbox 1127 1264 1390 1325; x_wconf 79' lang='lat' dir='ltr'>possideant.</span> <span class='ocrx_word' id='word_1_132' title='bbox 1416 1263 1486 1305; x_wconf 87' lang='lat' dir='ltr'>Ab</span> <span class='ocrx_word' id='word_1_133' title='bbox 1509 1275 1606 1305; x_wconf 85' lang='lat' dir='ltr'>esca</span> 
     </span>
     <span class='ocr_line' id='line_1_17' title="bbox 207 1331 1606 1391; baseline -0.001 -14"><span class='ocrx_word' id='word_1_134' title='bbox 207 1341 355 1377; x_wconf 90' lang='lat' dir='ltr'>tamen</span> <span class='ocrx_word' id='word_1_135' title='bbox 377 1332 575 1376; x_wconf 87' lang='lat' dir='ltr'>carnium</span> <span class='ocrx_word' id='word_1_136' title='bbox 595 1346 687 1376; x_wconf 90' lang='lat' dir='ltr'>non</span> <span class='ocrx_word' id='word_1_137' title='bbox 707 1347 781 1376; x_wconf 89' lang='lat' dir='ltr'>eos</span> <span class='ocrx_word' id='word_1_138' title='bbox 802 1332 1019 1376; x_wconf 87' lang='lat' dir='ltr'>abstinere</span> <span class='ocrx_word' id='word_1_139' title='bbox 1041 1332 1147 1376; x_wconf 91' lang='lat' dir='ltr'>dicit</span> <span class='ocrx_word' id='word_1_140' title='bbox 1167 1331 1439 1391; x_wconf 84' lang='lat' dir='ltr'>Epiphanius</span> <span class='ocrx_word' id='word_1_141' title='bbox 1464 1350 1474 1376; x_wconf 91' lang='lat'>:</span> <span class='ocrx_word' id='word_1_142' title='bbox 1501 1331 1606 1376; x_wconf 90' lang='lat' dir='ltr'>Phi-</span> 
     </span>
     <span class='ocr_line' id='line_1_18' title="bbox 206 1401 1263 1446; baseline -0.002 0"><span class='ocrx_word' id='word_1_143' title='bbox 206 1401 338 1446; x_wconf 90' lang='lat' dir='ltr'>laster</span> <span class='ocrx_word' id='word_1_144' title='bbox 359 1416 461 1445; x_wconf 88' lang='lat' dir='ltr'>vero</span> <span class='ocrx_word' id='word_1_145' title='bbox 483 1409 528 1444; x_wconf 89' lang='lat' dir='ltr'>et</span> <span class='ocrx_word' id='word_1_146' title='bbox 547 1401 662 1444; x_wconf 89' lang='lat' dir='ltr'>hanc</span> <span class='ocrx_word' id='word_1_147' title='bbox 683 1402 742 1444; x_wconf 91' lang='lat' dir='ltr'>eis</span> <span class='ocrx_word' id='word_1_148' title='bbox 759 1401 917 1445; x_wconf 88' lang='lat' dir='ltr'>tribuit</span> <span class='ocrx_word' id='word_1_149' title='bbox 935 1401 1263 1445; x_wconf 89' lang='lat' dir='ltr'>abstinentiam.</span> 
     </span>
    </p>

    <p class='ocr_par' dir='ltr' id='par_1_4' title="bbox 209 1470 1607 1952">
     <span class='ocr_line' id='line_1_19' title="bbox 268 1470 1606 1529; baseline 0 -13"><span class='ocrx_word' id='word_1_150' title='bbox 268 1473 383 1516; x_wconf 90' lang='lat' dir='ltr'><strong>LIV.</strong></span> <span class='ocrx_word' id='word_1_151' title='bbox 410 1470 582 1515; x_wconf 85' lang='lat' dir='ltr'>A‘etiani</span> <span class='ocrx_word' id='word_1_152' title='bbox 616 1471 672 1514; x_wconf 93' lang='lat' dir='ltr'>ab</span> <span class='ocrx_word' id='word_1_153' title='bbox 701 1471 828 1515; x_wconf 83' lang='lat' dir='ltr'>Ae&#39;tio</span> <span class='ocrx_word' id='word_1_154' title='bbox 860 1480 963 1515; x_wconf 92' lang='lat' dir='ltr'>sunt</span> <span class='ocrx_word' id='word_1_155' title='bbox 984 1471 1156 1526; x_wconf 86' lang='lat' dir='ltr'>vocati,</span> <span class='ocrx_word' id='word_1_156' title='bbox 1192 1470 1414 1529; x_wconf 90' lang='lat' dir='ltr'>iidemque</span> <span class='ocrx_word' id='word_1_157' title='bbox 1451 1473 1606 1516; x_wconf 72' lang='lat' dir='ltr'>Euno-</span> 
     </span>
     <span class='ocr_line' id='line_1_20' title="bbox 209 1541 1607 1601; baseline -0.001 -16"><span class='ocrx_word' id='word_1_158' title='bbox 209 1542 344 1586; x_wconf 88' lang='lat' dir='ltr'>miani</span> <span class='ocrx_word' id='word_1_159' title='bbox 366 1541 420 1585; x_wconf 90' lang='lat' dir='ltr'>ab</span> <span class='ocrx_word' id='word_1_160' title='bbox 437 1541 656 1585; x_wconf 89' lang='lat' dir='ltr'>Eunomio</span> <span class='ocrx_word' id='word_1_161' title='bbox 673 1541 788 1585; x_wconf 71' lang='lat' dir='ltr'>Aetii</span> <span class='ocrx_word' id='word_1_162' title='bbox 807 1541 1023 1601; x_wconf 87' lang='lat' dir='ltr'>discipulo</span> <span class='ocrx_word' id='word_1_163' title='bbox 1043 1576 1054 1596; x_wconf 87' lang='lat'>‚</span> <span class='ocrx_word' id='word_1_164' title='bbox 1085 1556 1175 1601; x_wconf 92' lang='lat' dir='ltr'>quo</span> <span class='ocrx_word' id='word_1_165' title='bbox 1197 1541 1374 1585; x_wconf 89' lang='lat' dir='ltr'>nomine</span> <span class='ocrx_word' id='word_1_166' title='bbox 1390 1542 1528 1599; x_wconf 81' lang='lat' dir='ltr'>magis</span> <span class='ocrx_word' id='word_1_167' title='bbox 1543 1542 1607 1584; x_wconf 93' lang='lat' dir='ltr'>in-</span> 
     </span>
     <span class='ocr_line' id='line_1_21' title="bbox 210 1610 1602 1671; baseline -0.001 -15"><span class='ocrx_word' id='word_1_168' title='bbox 210 1621 466 1656; x_wconf 88' lang='lat' dir='ltr'>notuerunt.</span> <span class='ocrx_word' id='word_1_169' title='bbox 512 1611 751 1655; x_wconf 88' lang='lat' dir='ltr'>Eunomius</span> <span class='ocrx_word' id='word_1_170' title='bbox 787 1612 952 1671; x_wconf 88' lang='lat' dir='ltr'>quippe</span> <span class='ocrx_word' id='word_1_171' title='bbox 989 1613 1036 1655; x_wconf 89' lang='lat' dir='ltr'>in</span> <span class='ocrx_word' id='word_1_172' title='bbox 1071 1611 1296 1656; x_wconf 85' lang='lat' dir='ltr'>dialectica</span> <span class='ocrx_word' id='word_1_173' title='bbox 1333 1610 1574 1670; x_wconf 84' lang='lat' dir='ltr'>praevalens</span> <span class='ocrx_word' id='word_1_174' title='bbox 1591 1645 1602 1667; x_wconf 88' lang='lat'><strong>,</strong></span> 
     </span>
     <span class='ocr_line' id='line_1_22' title="bbox 211 1680 1604 1736; baseline -0.001 -10"><span class='ocrx_word' id='word_1_175' title='bbox 211 1681 379 1726; x_wconf 88' lang='lat' dir='ltr'>acutius</span> <span class='ocrx_word' id='word_1_176' title='bbox 407 1690 450 1725; x_wconf 90' lang='lat' dir='ltr'>et</span> <span class='ocrx_word' id='word_1_177' title='bbox 477 1680 692 1726; x_wconf 87' lang='lat' dir='ltr'>celebrius</span> <span class='ocrx_word' id='word_1_178' title='bbox 725 1680 926 1725; x_wconf 90' lang='lat' dir='ltr'>defendit</span> <span class='ocrx_word' id='word_1_179' title='bbox 957 1682 1071 1725; x_wconf 90' lang='lat' dir='ltr'>hanc</span> <span class='ocrx_word' id='word_1_180' title='bbox 1098 1682 1325 1736; x_wconf 76' lang='lat' dir='ltr'>haeresim,</span> <span class='ocrx_word' id='word_1_181' title='bbox 1351 1680 1604 1726; x_wconf 86' lang='lat' dir='ltr'>dissimilem</span> 
     </span>
     <span class='ocr_line' id='line_1_23' title="bbox 210 1751 1606 1811; baseline 0 -15"><span class='ocrx_word' id='word_1_182' title='bbox 210 1768 288 1811; x_wconf 91' lang='lat' dir='ltr'>per</span> <span class='ocrx_word' id='word_1_183' title='bbox 310 1752 455 1796; x_wconf 87' lang='lat' dir='ltr'>omnia</span> <span class='ocrx_word' id='word_1_184' title='bbox 479 1752 594 1795; x_wconf 87' lang='lat' dir='ltr'>Patri</span> <span class='ocrx_word' id='word_1_185' title='bbox 617 1766 807 1795; x_wconf 86' lang='lat' dir='ltr'>asserens</span> <span class='ocrx_word' id='word_1_186' title='bbox 829 1751 988 1795; x_wconf 91' lang='lat' dir='ltr'>Filium</span> <span class='ocrx_word' id='word_1_187' title='bbox 1009 1786 1020 1805; x_wconf 87' lang='lat'>‚</span> <span class='ocrx_word' id='word_1_188' title='bbox 1046 1761 1089 1795; x_wconf 89' lang='lat' dir='ltr'>et</span> <span class='ocrx_word' id='word_1_189' title='bbox 1113 1752 1225 1795; x_wconf 82' lang='lat' dir='ltr'>Filio</span> <span class='ocrx_word' id='word_1_190' title='bbox 1249 1752 1460 1810; x_wconf 89' lang='lat' dir='ltr'>Spiritum</span> <span class='ocrx_word' id='word_1_191' title='bbox 1480 1766 1606 1796; x_wconf 83' lang='lat' dir='ltr'>sanc-</span> 
     </span>
     <span class='ocr_line' id='line_1_24' title="bbox 211 1821 1605 1881; baseline -0.001 -14"><span class='ocrx_word' id='word_1_192' title='bbox 211 1832 322 1867; x_wconf 91' lang='lat' dir='ltr'>tum.</span> <span class='ocrx_word' id='word_1_193' title='bbox 348 1825 506 1865; x_wconf 88' lang='lat' dir='ltr'>Fertur</span> <span class='ocrx_word' id='word_1_194' title='bbox 532 1822 663 1865; x_wconf 89' lang='lat' dir='ltr'>etiam</span> <span class='ocrx_word' id='word_1_195' title='bbox 693 1836 832 1881; x_wconf 89' lang='lat' dir='ltr'>usque</span> <span class='ocrx_word' id='word_1_196' title='bbox 854 1821 963 1866; x_wconf 88' lang='lat' dir='ltr'>adeo</span> <span class='ocrx_word' id='word_1_197' title='bbox 990 1821 1122 1865; x_wconf 82' lang='lat' dir='ltr'>fuisse</span> <span class='ocrx_word' id='word_1_198' title='bbox 1152 1823 1280 1866; x_wconf 91' lang='lat' dir='ltr'>bonis</span> <span class='ocrx_word' id='word_1_199' title='bbox 1303 1823 1498 1867; x_wconf 89' lang='lat' dir='ltr'>moribus</span> <span class='ocrx_word' id='word_1_200' title='bbox 1520 1823 1605 1866; x_wconf 86' lang='lat' dir='ltr'>ini-</span> 
     </span>
     <span class='ocr_line' id='line_1_25' title="bbox 212 1890 1606 1952; baseline 0 -16"><span class='ocrx_word' id='word_1_201' title='bbox 212 1892 348 1936; x_wconf 91' lang='lat' dir='ltr'>micus</span> <span class='ocrx_word' id='word_1_202' title='bbox 361 1926 372 1947; x_wconf 91' lang='lat'>‚</span> <span class='ocrx_word' id='word_1_203' title='bbox 398 1901 448 1936; x_wconf 91' lang='lat' dir='ltr'>ut</span> <span class='ocrx_word' id='word_1_204' title='bbox 459 1901 721 1937; x_wconf 86' lang='lat' dir='ltr'>asseveraret</span> <span class='ocrx_word' id='word_1_205' title='bbox 738 1927 749 1947; x_wconf 88' lang='lat'>,</span> <span class='ocrx_word' id='word_1_206' title='bbox 773 1891 896 1951; x_wconf 86' lang='lat' dir='ltr'>quod</span> <span class='ocrx_word' id='word_1_207' title='bbox 913 1890 1023 1935; x_wconf 90' lang='lat' dir='ltr'>nihil</span> <span class='ocrx_word' id='word_1_208' title='bbox 1035 1892 1194 1951; x_wconf 87' lang='lat' dir='ltr'>cuique</span> <span class='ocrx_word' id='word_1_209' title='bbox 1208 1892 1378 1936; x_wconf 88' lang='lat' dir='ltr'>obesset</span> <span class='ocrx_word' id='word_1_210' title='bbox 1391 1906 1606 1952; x_wconf 89' lang='lat' dir='ltr'>quorum-</span> 
     </span>
    </p>
   </div>
   <div class='ocr_carea' id='block_1_3' title="bbox 212 1962 1606 2097">
    <p class='ocr_par' dir='ltr' id='par_1_5' title="bbox 212 1962 1606 2097">
     <span class='ocr_line' id='line_1_26' title="bbox 212 1962 1606 2022; baseline -0.001 -16"><span class='ocrx_word' id='word_1_211' title='bbox 212 1962 323 2008; x_wconf 86' lang='lat' dir='ltr'>libet</span> <span class='ocrx_word' id='word_1_212' title='bbox 354 1963 617 2021; x_wconf 88' lang='lat' dir='ltr'>perpetratio</span> <span class='ocrx_word' id='word_1_213' title='bbox 651 1977 698 2005; x_wconf 85' lang='lat' dir='ltr'>ac</span> <span class='ocrx_word' id='word_1_214' title='bbox 733 1962 1051 2020; x_wconf 87' lang='lat' dir='ltr'>perseverantia</span> <span class='ocrx_word' id='word_1_215' title='bbox 1079 1971 1386 2021; x_wconf 84' lang='lat' dir='ltr'>peccatorum,</span> <span class='ocrx_word' id='word_1_216' title='bbox 1412 1964 1446 2006; x_wconf 89' lang='lat' dir='ltr'>si</span> <span class='ocrx_word' id='word_1_217' title='bbox 1474 1963 1606 2022; x_wconf 86' lang='lat' dir='ltr'>hujus</span> 
     </span>
     <span class='ocr_line' id='line_1_27' title="bbox 212 2031 1248 2097; baseline -0.002 -21"><span class='ocrx_word' id='word_1_218' title='bbox 212 2048 310 2092; x_wconf 81' lang='lat' dir='ltr'>quae</span> <span class='ocrx_word' id='word_1_219' title='bbox 334 2032 387 2076; x_wconf 86' lang='lat' dir='ltr'>ab</span> <span class='ocrx_word' id='word_1_220' title='bbox 408 2031 484 2076; x_wconf 92' lang='lat' dir='ltr'>illo</span> <span class='ocrx_word' id='word_1_221' title='bbox 507 2033 746 2097; x_wconf 82' lang='lat' dir='ltr'>docebatur</span> <span class='ocrx_word' id='word_1_222' title='bbox 768 2031 869 2075; x_wconf 90' lang='lat' dir='ltr'>fidei</span> <span class='ocrx_word' id='word_1_223' title='bbox 893 2032 1106 2091; x_wconf 85' lang='lat' dir='ltr'>particeps</span> <span class='ocrx_word' id='word_1_224' title='bbox 1125 2041 1248 2075; x_wconf 86' lang='lat' dir='ltr'>esset.</span> 
     </span>
    </p>
   </div>
   <div class='ocr_carea' id='block_1_4' title="bbox 213 2100 1608 2583">
    <p class='ocr_par' dir='ltr' id='par_1_6' title="bbox 213 2100 1608 2583">
     <span class='ocr_line' id='line_1_28' title="bbox 271 2100 1606 2161; baseline -0.001 -15"><span class='ocrx_word' id='word_1_225' title='bbox 271 2104 363 2146; x_wconf 91' lang='lat' dir='ltr'>LV.</span> <span class='ocrx_word' id='word_1_226' title='bbox 401 2102 729 2161; x_wconf 88' lang='lat' dir='ltr'>Apollinaristas</span> <span class='ocrx_word' id='word_1_227' title='bbox 756 2100 1018 2160; x_wconf 84' lang='lat' dir='ltr'>Apollinaris</span> <span class='ocrx_word' id='word_1_228' title='bbox 1046 2102 1234 2144; x_wconf 85' lang='lat' dir='ltr'>instituit</span> <span class='ocrx_word' id='word_1_229' title='bbox 1251 2135 1263 2156; x_wconf 83' lang='grc'>,</span> <span class='ocrx_word' id='word_1_230' title='bbox 1287 2101 1364 2160; x_wconf 86' lang='lat' dir='ltr'>qui</span> <span class='ocrx_word' id='word_1_231' title='bbox 1384 2101 1440 2144; x_wconf 93' lang='lat' dir='ltr'>de</span> <span class='ocrx_word' id='word_1_232' title='bbox 1462 2101 1606 2145; x_wconf 89' lang='lat' dir='ltr'>anima</span> 
     </span>
     <span class='ocr_line' id='line_1_29' title="bbox 213 2172 1604 2227; baseline -0.003 -9"><span class='ocrx_word' id='word_1_233' title='bbox 213 2174 374 2218; x_wconf 86' lang='lat' dir='ltr'>Christi</span> <span class='ocrx_word' id='word_1_234' title='bbox 393 2190 417 2217; x_wconf 93' lang='lat' dir='ltr'>a</span> <span class='ocrx_word' id='word_1_235' title='bbox 439 2172 663 2218; x_wconf 88' lang='lat' dir='ltr'>Catholica</span> <span class='ocrx_word' id='word_1_236' title='bbox 684 2173 979 2216; x_wconf 87' lang='lat' dir='ltr'>dissenserunt</span> <span class='ocrx_word' id='word_1_237' title='bbox 1000 2207 1011 2227; x_wconf 86' lang='lat'>‚</span> <span class='ocrx_word' id='word_1_238' title='bbox 1043 2172 1235 2217; x_wconf 86' lang='lat' dir='ltr'>dicentes</span> <span class='ocrx_word' id='word_1_239' title='bbox 1252 2207 1262 2227; x_wconf 86' lang='lat'>‚</span> <span class='ocrx_word' id='word_1_240' title='bbox 1294 2173 1406 2217; x_wconf 90' lang='lat' dir='ltr'>sicut</span> <span class='ocrx_word' id='word_1_241' title='bbox 1429 2172 1604 2223; x_wconf 84' lang='lat' dir='ltr'>Ariani,</span> 
     </span>
     <span class='ocr_line' id='line_1_30' title="bbox 215 2243 1608 2302; baseline -0.001 -15"><span class='ocrx_word' id='word_1_242' title='bbox 215 2246 356 2288; x_wconf 87' lang='lat' dir='ltr'>Deum</span> <span class='ocrx_word' id='word_1_243' title='bbox 387 2244 609 2289; x_wconf 87' lang='lat' dir='ltr'>Christum</span> <span class='ocrx_word' id='word_1_244' title='bbox 644 2259 818 2288; x_wconf 86' lang='lat' dir='ltr'>carnem</span> <span class='ocrx_word' id='word_1_245' title='bbox 850 2244 941 2287; x_wconf 91' lang='lat' dir='ltr'>sine</span> <span class='ocrx_word' id='word_1_246' title='bbox 974 2244 1118 2287; x_wconf 87' lang='lat' dir='ltr'>anima</span> <span class='ocrx_word' id='word_1_247' title='bbox 1151 2243 1401 2301; x_wconf 86' lang='lat' dir='ltr'>suscepisse.</span> <span class='ocrx_word' id='word_1_248' title='bbox 1442 2246 1494 2286; x_wconf 92' lang='lat' dir='ltr'>In</span> <span class='ocrx_word' id='word_1_249' title='bbox 1519 2257 1608 2302; x_wconf 89' lang='lat' dir='ltr'>qua</span> 
     </span>
     <span class='ocr_line' id='line_1_31' title="bbox 217 2314 1608 2373; baseline 0.001 -17"><span class='ocrx_word' id='word_1_250' title='bbox 217 2317 456 2373; x_wconf 83' lang='lat' dir='ltr'>quaestione</span> <span class='ocrx_word' id='word_1_251' title='bbox 477 2316 731 2360; x_wconf 88' lang='lat' dir='ltr'>testimoniis</span> <span class='ocrx_word' id='word_1_252' title='bbox 755 2314 1013 2373; x_wconf 82' lang='lat' dir='ltr'>evangelicis</span> <span class='ocrx_word' id='word_1_253' title='bbox 1033 2314 1137 2359; x_wconf 88' lang='lat' dir='ltr'>victi</span> <span class='ocrx_word' id='word_1_254' title='bbox 1155 2348 1166 2368; x_wconf 89' lang='lat'>‚</span> <span class='ocrx_word' id='word_1_255' title='bbox 1190 2322 1382 2357; x_wconf 85' lang='lat' dir='ltr'>mentem</span> <span class='ocrx_word' id='word_1_256' title='bbox 1400 2348 1410 2367; x_wconf 82' lang='lat'>‚</span> <span class='ocrx_word' id='word_1_257' title='bbox 1436 2329 1524 2373; x_wconf 88' lang='lat' dir='ltr'>qua</span> <span class='ocrx_word' id='word_1_258' title='bbox 1545 2329 1608 2358; x_wconf 89' lang='lat' dir='ltr'>ra-</span> 
     </span>
     <span class='ocr_line' id='line_1_32' title="bbox 219 2382 1608 2439; baseline 0 -13"><span class='ocrx_word' id='word_1_259' title='bbox 219 2384 388 2430; x_wconf 80' lang='lat' dir='ltr'>tionalis</span> <span class='ocrx_word' id='word_1_260' title='bbox 418 2396 481 2430; x_wconf 88' lang='lat' dir='ltr'>est</span> <span class='ocrx_word' id='word_1_261' title='bbox 511 2386 654 2429; x_wconf 87' lang='lat' dir='ltr'>anima</span> <span class='ocrx_word' id='word_1_262' title='bbox 682 2385 869 2430; x_wconf 87' lang='lat' dir='ltr'>hominis</span> <span class='ocrx_word' id='word_1_263' title='bbox 887 2419 898 2439; x_wconf 87' lang='lat'>‚</span> <span class='ocrx_word' id='word_1_264' title='bbox 922 2383 1111 2429; x_wconf 87' lang='lat' dir='ltr'>defuisse</span> <span class='ocrx_word' id='word_1_265' title='bbox 1135 2384 1291 2427; x_wconf 81' lang='lat' dir='ltr'>animae</span> <span class='ocrx_word' id='word_1_266' title='bbox 1321 2384 1506 2438; x_wconf 80' lang='lat' dir='ltr'>Christi,</span> <span class='ocrx_word' id='word_1_267' title='bbox 1532 2382 1608 2426; x_wconf 88' lang='lat' dir='ltr'>sed</span> 
     </span>
     <span class='ocr_line' id='line_1_33' title="bbox 220 2454 1607 2515; baseline 0.001 -18"><span class='ocrx_word' id='word_1_268' title='bbox 220 2469 299 2511; x_wconf 88' lang='lat' dir='ltr'>pro</span> <span class='ocrx_word' id='word_1_269' title='bbox 317 2456 397 2499; x_wconf 86' lang='lat' dir='ltr'>hac</span> <span class='ocrx_word' id='word_1_270' title='bbox 419 2457 560 2515; x_wconf 89' lang='lat' dir='ltr'>ipsum</span> <span class='ocrx_word' id='word_1_271' title='bbox 580 2457 775 2500; x_wconf 85' lang='lat' dir='ltr'>Verbum</span> <span class='ocrx_word' id='word_1_272' title='bbox 793 2456 839 2499; x_wconf 90' lang='lat' dir='ltr'>in</span> <span class='ocrx_word' id='word_1_273' title='bbox 859 2471 909 2500; x_wconf 89' lang='lat' dir='ltr'>eo</span> <span class='ocrx_word' id='word_1_274' title='bbox 925 2455 1056 2499; x_wconf 80' lang='lat' dir='ltr'>fuisse</span> <span class='ocrx_word' id='word_1_275' title='bbox 1072 2454 1288 2499; x_wconf 83' lang='lat' dir='ltr'>dixerunt.</span> <span class='ocrx_word' id='word_1_276' title='bbox 1308 2458 1370 2499; x_wconf 93' lang='lat' dir='ltr'>De</span> <span class='ocrx_word' id='word_1_277' title='bbox 1390 2455 1482 2514; x_wconf 90' lang='lat' dir='ltr'>ipsa</span> <span class='ocrx_word' id='word_1_278' title='bbox 1503 2468 1607 2499; x_wconf 85' lang='lat' dir='ltr'>vero</span> 
     </span>
     <span class='ocr_line' id='line_1_34' title="bbox 223 2523 1608 2583; baseline 0 -16"><span class='ocrx_word' id='word_1_279' title='bbox 223 2523 313 2582; x_wconf 87' lang='lat' dir='ltr'>ejus</span> <span class='ocrx_word' id='word_1_280' title='bbox 335 2539 463 2568; x_wconf 87' lang='lat' dir='ltr'>carne</span> <span class='ocrx_word' id='word_1_281' title='bbox 489 2526 547 2569; x_wconf 90' lang='lat' dir='ltr'>sic</span> <span class='ocrx_word' id='word_1_282' title='bbox 571 2541 593 2569; x_wconf 87' lang='lat' dir='ltr'>a</span> <span class='ocrx_word' id='word_1_283' title='bbox 615 2534 732 2570; x_wconf 89' lang='lat' dir='ltr'>recta</span> <span class='ocrx_word' id='word_1_284' title='bbox 754 2525 840 2569; x_wconf 86' lang='lat' dir='ltr'>fide</span> <span class='ocrx_word' id='word_1_285' title='bbox 862 2523 1106 2569; x_wconf 88' lang='lat' dir='ltr'>dissensisse</span> <span class='ocrx_word' id='word_1_286' title='bbox 1128 2524 1417 2583; x_wconf 83' lang='lat' dir='ltr'>perhibentur</span> <span class='ocrx_word' id='word_1_287' title='bbox 1431 2558 1443 2580; x_wconf 90' lang='lat'><strong>,</strong></span> <span class='ocrx_word' id='word_1_288' title='bbox 1474 2533 1523 2568; x_wconf 84' lang='lat' dir='ltr'>ut</span> <span class='ocrx_word' id='word_1_289' title='bbox 1546 2523 1608 2567; x_wconf 92' lang='lat' dir='ltr'>di-</span> 
     </span>
    </p>
   </div>
  </div>
 </body>
</html>
