<?xml version="1.0" encoding="UTF-8"?>
<!DOCTYPE html PUBLIC "-//W3C//DTD XHTML 1.0 Transitional//EN"
    "http://www.w3.org/TR/xhtml1/DTD/xhtml1-transitional.dtd">
<html xmlns="http://www.w3.org/1999/xhtml" xml:lang="en" lang="en">
 <head>
  <title>
</title>
<meta http-equiv="Content-Type" content="text/html;charset=utf-8" />
  <meta name='ocr-system' content='tesseract 3.04.00' />
  <meta name='ocr-capabilities' content='ocr_page ocr_carea ocr_par ocr_line ocrx_word'/>
</head>
<body>
  <div class='ocr_page' id='page_1' title='image "./operaomniaaccura27auguuoft/operaomniaaccura27auguuoft_0478.png"; bbox 0 0 1729 3143; ppageno 0'>
   <div class='ocr_carea' id='block_1_1' title="bbox 237 195 1179 236">
    <p class='ocr_par' dir='ltr' id='par_1_1' title="bbox 237 195 1179 236">
     <span class='ocr_line' id='line_1_1' title="bbox 237 195 1179 236; baseline 0 -2"><span class='ocrx_word' id='word_1_1' title='bbox 237 195 322 234; x_wconf 78' lang='lat'>466</span> <span class='ocrx_word' id='word_1_2' title='bbox 667 208 701 233; x_wconf 85' lang='lat' dir='ltr'>s.</span> <span class='ocrx_word' id='word_1_3' title='bbox 735 205 967 234; x_wconf 71' lang='lat' dir='ltr'>Atreusnm</span> <span class='ocrx_word' id='word_1_4' title='bbox 1000 208 1179 236; x_wconf 71' lang='lat' dir='ltr'>nuscum</span> 
     </span>
    </p>
   </div>
   <div class='ocr_carea' id='block_1_2' title="bbox 227 269 1612 406">
    <p class='ocr_par' dir='ltr' id='par_1_2' title="bbox 227 269 1612 406">
     <span class='ocr_line' id='line_1_2' title="bbox 229 269 1612 336; baseline 0.006 -22"><span class='ocrx_word' id='word_1_5' title='bbox 229 269 319 316; x_wconf 89' lang='lat' dir='ltr'>rilis</span> <span class='ocrx_word' id='word_1_6' title='bbox 331 271 441 314; x_wconf 87' lang='lat' dir='ltr'>ratio</span> <span class='ocrx_word' id='word_1_7' title='bbox 455 270 706 328; x_wconf 85' lang='lat' dir='ltr'>subjugaret</span> <span class='ocrx_word' id='word_1_8' title='bbox 721 270 801 314; x_wconf 91' lang='lat' dir='ltr'>sibi</span> <span class='ocrx_word' id='word_1_9' title='bbox 815 271 1046 316; x_wconf 84' lang='lat' dir='ltr'>animalem</span> <span class='ocrx_word' id='word_1_10' title='bbox 1060 281 1227 332; x_wconf 88' lang='lat' dir='ltr'>partem</span> <span class='ocrx_word' id='word_1_11' title='bbox 1245 288 1384 330; x_wconf 90' lang='lat' dir='ltr'>suam,</span> <span class='ocrx_word' id='word_1_12' title='bbox 1401 291 1478 335; x_wconf 89' lang='lat' dir='ltr'>per</span> <span class='ocrx_word' id='word_1_13' title='bbox 1490 278 1612 336; x_wconf 93' lang='lat' dir='ltr'>quod</span> 
     </span>
     <span class='ocr_line' id='line_1_3' title="bbox 227 339 1610 406; baseline 0.004 -20"><span class='ocrx_word' id='word_1_14' title='bbox 227 341 295 401; x_wconf 90' lang='lat' dir='ltr'>adj</span> <span class='ocrx_word' id='word_1_15' title='bbox 303 339 494 385; x_wconf 89' lang='lat' dir='ltr'>utorium</span> <span class='ocrx_word' id='word_1_16' title='bbox 527 339 759 398; x_wconf 85' lang='lat' dir='ltr'><strong>imperaret</strong></span> <span class='ocrx_word' id='word_1_17' title='bbox 789 343 975 402; x_wconf 90' lang='lat' dir='ltr'>corpori.</span> <span class='ocrx_word' id='word_1_18' title='bbox 1014 343 1083 388; x_wconf 88' lang='lat' dir='ltr'>Ad</span> <span class='ocrx_word' id='word_1_19' title='bbox 1113 345 1240 404; x_wconf 89' lang='lat' dir='ltr'>hujus</span> <span class='ocrx_word' id='word_1_20' title='bbox 1275 345 1337 388; x_wconf 92' lang='lat' dir='ltr'>rei</span> <span class='ocrx_word' id='word_1_21' title='bbox 1365 347 1610 406; x_wconf 85' lang='lat' dir='ltr'>exemplum</span> 
     </span>
    </p>
   </div>
   <div class='ocr_carea' id='block_1_3' title="bbox 224 399 1729 474">
    <p class='ocr_par' dir='ltr' id='par_1_3' title="bbox 224 399 1729 474">
     <span class='ocr_line' id='line_1_4' title="bbox 224 399 1729 474; baseline 0.005 -19"><span class='ocrx_word' id='word_1_22' title='bbox 224 410 408 455; x_wconf 80' lang='lat' dir='ltr'>foemina</span> <span class='ocrx_word' id='word_1_23' title='bbox 429 406 545 453; x_wconf 86' lang='lat' dir='ltr'>facta</span> <span class='ocrx_word' id='word_1_24' title='bbox 567 418 656 466; x_wconf 85' lang='lat' dir='ltr'>est,</span> <span class='ocrx_word' id='word_1_25' title='bbox 692 426 827 471; x_wconf 87' lang='lat' dir='ltr'>quam</span> <span class='ocrx_word' id='word_1_26' title='bbox 856 427 1002 457; x_wconf 89' lang='lat' dir='ltr'>rerum</span> <span class='ocrx_word' id='word_1_27' title='bbox 1031 414 1140 459; x_wconf 91' lang='lat' dir='ltr'>ordo</span> <span class='ocrx_word' id='word_1_28' title='bbox 1167 414 1374 474; x_wconf 86' lang='lat' dir='ltr'>subjugat</span> <span class='ocrx_word' id='word_1_29' title='bbox 1404 415 1496 461; x_wconf 89' lang='lat' dir='ltr'>viro</span> <span class='ocrx_word' id='word_1_30' title='bbox 1520 435 1530 461; x_wconf 77' lang='lat' dir='ltr'>t</span> <span class='ocrx_word' id='word_1_31' title='bbox 1561 426 1613 462; x_wconf 92' lang='lat' dir='ltr'>ut</span> <span class='ocrx_word' id='word_1_32' title='bbox 1682 399 1729 468; x_wconf 49' lang='lat'>³0</span> 
     </span>
    </p>
   </div>
   <div class='ocr_carea' id='block_1_4' title="bbox 220 479 1613 898">
    <p class='ocr_par' dir='ltr' id='par_1_4' title="bbox 220 479 1613 898">
     <span class='ocr_line' id='line_1_5' title="bbox 225 479 1613 544; baseline 0.006 -21"><span class='ocrx_word' id='word_1_33' title='bbox 225 479 345 540; x_wconf 91' lang='lat' dir='ltr'>quod</span> <span class='ocrx_word' id='word_1_34' title='bbox 365 479 410 524; x_wconf 93' lang='lat' dir='ltr'>in</span> <span class='ocrx_word' id='word_1_35' title='bbox 430 479 605 526; x_wconf 90' lang='lat' dir='ltr'>duobus</span> <span class='ocrx_word' id='word_1_36' title='bbox 621 481 875 528; x_wconf 88' lang='lat' dir='ltr'>hominibus</span> <span class='ocrx_word' id='word_1_37' title='bbox 897 483 1141 529; x_wconf 81' lang='lat' dir='ltr'>evidentius</span> <span class='ocrx_word' id='word_1_38' title='bbox 1161 493 1341 544; x_wconf 86' lang='lat' dir='ltr'>apparet</span> <span class='ocrx_word' id='word_1_39' title='bbox 1354 519 1365 539; x_wconf 92' lang='lat'>‚</span> <span class='ocrx_word' id='word_1_40' title='bbox 1387 483 1433 529; x_wconf 91' lang='lat' dir='ltr'>id</span> <span class='ocrx_word' id='word_1_41' title='bbox 1453 495 1518 530; x_wconf 80' lang='lat' dir='ltr'>est</span> <span class='ocrx_word' id='word_1_42' title='bbox 1531 520 1543 542; x_wconf 86' lang='lat'>‚</span> <span class='ocrx_word' id='word_1_43' title='bbox 1565 487 1613 531; x_wconf 91' lang='lat' dir='ltr'>in</span> 
     </span>
     <span class='ocr_line' id='line_1_6' title="bbox 223 549 1612 615; baseline 0.004 -22"><span class='ocrx_word' id='word_1_44' title='bbox 223 549 417 595; x_wconf 90' lang='lat' dir='ltr'>masculo</span> <span class='ocrx_word' id='word_1_45' title='bbox 431 559 476 595; x_wconf 87' lang='lat' dir='ltr'>et</span> <span class='ocrx_word' id='word_1_46' title='bbox 495 550 695 608; x_wconf 87' lang='lat' dir='ltr'>foemina,</span> <span class='ocrx_word' id='word_1_47' title='bbox 716 553 848 598; x_wconf 90' lang='lat' dir='ltr'>etiam</span> <span class='ocrx_word' id='word_1_48' title='bbox 862 553 909 598; x_wconf 89' lang='lat' dir='ltr'>in</span> <span class='ocrx_word' id='word_1_49' title='bbox 931 568 1020 599; x_wconf 91' lang='lat' dir='ltr'>uno</span> <span class='ocrx_word' id='word_1_50' title='bbox 1039 554 1216 599; x_wconf 88' lang='lat' dir='ltr'>homine</span> <span class='ocrx_word' id='word_1_51' title='bbox 1237 553 1501 599; x_wconf 87' lang='lat' dir='ltr'>considerari</span> <span class='ocrx_word' id='word_1_52' title='bbox 1517 571 1612 615; x_wconf 88' lang='lat' dir='ltr'>pos-</span> 
     </span>
     <span class='ocr_line' id='line_1_7' title="bbox 225 620 1612 689; baseline 0.006 -25"><span class='ocrx_word' id='word_1_53' title='bbox 225 620 279 664; x_wconf 89' lang='lat' dir='ltr'>sit</span> <span class='ocrx_word' id='word_1_54' title='bbox 306 639 316 665; x_wconf 86' lang='lat'>:</span> <span class='ocrx_word' id='word_1_55' title='bbox 339 630 390 665; x_wconf 86' lang='lat' dir='ltr'>ut</span> <span class='ocrx_word' id='word_1_56' title='bbox 411 623 654 682; x_wconf 89' lang='lat' dir='ltr'>appetitum</span> <span class='ocrx_word' id='word_1_57' title='bbox 675 624 846 680; x_wconf 84' lang='lat' dir='ltr'>animae,</span> <span class='ocrx_word' id='word_1_58' title='bbox 869 639 947 683; x_wconf 91' lang='lat' dir='ltr'>per</span> <span class='ocrx_word' id='word_1_59' title='bbox 969 640 1102 685; x_wconf 90' lang='lat' dir='ltr'>quem</span> <span class='ocrx_word' id='word_1_60' title='bbox 1116 625 1179 689; x_wconf 30' lang='lat' dir='ltr'>‚de</span> <span class='ocrx_word' id='word_1_61' title='bbox 1196 625 1402 670; x_wconf 89' lang='lat' dir='ltr'>membris</span> <span class='ocrx_word' id='word_1_62' title='bbox 1421 627 1612 686; x_wconf 87' lang='lat' dir='ltr'>corporis</span> 
     </span>
     <span class='ocr_line' id='line_1_8' title="bbox 223 693 1611 755; baseline 0.005 -21"><span class='ocrx_word' id='word_1_63' title='bbox 223 705 453 750; x_wconf 86' lang='lat' dir='ltr'>operamur</span> <span class='ocrx_word' id='word_1_64' title='bbox 467 727 479 747; x_wconf 91' lang='lat'>‚</span> <span class='ocrx_word' id='word_1_65' title='bbox 518 693 678 738; x_wconf 86' lang='lat' dir='ltr'>habeat</span> <span class='ocrx_word' id='word_1_66' title='bbox 714 708 838 738; x_wconf 89' lang='lat' dir='ltr'>mens</span> <span class='ocrx_word' id='word_1_67' title='bbox 873 695 1055 740; x_wconf 88' lang='lat' dir='ltr'>interior</span> <span class='ocrx_word' id='word_1_68' title='bbox 1088 704 1300 755; x_wconf 87' lang='lat' dir='ltr'>tanquam.</span> <span class='ocrx_word' id='word_1_69' title='bbox 1332 696 1467 741; x_wconf 86' lang='lat' dir='ltr'>virilis</span> <span class='ocrx_word' id='word_1_70' title='bbox 1500 697 1611 742; x_wconf 86' lang='lat' dir='ltr'>ratio</span> 
     </span>
     <span class='ocr_line' id='line_1_9' title="bbox 220 760 1608 828; baseline 0.005 -23"><span class='ocrx_word' id='word_1_71' title='bbox 220 761 521 822; x_wconf 85' lang='lat' dir='ltr'>subjugatum,</span> <span class='ocrx_word' id='word_1_72' title='bbox 535 760 590 808; x_wconf 68' lang='lat' dir='ltr'>‘et</span> <span class='ocrx_word' id='word_1_73' title='bbox 605 765 724 824; x_wconf 88' lang='lat' dir='ltr'>justa</span> <span class='ocrx_word' id='word_1_74' title='bbox 744 763 842 823; x_wconf 89' lang='lat' dir='ltr'>lege</span> <span class='ocrx_word' id='word_1_75' title='bbox 863 765 1046 810; x_wconf 91' lang='lat' dir='ltr'>modum</span> <span class='ocrx_word' id='word_1_76' title='bbox 1062 766 1256 827; x_wconf 89' lang='lat' dir='ltr'>imponat</span> <span class='ocrx_word' id='word_1_77' title='bbox 1269 767 1487 828; x_wconf 89' lang='lat' dir='ltr'>adjutorio</span> <span class='ocrx_word' id='word_1_78' title='bbox 1500 782 1581 812; x_wconf 87' lang='lat' dir='ltr'>suo</span> <span class='ocrx_word' id='word_1_79' title='bbox 1595 802 1608 823; x_wconf 91' lang='lat'>‚</span> 
     </span>
     <span class='ocr_line' id='line_1_10' title="bbox 221 832 1613 898; baseline 0.003 -21"><span class='ocrx_word' id='word_1_80' title='bbox 221 832 333 877; x_wconf 85' lang='lat' dir='ltr'>sicut</span> <span class='ocrx_word' id='word_1_81' title='bbox 352 833 420 879; x_wconf 86' lang='lat' dir='ltr'>vir</span> <span class='ocrx_word' id='word_1_82' title='bbox 439 833 573 879; x_wconf 91' lang='lat' dir='ltr'>debet</span> <span class='ocrx_word' id='word_1_83' title='bbox 593 833 823 879; x_wconf 87' lang='lat' dir='ltr'>foeminam</span> <span class='ocrx_word' id='word_1_84' title='bbox 840 851 988 895; x_wconf 88' lang='lat' dir='ltr'>regere</span> <span class='ocrx_word' id='word_1_85' title='bbox 1003 872 1015 892; x_wconf 88' lang='lat'>,</span> <span class='ocrx_word' id='word_1_86' title='bbox 1038 853 1120 882; x_wconf 91' lang='lat' dir='ltr'>nec</span> <span class='ocrx_word' id='word_1_87' title='bbox 1138 852 1233 882; x_wconf 89' lang='lat' dir='ltr'>eam</span> <span class='ocrx_word' id='word_1_88' title='bbox 1255 839 1505 898; x_wconf 81' lang='lat' dir='ltr'>permittere</span> <span class='ocrx_word' id='word_1_89' title='bbox 1530 837 1613 883; x_wconf 63' lang='lat' dir='ltr'>do÷</span> 
     </span>
    </p>
   </div>
   <div class='ocr_carea' id='block_1_5' title="bbox 219 901 1689 972">
    <p class='ocr_par' dir='ltr' id='par_1_5' title="bbox 219 901 1689 972">
     <span class='ocr_line' id='line_1_11' title="bbox 219 901 1689 972; baseline 0.005 -25"><span class='ocrx_word' id='word_1_90' title='bbox 219 903 374 948; x_wconf 87' lang='lat' dir='ltr'>minari</span> <span class='ocrx_word' id='word_1_91' title='bbox 393 905 440 949; x_wconf 89' lang='lat' dir='ltr'>in</span> <span class='ocrx_word' id='word_1_92' title='bbox 462 905 603 950; x_wconf 90' lang='lat' dir='ltr'>virum</span> <span class='ocrx_word' id='word_1_93' title='bbox 625 925 635 949; x_wconf 89' lang='lat'>:</span> <span class='ocrx_word' id='word_1_94' title='bbox 658 906 782 963; x_wconf 87' lang='lat' dir='ltr'>quod</span> <span class='ocrx_word' id='word_1_95' title='bbox 805 906 885 948; x_wconf 90' lang='lat' dir='ltr'>ubi</span> <span class='ocrx_word' id='word_1_96' title='bbox 905 907 1120 965; x_wconf 86' lang='lat' dir='ltr'>contingit</span> <span class='ocrx_word' id='word_1_97' title='bbox 1135 942 1148 962; x_wconf 88' lang='lat'>,</span> <span class='ocrx_word' id='word_1_98' title='bbox 1174 924 1374 966; x_wconf 89' lang='lat' dir='ltr'>perversa</span> <span class='ocrx_word' id='word_1_99' title='bbox 1392 919 1437 955; x_wconf 91' lang='lat' dir='ltr'>et</span> <span class='ocrx_word' id='word_1_100' title='bbox 1455 910 1612 956; x_wconf 89' lang='lat' dir='ltr'>misera</span> <span class='ocrx_word' id='word_1_101' title='bbox 1680 901 1689 972; x_wconf 49' lang='grc' dir='ltr'>ζ</span> 
     </span>
    </p>
   </div>
   <div class='ocr_carea' id='block_1_6' title="bbox 215 973 1612 2519">
    <p class='ocr_par' dir='ltr' id='par_1_6' title="bbox 222 973 476 1020">
     <span class='ocr_line' id='line_1_12' title="bbox 222 973 476 1020; baseline 0.008 -2"><span class='ocrx_word' id='word_1_102' title='bbox 222 973 378 1020; x_wconf 89' lang='lat' dir='ltr'>domus</span> <span class='ocrx_word' id='word_1_103' title='bbox 394 983 476 1020; x_wconf 86' lang='lat' dir='ltr'>est.</span> 
     </span>
    </p>

    <p class='ocr_par' dir='ltr' id='par_1_7' title="bbox 215 1043 1612 2519">
     <span class='ocr_line' id='line_1_13' title="bbox 275 1043 1612 1108; baseline 0.004 -19"><span class='ocrx_word' id='word_1_104' title='bbox 275 1047 397 1089; x_wconf 85' lang='lat' dir='ltr'><strong>XVI.</strong></span> <span class='ocrx_word' id='word_1_105' title='bbox 419 1044 565 1088; x_wconf 88' lang='lat' dir='ltr'>Primo</span> <span class='ocrx_word' id='word_1_106' title='bbox 577 1058 680 1103; x_wconf 86' lang='lat' dir='ltr'>ergo</span> <span class='ocrx_word' id='word_1_107' title='bbox 690 1043 1006 1089; x_wconf 89' lang='lat' dir='ltr'>demonstravit</span> <span class='ocrx_word' id='word_1_108' title='bbox 1017 1048 1132 1090; x_wconf 91' lang='lat' dir='ltr'>Deus</span> <span class='ocrx_word' id='word_1_109' title='bbox 1142 1047 1327 1104; x_wconf 90' lang='lat' dir='ltr'>homini,</span> <span class='ocrx_word' id='word_1_110' title='bbox 1339 1058 1506 1108; x_wconf 89' lang='lat' dir='ltr'>quanto</span> <span class='ocrx_word' id='word_1_111' title='bbox 1518 1065 1612 1094; x_wconf 91' lang='lat' dir='ltr'>me·</span> 
     </span>
     <span class='ocr_line' id='line_1_14' title="bbox 215 1114 1610 1173; baseline 0.004 -15"><span class='ocrx_word' id='word_1_112' title='bbox 215 1114 298 1159; x_wconf 90' lang='lat' dir='ltr'>lior</span> <span class='ocrx_word' id='word_1_113' title='bbox 311 1122 421 1158; x_wconf 90' lang='lat' dir='ltr'>esset</span> <span class='ocrx_word' id='word_1_114' title='bbox 433 1114 681 1173; x_wconf 87' lang='lat' dir='ltr'>pecoribus,</span> <span class='ocrx_word' id='word_1_115' title='bbox 700 1123 744 1158; x_wconf 92' lang='lat' dir='ltr'>et</span> <span class='ocrx_word' id='word_1_116' title='bbox 767 1115 970 1159; x_wconf 90' lang='lat' dir='ltr'>omnibus</span> <span class='ocrx_word' id='word_1_117' title='bbox 988 1116 1360 1162; x_wconf 85' lang='lat' dir='ltr'>irrationabilibus</span> <span class='ocrx_word' id='word_1_118' title='bbox 1376 1119 1610 1164; x_wconf 85' lang='lat' dir='ltr'>animanti-</span> 
     </span>
     <span class='ocr_line' id='line_1_15' title="bbox 217 1184 1610 1245; baseline 0.004 -16"><span class='ocrx_word' id='word_1_119' title='bbox 217 1184 300 1229; x_wconf 89' lang='lat' dir='ltr'>bus</span> <span class='ocrx_word' id='word_1_120' title='bbox 312 1203 322 1230; x_wconf 82' lang='lat'>:</span> <span class='ocrx_word' id='word_1_121' title='bbox 334 1194 377 1229; x_wconf 87' lang='lat' dir='ltr'>et</span> <span class='ocrx_word' id='word_1_122' title='bbox 386 1185 471 1229; x_wconf 90' lang='lat' dir='ltr'>hoc</span> <span class='ocrx_word' id='word_1_123' title='bbox 482 1185 697 1244; x_wconf 84' lang='lat' dir='ltr'>significat</span> <span class='ocrx_word' id='word_1_124' title='bbox 709 1187 830 1245; x_wconf 90' lang='lat' dir='ltr'>quod</span> <span class='ocrx_word' id='word_1_125' title='bbox 845 1185 1011 1231; x_wconf 89' lang='lat' dir='ltr'>dictum</span> <span class='ocrx_word' id='word_1_126' title='bbox 1023 1196 1102 1243; x_wconf 84' lang='lat' dir='ltr'>est,</span> <span class='ocrx_word' id='word_1_127' title='bbox 1117 1187 1307 1233; x_wconf 88' lang='lat' dir='ltr'>adducta</span> <span class='ocrx_word' id='word_1_128' title='bbox 1316 1204 1404 1234; x_wconf 90' lang='lat' dir='ltr'>esse</span> <span class='ocrx_word' id='word_1_129' title='bbox 1417 1191 1472 1233; x_wconf 87' lang='lat' dir='ltr'>ad</span> <span class='ocrx_word' id='word_1_130' title='bbox 1484 1189 1610 1234; x_wconf 90' lang='lat' dir='ltr'>illum</span> 
     </span>
     <span class='ocr_line' id='line_1_16' title="bbox 217 1256 1610 1317; baseline 0.003 -16"><span class='ocrx_word' id='word_1_131' title='bbox 217 1256 362 1301; x_wconf 90' lang='lat' dir='ltr'>omnia</span> <span class='ocrx_word' id='word_1_132' title='bbox 376 1256 626 1312; x_wconf 83' lang='lat' dir='ltr'>animantia,</span> <span class='ocrx_word' id='word_1_133' title='bbox 648 1266 694 1300; x_wconf 81' lang='lat' dir='ltr'>ut</span> <span class='ocrx_word' id='word_1_134' title='bbox 710 1256 879 1302; x_wconf 89' lang='lat' dir='ltr'>videret</span> <span class='ocrx_word' id='word_1_135' title='bbox 896 1257 1006 1317; x_wconf 90' lang='lat' dir='ltr'>quid</span> <span class='ocrx_word' id='word_1_136' title='bbox 1023 1273 1072 1302; x_wconf 90' lang='lat' dir='ltr'>ea</span> <span class='ocrx_word' id='word_1_137' title='bbox 1094 1269 1285 1315; x_wconf 85' lang='lat' dir='ltr'>vocaret,</span> <span class='ocrx_word' id='word_1_138' title='bbox 1302 1269 1345 1304; x_wconf 90' lang='lat' dir='ltr'>et</span> <span class='ocrx_word' id='word_1_139' title='bbox 1361 1259 1420 1304; x_wconf 93' lang='lat' dir='ltr'>eis</span> <span class='ocrx_word' id='word_1_140' title='bbox 1433 1261 1610 1305; x_wconf 91' lang='lat' dir='ltr'>nomina</span> 
     </span>
     <span class='ocr_line' id='line_1_17' title="bbox 216 1326 1610 1388; baseline 0.004 -18"><span class='ocrx_word' id='word_1_141' title='bbox 216 1326 476 1386; x_wconf 89' lang='lat' dir='ltr'>imponeret.</span> <span class='ocrx_word' id='word_1_142' title='bbox 509 1329 574 1371; x_wconf 87' lang='lat' dir='ltr'>Ex</span> <span class='ocrx_word' id='word_1_143' title='bbox 602 1326 686 1371; x_wconf 91' lang='lat' dir='ltr'>hoc</span> <span class='ocrx_word' id='word_1_144' title='bbox 708 1327 828 1371; x_wconf 91' lang='lat' dir='ltr'>enim</span> <span class='ocrx_word' id='word_1_145' title='bbox 861 1337 1042 1387; x_wconf 86' lang='lat' dir='ltr'>apparet</span> <span class='ocrx_word' id='word_1_146' title='bbox 1070 1328 1162 1388; x_wconf 86' lang='lat' dir='ltr'>ipsa</span> <span class='ocrx_word' id='word_1_147' title='bbox 1190 1330 1358 1374; x_wconf 86' lang='lat' dir='ltr'>ratione</span> <span class='ocrx_word' id='word_1_148' title='bbox 1385 1331 1610 1375; x_wconf 89' lang='lat' dir='ltr'>hominem</span> 
     </span>
     <span class='ocr_line' id='line_1_18' title="bbox 216 1395 1609 1458; baseline 0.003 -18"><span class='ocrx_word' id='word_1_149' title='bbox 216 1395 440 1441; x_wconf 90' lang='lat' dir='ltr'>meliorem</span> <span class='ocrx_word' id='word_1_150' title='bbox 461 1411 552 1441; x_wconf 92' lang='lat' dir='ltr'>esse</span> <span class='ocrx_word' id='word_1_151' title='bbox 573 1412 708 1456; x_wconf 85' lang='lat' dir='ltr'>quam</span> <span class='ocrx_word' id='word_1_152' title='bbox 728 1412 887 1456; x_wconf 87' lang='lat' dir='ltr'>pecora</span> <span class='ocrx_word' id='word_1_153' title='bbox 902 1432 914 1453; x_wconf 87' lang='lat'>,</span> <span class='ocrx_word' id='word_1_154' title='bbox 939 1399 1063 1458; x_wconf 89' lang='lat' dir='ltr'>quod</span> <span class='ocrx_word' id='word_1_155' title='bbox 1081 1398 1348 1458; x_wconf 87' lang='lat' dir='ltr'>distinguere</span> <span class='ocrx_word' id='word_1_156' title='bbox 1365 1434 1377 1455; x_wconf 89' lang='lat'>‚</span> <span class='ocrx_word' id='word_1_157' title='bbox 1402 1409 1446 1445; x_wconf 92' lang='lat' dir='ltr'>et</span> <span class='ocrx_word' id='word_1_158' title='bbox 1464 1404 1609 1446; x_wconf 86' lang='lat' dir='ltr'>nomi-</span> 
     </span>
     <span class='ocr_line' id='line_1_19' title="bbox 218 1466 1610 1531; baseline 0.003 -19"><span class='ocrx_word' id='word_1_159' title='bbox 218 1468 356 1512; x_wconf 91' lang='lat' dir='ltr'>natim</span> <span class='ocrx_word' id='word_1_160' title='bbox 377 1482 427 1512; x_wconf 87' lang='lat' dir='ltr'>ea</span> <span class='ocrx_word' id='word_1_161' title='bbox 444 1466 711 1524; x_wconf 91' lang='lat' dir='ltr'>discernere,</span> <span class='ocrx_word' id='word_1_162' title='bbox 736 1483 827 1514; x_wconf 90' lang='lat' dir='ltr'>non</span> <span class='ocrx_word' id='word_1_163' title='bbox 859 1469 942 1513; x_wconf 89' lang='lat' dir='ltr'>nisi</span> <span class='ocrx_word' id='word_1_164' title='bbox 975 1469 1084 1514; x_wconf 90' lang='lat' dir='ltr'>ratio</span> <span class='ocrx_word' id='word_1_165' title='bbox 1106 1479 1249 1530; x_wconf 88' lang='lat' dir='ltr'>potest</span> <span class='ocrx_word' id='word_1_166' title='bbox 1265 1505 1276 1527; x_wconf 87' lang='lat'>,</span> <span class='ocrx_word' id='word_1_167' title='bbox 1306 1486 1407 1531; x_wconf 78' lang='lat' dir='ltr'>quae</span> <span class='ocrx_word' id='word_1_168' title='bbox 1434 1471 1490 1516; x_wconf 92' lang='lat' dir='ltr'>de</span> <span class='ocrx_word' id='word_1_169' title='bbox 1510 1471 1610 1531; x_wconf 90' lang='lat' dir='ltr'>ipsis</span> 
     </span>
     <span class='ocr_line' id='line_1_20' title="bbox 215 1537 1610 1598; baseline 0.003 -16"><span class='ocrx_word' id='word_1_170' title='bbox 215 1538 397 1598; x_wconf 87' lang='lat' dir='ltr'>judicat.</span> <span class='ocrx_word' id='word_1_171' title='bbox 420 1539 507 1584; x_wconf 89' lang='lat' dir='ltr'>Sed</span> <span class='ocrx_word' id='word_1_172' title='bbox 528 1539 621 1583; x_wconf 86' lang='lat' dir='ltr'>haec</span> <span class='ocrx_word' id='word_1_173' title='bbox 644 1537 780 1584; x_wconf 88' lang='lat' dir='ltr'>facilis</span> <span class='ocrx_word' id='word_1_174' title='bbox 805 1539 914 1584; x_wconf 89' lang='lat' dir='ltr'>ratio</span> <span class='ocrx_word' id='word_1_175' title='bbox 935 1548 1028 1597; x_wconf 82' lang='lat' dir='ltr'>est3</span> <span class='ocrx_word' id='word_1_176' title='bbox 1052 1540 1139 1585; x_wconf 89' lang='lat' dir='ltr'>cito</span> <span class='ocrx_word' id='word_1_177' title='bbox 1159 1540 1277 1585; x_wconf 87' lang='lat' dir='ltr'>enim</span> <span class='ocrx_word' id='word_1_178' title='bbox 1293 1542 1426 1586; x_wconf 90' lang='lat' dir='ltr'>homo</span> <span class='ocrx_word' id='word_1_179' title='bbox 1447 1541 1610 1586; x_wconf 84' lang='lat' dir='ltr'>intelli·</span> 
     </span>
     <span class='ocr_line' id='line_1_21' title="bbox 219 1605 1609 1670; baseline 0.002 -18"><span class='ocrx_word' id='word_1_180' title='bbox 219 1609 281 1667; x_wconf 86' lang='lat' dir='ltr'>git</span> <span class='ocrx_word' id='word_1_181' title='bbox 296 1624 340 1653; x_wconf 90' lang='lat' dir='ltr'>se</span> <span class='ocrx_word' id='word_1_182' title='bbox 357 1608 582 1653; x_wconf 90' lang='lat' dir='ltr'>meliorem</span> <span class='ocrx_word' id='word_1_183' title='bbox 600 1623 690 1653; x_wconf 92' lang='lat' dir='ltr'>esse</span> <span class='ocrx_word' id='word_1_184' title='bbox 710 1605 944 1668; x_wconf 83' lang='lat' dir='ltr'>pecoribus</span> <span class='ocrx_word' id='word_1_185' title='bbox 965 1628 974 1655; x_wconf 70' lang='grc' dir='ltr'>ι</span> <span class='ocrx_word' id='word_1_186' title='bbox 993 1609 1068 1654; x_wconf 91' lang='lat' dir='ltr'>illa</span> <span class='ocrx_word' id='word_1_187' title='bbox 1084 1619 1148 1655; x_wconf 88' lang='lat' dir='ltr'>est</span> <span class='ocrx_word' id='word_1_188' title='bbox 1169 1610 1358 1656; x_wconf 84' lang='lat' dir='ltr'>difficilis</span> <span class='ocrx_word' id='word_1_189' title='bbox 1379 1611 1504 1667; x_wconf 82' lang='lat' dir='ltr'>ratio,</span> <span class='ocrx_word' id='word_1_190' title='bbox 1522 1626 1609 1670; x_wconf 91' lang='lat' dir='ltr'>qua</span> 
     </span>
     <span class='ocr_line' id='line_1_22' title="bbox 221 1678 1609 1742; baseline 0.001 -19"><span class='ocrx_word' id='word_1_191' title='bbox 221 1678 421 1737; x_wconf 87' lang='lat' dir='ltr'>intelligit</span> <span class='ocrx_word' id='word_1_192' title='bbox 440 1680 488 1723; x_wconf 92' lang='lat' dir='ltr'>in</span> <span class='ocrx_word' id='word_1_193' title='bbox 509 1694 554 1723; x_wconf 92' lang='lat' dir='ltr'>se</span> <span class='ocrx_word' id='word_1_194' title='bbox 574 1680 668 1739; x_wconf 90' lang='lat' dir='ltr'>ipso</span> <span class='ocrx_word' id='word_1_195' title='bbox 685 1679 805 1724; x_wconf 90' lang='lat' dir='ltr'>aliud</span> <span class='ocrx_word' id='word_1_196' title='bbox 829 1694 919 1724; x_wconf 90' lang='lat' dir='ltr'>esse</span> <span class='ocrx_word' id='word_1_197' title='bbox 943 1680 1155 1726; x_wconf 88' lang='lat' dir='ltr'>rationale</span> <span class='ocrx_word' id='word_1_198' title='bbox 1180 1681 1301 1742; x_wconf 87' lang='lat' dir='ltr'>quod</span> <span class='ocrx_word' id='word_1_199' title='bbox 1326 1683 1457 1741; x_wconf 86' lang='lat' dir='ltr'>regit,</span> <span class='ocrx_word' id='word_1_200' title='bbox 1490 1681 1609 1726; x_wconf 85' lang='lat' dir='ltr'>aliud</span> 
     </span>
     <span class='ocr_line' id='line_1_23' title="bbox 220 1744 1609 1811; baseline 0.001 -18"><span class='ocrx_word' id='word_1_201' title='bbox 220 1748 406 1794; x_wconf 87' lang='lat' dir='ltr'>animale</span> <span class='ocrx_word' id='word_1_202' title='bbox 420 1749 540 1809; x_wconf 88' lang='lat' dir='ltr'>quod</span> <span class='ocrx_word' id='word_1_203' title='bbox 555 1750 733 1808; x_wconf 86' lang='lat' dir='ltr'>regitur.</span> <span class='ocrx_word' id='word_1_204' title='bbox 754 1744 810 1793; x_wconf 89' lang='lat' dir='ltr'>Et</span> <span class='ocrx_word' id='word_1_205' title='bbox 825 1751 1033 1810; x_wconf 89' lang='lat' dir='ltr'>quoniam</span> <span class='ocrx_word' id='word_1_206' title='bbox 1046 1751 1141 1795; x_wconf 77' lang='lat' dir='ltr'>haec</span> <span class='ocrx_word' id='word_1_207' title='bbox 1158 1752 1385 1796; x_wconf 84' lang='lat' dir='ltr'>secretiore</span> <span class='ocrx_word' id='word_1_208' title='bbox 1401 1751 1609 1811; x_wconf 87' lang='lat' dir='ltr'>sapientia</span> 
     </span>
     <span class='ocr_line' id='line_1_24' title="bbox 221 1819 1610 1880; baseline 0 -16"><span class='ocrx_word' id='word_1_209' title='bbox 221 1819 363 1875; x_wconf 85' lang='lat' dir='ltr'>videt,</span> <span class='ocrx_word' id='word_1_210' title='bbox 387 1820 525 1879; x_wconf 86' lang='lat' dir='ltr'>ipsam</span> <span class='ocrx_word' id='word_1_211' title='bbox 536 1821 746 1865; x_wconf 81' lang='lat' dir='ltr'>visionem</span> <span class='ocrx_word' id='word_1_212' title='bbox 766 1829 975 1864; x_wconf 84' lang='lat' dir='ltr'>secretam</span> <span class='ocrx_word' id='word_1_213' title='bbox 999 1822 1174 1870; x_wconf 85' lang='lat' dir='ltr'>nomine</span> <span class='ocrx_word' id='word_1_214' title='bbox 1195 1821 1357 1880; x_wconf 86' lang='lat' dir='ltr'>soporis</span> <span class='ocrx_word' id='word_1_215' title='bbox 1379 1821 1610 1880; x_wconf 79' lang='lat' dir='ltr'>significari</span> 
     </span>
     <span class='ocr_line' id='line_1_25' title="bbox 221 1889 1610 1950; baseline 0 -16"><span class='ocrx_word' id='word_1_216' title='bbox 221 1889 428 1945; x_wconf 87' lang='lat' dir='ltr'>arbitror,</span> <span class='ocrx_word' id='word_1_217' title='bbox 454 1905 586 1949; x_wconf 90' lang='lat' dir='ltr'>quem</span> <span class='ocrx_word' id='word_1_218' title='bbox 608 1890 784 1934; x_wconf 79' lang='lat' dir='ltr'>immisit</span> <span class='ocrx_word' id='word_1_219' title='bbox 806 1893 919 1934; x_wconf 90' lang='lat' dir='ltr'>Deus</span> <span class='ocrx_word' id='word_1_220' title='bbox 940 1891 985 1934; x_wconf 90' lang='lat' dir='ltr'>in</span> <span class='ocrx_word' id='word_1_221' title='bbox 1011 1891 1168 1945; x_wconf 81' lang='lat' dir='ltr'>Adam,</span> <span class='ocrx_word' id='word_1_222' title='bbox 1194 1889 1372 1950; x_wconf 86' lang='lat' dir='ltr'>quando</span> <span class='ocrx_word' id='word_1_223' title='bbox 1393 1891 1432 1934; x_wconf 92' lang='lat' dir='ltr'>ei</span> <span class='ocrx_word' id='word_1_224' title='bbox 1454 1891 1610 1934; x_wconf 87' lang='lat' dir='ltr'>mulier</span> 
     </span>
     <span class='ocr_line' id='line_1_26' title="bbox 221 1959 1609 2020; baseline 0.001 -15"><span class='ocrx_word' id='word_1_225' title='bbox 221 1959 336 2005; x_wconf 86' lang='lat' dir='ltr'>facta</span> <span class='ocrx_word' id='word_1_226' title='bbox 358 1963 465 2005; x_wconf 83' lang='lat' dir='ltr'>est1.</span> <span class='ocrx_word' id='word_1_227' title='bbox 491 1963 548 2005; x_wconf 90' lang='lat' dir='ltr'>Ut</span> <span class='ocrx_word' id='word_1_228' title='bbox 565 1961 682 2005; x_wconf 88' lang='lat' dir='ltr'>enim</span> <span class='ocrx_word' id='word_1_229' title='bbox 694 1961 779 2005; x_wconf 91' lang='lat' dir='ltr'>hoc</span> <span class='ocrx_word' id='word_1_230' title='bbox 800 1960 1022 2015; x_wconf 86' lang='lat' dir='ltr'>videatur,</span> <span class='ocrx_word' id='word_1_231' title='bbox 1048 1976 1138 2005; x_wconf 90' lang='lat' dir='ltr'>non</span> <span class='ocrx_word' id='word_1_232' title='bbox 1153 1970 1216 2005; x_wconf 89' lang='lat' dir='ltr'>est</span> <span class='ocrx_word' id='word_1_233' title='bbox 1237 1976 1346 2020; x_wconf 91' lang='lat' dir='ltr'>opus</span> <span class='ocrx_word' id='word_1_234' title='bbox 1365 1960 1503 2006; x_wconf 90' lang='lat' dir='ltr'>oculis</span> <span class='ocrx_word' id='word_1_235' title='bbox 1519 1961 1609 2006; x_wconf 88' lang='lat' dir='ltr'>istis</span> 
     </span>
     <span class='ocr_line' id='line_1_27' title="bbox 220 2031 1609 2092; baseline 0 -16"><span class='ocrx_word' id='word_1_236' title='bbox 220 2032 438 2092; x_wconf 88' lang='lat' dir='ltr'>corporeis</span> <span class='ocrx_word' id='word_1_237' title='bbox 453 2066 465 2087; x_wconf 91' lang='lat'>,</span> <span class='ocrx_word' id='word_1_238' title='bbox 490 2031 565 2076; x_wconf 89' lang='lat' dir='ltr'>sed</span> <span class='ocrx_word' id='word_1_239' title='bbox 586 2041 750 2092; x_wconf 85' lang='lat' dir='ltr'>quanto</span> <span class='ocrx_word' id='word_1_240' title='bbox 772 2031 957 2092; x_wconf 88' lang='lat' dir='ltr'>quisque</span> <span class='ocrx_word' id='word_1_241' title='bbox 975 2031 1030 2075; x_wconf 86' lang='lat' dir='ltr'>ab</span> <span class='ocrx_word' id='word_1_242' title='bbox 1053 2032 1142 2076; x_wconf 89' lang='lat' dir='ltr'>istis</span> <span class='ocrx_word' id='word_1_243' title='bbox 1161 2031 1402 2076; x_wconf 87' lang='lat' dir='ltr'>visibilibus</span> <span class='ocrx_word' id='word_1_244' title='bbox 1418 2033 1547 2076; x_wconf 88' lang='lat' dir='ltr'>rebus</span> <span class='ocrx_word' id='word_1_245' title='bbox 1562 2032 1609 2076; x_wconf 87' lang='lat' dir='ltr'>in</span> 
     </span>
     <span class='ocr_line' id='line_1_28' title="bbox 219 2102 1606 2162; baseline -0.001 -15"><span class='ocrx_word' id='word_1_246' title='bbox 219 2103 424 2148; x_wconf 88' lang='lat' dir='ltr'>interiora</span> <span class='ocrx_word' id='word_1_247' title='bbox 441 2102 741 2162; x_wconf 82' lang='lat' dir='ltr'>intelligentiae</span> <span class='ocrx_word' id='word_1_248' title='bbox 759 2102 977 2146; x_wconf 85' lang='lat' dir='ltr'>secesserit</span> <span class='ocrx_word' id='word_1_249' title='bbox 999 2106 1012 2157; x_wconf 96' lang='lat'>(</span> <span class='ocrx_word' id='word_1_250' title='bbox 1031 2102 1113 2146; x_wconf 91' lang='lat' dir='ltr'>hoc</span> <span class='ocrx_word' id='word_1_251' title='bbox 1133 2111 1198 2146; x_wconf 91' lang='lat' dir='ltr'>est</span> <span class='ocrx_word' id='word_1_252' title='bbox 1219 2112 1366 2147; x_wconf 90' lang='lat' dir='ltr'>autem</span> <span class='ocrx_word' id='word_1_253' title='bbox 1382 2102 1505 2162; x_wconf 87' lang='lat' dir='ltr'>quasi</span> <span class='ocrx_word' id='word_1_254' title='bbox 1522 2102 1606 2148; x_wconf 91' lang='lat' dir='ltr'>ob-</span> 
     </span>
     <span class='ocr_line' id='line_1_29' title="bbox 220 2172 1605 2232; baseline -0.001 -12"><span class='ocrx_word' id='word_1_255' title='bbox 220 2173 502 2230; x_wconf 82' lang='lat' dir='ltr'>dormiscere)</span> <span class='ocrx_word' id='word_1_256' title='bbox 538 2182 662 2219; x_wconf 88' lang='lat' dir='ltr'>tanto</span> <span class='ocrx_word' id='word_1_257' title='bbox 696 2172 852 2217; x_wconf 89' lang='lat' dir='ltr'>melius</span> <span class='ocrx_word' id='word_1_258' title='bbox 885 2182 929 2217; x_wconf 90' lang='lat' dir='ltr'>et</span> <span class='ocrx_word' id='word_1_259' title='bbox 962 2173 1166 2219; x_wconf 86' lang='lat' dir='ltr'>sincerius</span> <span class='ocrx_word' id='word_1_260' title='bbox 1195 2172 1306 2218; x_wconf 86' lang='lat' dir='ltr'>illud</span> <span class='ocrx_word' id='word_1_261' title='bbox 1334 2172 1464 2218; x_wconf 86' lang='lat' dir='ltr'>videt.</span> <span class='ocrx_word' id='word_1_262' title='bbox 1507 2176 1605 2232; x_wconf 88' lang='lat' dir='ltr'>Ipsa</span> 
     </span>
     <span class='ocr_line' id='line_1_30' title="bbox 219 2242 1606 2305; baseline -0.001 -16"><span class='ocrx_word' id='word_1_263' title='bbox 219 2246 338 2290; x_wconf 88' lang='lat' dir='ltr'>enim</span> <span class='ocrx_word' id='word_1_264' title='bbox 358 2245 551 2305; x_wconf 85' lang='lat' dir='ltr'>cognitio</span> <span class='ocrx_word' id='word_1_265' title='bbox 566 2278 578 2300; x_wconf 85' lang='lat'>‚</span> <span class='ocrx_word' id='word_1_266' title='bbox 609 2259 696 2304; x_wconf 91' lang='lat' dir='ltr'>qua</span> <span class='ocrx_word' id='word_1_267' title='bbox 722 2243 984 2302; x_wconf 84' lang='lat' dir='ltr'>intelligitur</span> <span class='ocrx_word' id='word_1_268' title='bbox 1011 2244 1058 2287; x_wconf 88' lang='lat' dir='ltr'>in</span> <span class='ocrx_word' id='word_1_269' title='bbox 1085 2243 1210 2287; x_wconf 90' lang='lat' dir='ltr'>nobis</span> <span class='ocrx_word' id='word_1_270' title='bbox 1232 2242 1353 2288; x_wconf 87' lang='lat' dir='ltr'>aliud</span> <span class='ocrx_word' id='word_1_271' title='bbox 1374 2258 1463 2288; x_wconf 88' lang='lat' dir='ltr'>esse</span> <span class='ocrx_word' id='word_1_272' title='bbox 1483 2243 1606 2304; x_wconf 92' lang='lat' dir='ltr'>quod</span> 
     </span>
     <span class='ocr_line' id='line_1_31' title="bbox 221 2314 1603 2374; baseline -0.001 -14"><span class='ocrx_word' id='word_1_273' title='bbox 221 2317 389 2362; x_wconf 86' lang='lat' dir='ltr'>ratione</span> <span class='ocrx_word' id='word_1_274' title='bbox 415 2316 687 2371; x_wconf 82' lang='lat' dir='ltr'>dominetur,</span> <span class='ocrx_word' id='word_1_275' title='bbox 713 2314 834 2359; x_wconf 91' lang='lat' dir='ltr'>aliud</span> <span class='ocrx_word' id='word_1_276' title='bbox 856 2314 977 2374; x_wconf 86' lang='lat' dir='ltr'>quod</span> <span class='ocrx_word' id='word_1_277' title='bbox 998 2314 1156 2359; x_wconf 87' lang='lat' dir='ltr'>rationi</span> <span class='ocrx_word' id='word_1_278' title='bbox 1178 2314 1451 2374; x_wconf 85' lang='lat' dir='ltr'>obtemperet</span> <span class='ocrx_word' id='word_1_279' title='bbox 1466 2350 1477 2370; x_wconf 84' lang='lat'>‚</span> <span class='ocrx_word' id='word_1_280' title='bbox 1512 2315 1603 2373; x_wconf 89' lang='lat' dir='ltr'>ipsa</span> 
     </span>
     <span class='ocr_line' id='line_1_32' title="bbox 223 2385 1600 2448; baseline -0.001 -17"><span class='ocrx_word' id='word_1_281' title='bbox 223 2403 326 2447; x_wconf 84' lang='lat' dir='ltr'>ergo</span> <span class='ocrx_word' id='word_1_282' title='bbox 359 2388 552 2448; x_wconf 88' lang='lat' dir='ltr'>cognitio</span> <span class='ocrx_word' id='word_1_283' title='bbox 576 2387 712 2433; x_wconf 85' lang='lat' dir='ltr'>veluti</span> <span class='ocrx_word' id='word_1_284' title='bbox 744 2386 918 2431; x_wconf 82' lang='lat' dir='ltr'>effectio</span> <span class='ocrx_word' id='word_1_285' title='bbox 954 2386 1145 2431; x_wconf 69' lang='lat' dir='ltr'>mulieris</span> <span class='ocrx_word' id='word_1_286' title='bbox 1177 2395 1239 2430; x_wconf 85' lang='lat' dir='ltr'>est</span> <span class='ocrx_word' id='word_1_287' title='bbox 1269 2385 1323 2430; x_wconf 89' lang='lat' dir='ltr'>de</span> <span class='ocrx_word' id='word_1_288' title='bbox 1350 2396 1467 2431; x_wconf 86' lang='lat' dir='ltr'>costa</span> <span class='ocrx_word' id='word_1_289' title='bbox 1492 2386 1600 2441; x_wconf 79' lang='lat' dir='ltr'>viri,</span> 
     </span>
     <span class='ocr_line' id='line_1_33' title="bbox 222 2456 1603 2519; baseline 0 -19"><span class='ocrx_word' id='word_1_290' title='bbox 222 2469 397 2516; x_wconf 83' lang='lat' dir='ltr'>propter</span> <span class='ocrx_word' id='word_1_291' title='bbox 425 2459 779 2519; x_wconf 77' lang='lat' dir='ltr'>conjunctionem</span> <span class='ocrx_word' id='word_1_292' title='bbox 801 2456 1141 2516; x_wconf 78' lang='lat' dir='ltr'>significandam.</span> <span class='ocrx_word' id='word_1_293' title='bbox 1168 2456 1334 2501; x_wconf 86' lang='lat' dir='ltr'>Deinde</span> <span class='ocrx_word' id='word_1_294' title='bbox 1355 2466 1403 2502; x_wconf 87' lang='lat' dir='ltr'>ut</span> <span class='ocrx_word' id='word_1_295' title='bbox 1423 2457 1603 2517; x_wconf 85' lang='lat' dir='ltr'>quisque</span> 
     </span>
    </p>
   </div>
   <div class='ocr_carea' id='block_1_7' title="bbox 273 2545 509 2583">
    <p class='ocr_par' dir='ltr' id='par_1_8' title="bbox 273 2545 509 2583">
     <span class='ocr_line' id='line_1_34' title="bbox 273 2545 509 2583; baseline 0.013 -10"><span class='ocrx_word' id='word_1_296' title='bbox 273 2548 281 2565; x_wconf 78' lang='lat'><strong>¹</strong></span> <span class='ocrx_word' id='word_1_297' title='bbox 302 2545 368 2574; x_wconf 83' lang='lat' dir='ltr'>Gen</span> <span class='ocrx_word' id='word_1_298' title='bbox 402 2555 436 2583; x_wconf 86' lang='lat' dir='ltr'>u,</span> <span class='ocrx_word' id='word_1_299' title='bbox 455 2552 509 2577; x_wconf 80' lang='lat'>21.</span> 
     </span>
    </p>
   </div>
   <div class='ocr_carea' id='block_1_8' title="bbox 1667 0 1729 3143">
    <p class='ocr_par' dir='ltr' id='par_1_9' title="bbox 1667 0 1729 3143">
     <span class='ocr_line' id='line_1_35' title="bbox 1667 0 1729 3143; baseline 0 0"><span class='ocrx_word' id='word_1_300' title='bbox 1667 0 1729 3143; x_wconf 95' lang='lat' dir='ltr'> </span> 
     </span>
    </p>
   </div>
  </div>
 </body>
</html>
