1729 3143
244 196 326 236 134
676 208 708 232 s.
745 203 975 230 Aucusnm
1008 205 1189 233 Emscom

240 290 340 320 cum
363 273 578 317 diceretur
599 289 607 314 z
638 268 900 312 «Faciamus
921 269 1143 314 hominem
1168 272 1223 315 ad
1244 272 1476 331 imaginem
1500 282 1544 318 et
1565 274 1623 319 si-

243 365 262 387 »
301 342 828 392 militudinemnostram‚
847 357 867 379 »
898 348 947 383 ut
971 341 1151 385 Trinitas
1183 356 1297 385 unus
1325 345 1438 386 Deus
1464 342 1625 388 intelli÷
1693 350 1698 359 '

247 424 442 475 geretur3
465 413 609 454 statim
633 409 915 468 subjunctum
944 419 1038 456 est:
1076 413 1170 456 «Et
1198 411 1301 456 fecit
1334 415 1448 457 Deus
1483 414 1628 458 homi-

245 504 265 528 »
301 498 400 528 nem
420 516 431 535 ‚
475 479 530 524 ad
572 480 802 537 imaginem
848 495 970 524 suam
1009 479 1111 526 fecit
1153 482 1320 526 illum1.
1340 501 1361 524 n
1400 485 1514 528 Ecce
1550 500 1629 545 per

240 554 481 611 Scripturas
498 560 665 595 sanctas
680 550 865 594 Trinitas
881 566 996 595 unus
1016 555 1128 596 Deus
1141 553 1420 611 praedicatur,
1439 554 1628 599 Arianus

236 623 460 668 convictus
482 619 719 680 aliquando
741 619 1056 665 confundatur.
1080 623 1163 667 Sed
1179 622 1280 666 audi
1298 622 1464 678 adhuc,
1488 624 1632 668 haere-

235 693 335 748 tice,
360 691 604 751 apostolum
626 690 810 734 Paulum
822 691 1156 735 convincentem
1174 701 1218 736 te
1231 702 1275 736 et
1293 691 1524 737 docentem
1539 709 1627 750 me,

235 764 338 809 audi
365 763 474 824 quid
501 763 556 806 de
585 765 675 806 Deo
696 762 806 806 Filio
828 761 944 806 dicat
966 781 975 807 ε
1014 764 1165 807 «Cum
1182 797 1194 817 ‚
1219 763 1391 822 inquit,
1424 765 1469 807 in
1491 763 1632 809 forma

237 853 258 878 »
284 834 364 880 Dei
386 843 522 889 esset,
543 849 633 877 non
656 833 853 891 rapinam
879 833 1115 877 arbitratus
1139 849 1230 878 esse
1249 833 1429 894 aequalis
1453 837 1585 879 De02.
1608 852 1629 877 »
1695 822 1700 868 ἒ

235 907 316 952 Ille
339 922 439 951 eum
473 905 684 965 praedicat
715 903 957 965 aequalem,
995 915 1047 950 tu
1081 920 1181 949 eum
1216 904 1366 948 asseris
1399 904 1630 948 minorem.

234 977 319 1022 Cui
341 976 611 1021 credendum
635 985 725 1030 est,
753 974 966 1034 Apostolo
982 1009 993 1030 ‚
1020 990 1075 1019 an
1099 975 1208 1018 tibi?
1232 974 1329 1018 Tibi
1355 988 1487 1033 quem
1516 983 1634 1019 totus
1696 967 1700 983 ⁵

233 1048 351 1092 orbis
369 1047 552 1101 abjecit,
577 1060 634 1083 an
655 1044 718 1082 illi
736 1059 870 1098 quem
891 1053 1011 1082 totus
1038 1044 1232 1084 mundus
1254 1044 1475 1099 suscepit?
1496 1044 1635 1088 Cedat

233 1116 368 1174 igitur
389 1110 461 1156 vel
483 1124 578 1154 sero
612 1109 811 1153 convicta
840 1109 1099 1167 perversitas
1121 1120 1219 1164 tua,
1245 1111 1348 1170 quia
1373 1112 1464 1170 jam
1492 1120 1634 1156 totum

233 1183 454 1229 mundum
476 1178 668 1240 possedit
690 1178 952 1236 Evangelica
971 1188 1014 1223 et
1036 1179 1284 1239 Apostolica
1307 1180 1524 1226 doctrina.

296 1256 419 1298 VIII.
455 1251 551 1295 Alia
579 1265 757 1310 quoque
782 1248 989 1308 spelunca
1013 1249 1235 1294 latronum
1267 1266 1357 1295 non
1385 1251 1632 1309 bonorum,

235 1324 542 1371 haereticorum
579 1320 908 1378 pelagianorum
926 1354 937 1373 ,
968 1329 1011 1364 et
1041 1320 1381 1364 demonstranda
1413 1330 1477 1365 est
1498 1330 1542 1366 et
1563 1338 1636 1366 ca-

235 1393 414 1442 venda:
449 1393 544 1435 haec
582 1400 645 1434 est
681 1391 798 1432 enim
830 1405 979 1433 eorum
1018 1404 1219 1449 perversa
1259 1391 1473 1435 doctrina.
1521 1393 1635 1436 Cum
1704 1415 1705 1418 =

236 1468 455 1525 Scriptura
476 1463 591 1505 dicat
614 1480 622 1505 ε
653 1460 946 1504 «Maledictus
963 1461 1096 1505 homo
1114 1462 1190 1521 qui
1217 1477 1337 1520 spem
1361 1477 1482 1505 suam
1503 1462 1636 1521 ponit

240 1558 261 1581 »
296 1540 340 1582 in
365 1535 590 1589 homine&
612 1543 671 1583 et,
698 1531 773 1590 qui
798 1530 1024 1590 gloriatur,
1045 1532 1091 1574 in
1115 1533 1301 1575 Domino
1325 1531 1562 1590 glorietur4
1581 1549 1590 1575 ;
1610 1549 1631 1574 »

239 1609 309 1654 isti
331 1618 482 1652 contra
501 1641 511 1658 ‚
529 1606 613 1648 hoc
628 1601 907 1645 maledictum
932 1602 1153 1645 hominem
1173 1618 1262 1646 non
1286 1603 1509 1646 incurrere
1531 1617 1636 1661 pro-

243 1680 426 1725 mittunt
442 1712 452 1731 ‚
490 1676 523 1719 si
546 1675 601 1718 de
622 1689 666 1718 se
689 1673 1033 1733 praesumpserit,
1058 1672 1127 1717 vel
1156 1673 1200 1716 in
1228 1688 1272 1716 se
1304 1673 1397 1731 ipso
1429 1673 1637 1730 gloriatus

241 1749 389 1796 fucrit.
417 1746 502 1791 Sed
520 1744 625 1805 quid
649 1752 799 1788 contra
817 1744 896 1787 hos
919 1743 1055 1786 multa
1075 1743 1305 1786 dicamus?
1328 1745 1422 1786 Hoc
1440 1743 1638 1801 promisit

243 1831 286 1866 et
308 1828 430 1880 pater
446 1817 621 1861 illorum
642 1814 841 1859 diabolus
860 1813 922 1857 illi
940 1814 1081 1873 primo
1103 1813 1270 1858 homini
1291 1832 1300 1857 ε
1328 1815 1459 1857 «Non
1476 1822 1634 1868 morte,

248 1911 269 1935 »
295 1889 460 1950 inquit,
485 1887 679 1931 morieris
701 1904 711 1930 ;
736 1886 852 1929 eritis
873 1885 985 1928 sicut
1005 1883 1067 1927 dii
1081 1886 1112 1928 ⁵.
1133 1902 1152 1925 »
1188 1886 1325 1927 Deum
1345 1883 1634 1942 contempsit,

244 1959 434 2021 serpenti
456 1957 665 2010 credidit,
691 1964 734 1999 et
754 1955 875 2015 quod
898 1963 1121 2014 acceperat
1143 1953 1349 2013 perdidit.
1375 1953 1418 1998 Si
1436 1961 1542 1996 tunc
1563 1952 1638 1997 ille

242 2035 377 2078 homo
415 2045 505 2074 non
536 2028 622 2072 fuit
650 2035 825 2081 cautus,
859 2042 977 2070 nunc
999 2027 1132 2069 homo
1155 2033 1306 2069 caveat
1326 2023 1394 2067 vel
1417 2031 1633 2082 expertus.

244 2102 349 2147 Odit
368 2104 481 2145 Deus
501 2107 836 2159 praesumptores
855 2097 909 2140 de
926 2096 1090 2139 viribus
1107 2095 1209 2139 suis.
1231 2093 1348 2148 Quid
1363 2094 1478 2137 enim
1496 2093 1638 2137 valeat

242 2175 429 2219 liberum
453 2172 682 2215 arbitrium
706 2185 794 2213 non
826 2168 1024 2228 adjutum
1043 2203 1053 2222 ,
1084 2167 1131 2210 in
1154 2167 1247 2225 ipso
1267 2165 1406 2209 Adam
1429 2163 1637 2207 demons-

246 2253 407 2288 tratum
438 2251 515 2286 est.
546 2240 613 2286 Ad
642 2242 804 2284 malum
829 2237 990 2284 sufficit
1017 2238 1122 2293 sibi3
1147 2236 1201 2280 ad
1224 2236 1389 2279 bonum
1413 2250 1503 2277 non
1520 2268 1531 2289 ‚
1555 2233 1637 2278 nisi

245 2314 507 2373 adjuventur
529 2328 552 2356 a
577 2315 680 2356 Deo.
700 2311 870 2355 Primus
892 2310 1005 2353 enim
1029 2308 1103 2352 ille
1120 2309 1251 2351 homo
1267 2306 1432 2364 accepit
1447 2304 1636 2349 liberum

243 2384 471 2427 arbitrium
494 2391 662 2428 rectum
677 2417 688 2437 ,
714 2390 757 2425 et
781 2381 923 2440 posuit
945 2388 1046 2423 ante
1070 2393 1173 2422 eum
1199 2380 1332 2431 Deus,
1358 2377 1470 2420 sicut
1490 2375 1636 2434 Scrip-

291 2489 301 2506 ¹
331 2485 411 2516 Gen.
433 2495 457 2523 1,
475 2492 530 2524 27.
544 2501 586 2508 —
601 2490 615 2506 2
634 2483 749 2525 Philip.
768 2492 806 2523 11,
825 2481 857 2512 6.
871 2498 911 2504 -
926 2478 939 2504 3
956 2483 1076 2513 Jerem.
1095 2489 1174 2520 xvu,
1195 2477 1228 2510 5.
1251 2494 1292 2501 —
1311 2476 1329 2507 4
1351 2488 1364 2509 1
1386 2478 1459 2509 Gor.
1477 2487 1501 2518 1,
1523 2475 1577 2509 31.
1592 2491 1634 2499 —

250 2538 266 2563 ⁵
285 2541 365 2573 Gen.
380 2550 438 2579 m,
455 2537 524 2580 4-5.
