1729 3143
214 223 297 264 504
642 232 676 260 s.
713 230 944 260 Aueusnm
976 233 1158 262 Euscom

211 302 286 362 qui
302 301 377 344 Dei
395 296 678 342 substantiam
691 297 871 341 humani
880 298 1072 357 corporis
1085 299 1345 358 figuratione
1360 299 1589 345 describat:

209 370 284 416 sed
306 383 451 413 rursus
468 381 598 411 nemo
615 366 691 427 qui
716 366 770 421 ab
791 367 972 412 humani
993 369 1146 414 erroris
1164 369 1262 414 labe
1279 371 1490 430 sejungat.
1510 372 1594 414 Ita-

209 456 294 501 que
309 439 372 483 illi
389 442 499 498 quos
519 438 642 498 quasi
657 439 873 496 vagientes
887 438 1091 484 Ecclesiae
1102 440 1328 485 catholicae
1345 441 1482 485 ubera
1499 456 1595 486 sus-

211 518 406 565 tentant,
431 509 465 553 si
487 509 541 553 ab
562 509 774 554 haereticis
802 526 892 555 non
918 510 1080 556 fuerint
1109 511 1377 571 depraedati,
1412 527 1492 571 pro
1519 526 1597 557 suo

218 582 404 641 quisque
447 589 578 640 captu
615 579 867 642 viribusque
894 581 1177 634 nutriuntur,
1209 581 1599 643 perducunturque

213 651 321 696 alius
345 650 405 695 sic
423 685 434 706 ‚
469 650 578 695 alius
599 659 744 695 autem
767 651 825 695 sic
841 686 852 706 ‚
878 652 1068 711 primum
1088 653 1134 696 in
1155 652 1297 696 virum
1318 650 1564 712 perfectum
1584 687 1596 707 ,

213 722 373 766 deinde
407 722 461 765 ad
505 722 800 766 maturitatem
845 723 1137 784 canitiemque
1177 722 1397 783 sapientiae
1444 737 1597 782 perve-

210 794 361 847 niunt,
380 801 430 836 ut
452 791 511 836 eis
528 801 743 852 quantum
766 791 938 849 volunt,
961 795 1105 839 vivere
1126 810 1176 840 ac
1193 794 1436 839 beatissime
1456 794 1602 839 vivere

212 865 357 909 liceat.

270 935 437 978 XVIII.
483 932 656 978 Secutio
692 931 825 990 igitur
859 931 964 986 Dei,
1004 931 1222 976 beatitatis
1260 933 1477 992 appetitus
1506 943 1569 979 est
1591 953 1600 979 ε

212 1005 461 1051 consecutio
493 1012 638 1048 autem
659 1038 670 1057 ‚
708 1002 798 1062 ipsa
822 1003 1016 1047 beatitas,
1049 1005 1107 1047 At
1133 1018 1233 1047 eum
1255 1004 1478 1063 sequimur
1506 1004 1605 1048 dili-

216 1077 359 1136 gendo
378 1109 389 1130 ,
427 1073 738 1134 consequimur
758 1087 860 1118 vero
880 1107 890 1129 ‚
923 1088 1013 1117 non
1034 1088 1135 1118 cum
1157 1074 1241 1118 hoc
1264 1075 1444 1119 omnino
1466 1075 1605 1119 effici-

213 1162 314 1190 mur
334 1145 456 1206 quod
493 1153 556 1188 est
583 1144 675 1203 ipse
691 1178 703 1198 ‚
728 1142 804 1188 sed
835 1144 873 1187 ei
895 1144 1108 1202 proximi,
1135 1159 1325 1204 eumque
1357 1145 1539 1190 mirifico
1561 1154 1606 1190 et

216 1215 478 1275 intelligibili
505 1215 638 1260 modo
660 1215 961 1273 contingentes
979 1250 990 1270 ‚
1015 1216 1193 1276 ejusque
1214 1216 1395 1261 veritate
1418 1225 1460 1260 et
1481 1232 1607 1261 sanc-

217 1290 341 1334 titate
371 1288 544 1348 penitus
575 1285 777 1331 illustrati
800 1295 931 1347 atque
961 1287 1276 1347 comprehensi.
1311 1287 1389 1331 Ille
1416 1302 1607 1347 namque

216 1361 359 1419 ipsum
380 1358 531 1402 lumen
554 1367 618 1402 est
635 1392 646 1412 ‚
672 1356 798 1401 nobis
821 1366 967 1401 autem
985 1357 1039 1401 ab
1061 1357 1215 1401 eodem
1232 1356 1468 1401 illuminari
1486 1357 1602 1402 licet.

221 1450 242 1473 «
266 1430 506 1481 Maximum
524 1443 627 1487 ergo
645 1427 765 1488 quod
787 1427 843 1472 ad
865 1428 1037 1472 beatam
1061 1428 1192 1473 vitam
1213 1427 1335 1473 ducit
1354 1463 1365 1483 ,
1390 1429 1608 1488 primum-

221 1519 242 1543 »
267 1515 353 1561 que
383 1497 638 1544 mandatum
663 1507 754 1554 est,
790 1496 942 1557 diliges
971 1499 1205 1543 Dominum
1239 1502 1377 1543 Deum
1404 1508 1530 1543 tuum
1558 1515 1609 1543 ex

221 1591 242 1615 »
268 1581 361 1617 toto
383 1569 515 1616 corde
536 1579 614 1615 tuo
642 1579 685 1615 et
719 1569 862 1614 anima
890 1579 934 1615 et
961 1580 1109 1614 mente
1125 1573 1156 1614 1.
1182 1570 1471 1629 Diligentibus
1493 1571 1607 1615 enim

222 1662 242 1685 »
268 1646 440 1697 Deum,
477 1641 624 1686 omnia
660 1641 906 1701 procedunt
941 1641 988 1684 in
1016 1641 1183 1685 bonum
1202 1644 1236 1685 ².
1266 1660 1286 1683 η
1313 1641 1609 1695 Quamobrem

222 1711 354 1773 paulo
387 1721 485 1772 post
520 1711 636 1756 idem
675 1710 835 1756 Paulus
862 1730 870 1755 :
901 1712 1099 1757 «Certus
1121 1727 1217 1755 sum
1236 1746 1247 1767 ‚
1278 1712 1449 1771 inquit,
1489 1712 1610 1771 quod

226 1802 246 1825 »
273 1798 417 1843 neque
434 1797 572 1837 mors,
597 1796 742 1841 neque
760 1781 847 1825 vita
863 1815 874 1835 ‚
908 1796 1052 1840 neque
1069 1780 1224 1840 Angeli
1245 1816 1255 1835 ‚
1278 1797 1422 1841 neque
1443 1782 1578 1826 virtus
1595 1816 1607 1836 ,

225 1873 245 1896 »
270 1867 414 1914 neque
434 1852 640 1896 instantia
660 1887 671 1907 ‚
697 1866 839 1911 neque
861 1850 1008 1895 futura
1024 1886 1035 1906 ,
1062 1866 1205 1911 neque
1225 1850 1411 1896 altitudo
1432 1886 1442 1907 ,
1467 1867 1611 1913 neque

225 1944 245 1967 »
271 1923 543 1984 profundum
560 1958 571 1978 ,
597 1938 740 1983 neque
762 1933 961 1967 creatura
983 1922 1065 1967 alia
1087 1923 1248 1982 poterit
1267 1938 1346 1968 nos
1369 1939 1566 1982 separare
1588 1940 1612 1969 a

229 2017 246 2038 »
274 1996 480 2040 charitate
498 1994 596 2049 Dei,
615 2009 714 2053 quae
729 2003 793 2038 est
805 1994 851 2037 in
866 1994 1037 2039 Christo
1054 1996 1077 2038 J
1082 2009 1156 2039 esu
1173 1995 1360 2040 Domino
1376 1996 1565 2040 nostross.
1588 2013 1609 2037 »

229 2067 272 2112 Si
293 2066 425 2126 igitur
445 2064 726 2124 diligentibus
748 2067 888 2109 Deum
911 2064 1055 2109 omnia
1076 2066 1324 2125 procedunt
1344 2065 1389 2109 in
1410 2065 1577 2110 bonum
1600 2085 1610 2122 3

227 2147 270 2183 et
302 2152 522 2182 summum
550 2137 743 2192 bonum,
769 2135 890 2197 quod
910 2137 1040 2180 etiarn
1068 2138 1285 2197 optimum
1311 2136 1472 2182 dicitur
1488 2172 1499 2192 ‚
1524 2152 1614 2182 non

228 2209 360 2254 modo
381 2208 652 2266 diligendum
673 2222 764 2252 esse
784 2223 913 2252 nemo
933 2208 1115 2267 ambigit
1131 2243 1142 2264 ,
1168 2208 1244 2253 sed
1262 2208 1321 2253 ita
1343 2207 1613 2267 diligendum

229 2290 280 2325 ut
297 2280 407 2324 nihil
430 2278 614 2339 amplius
635 2278 816 2338 diligere
838 2277 1076 2324 debeamus
1098 2300 1110 2337 3
1133 2278 1268 2340 idque
1289 2279 1557 2338 significatur
1572 2289 1615 2324 et

229 2352 481 2412 exprimitur
501 2349 620 2411 quod
644 2349 812 2395 dictum
832 2360 895 2395 est
917 2370 926 2396 :
951 2369 970 2393 «
995 2353 1060 2395 Ex
1079 2360 1171 2396 tota
1192 2351 1336 2395 anima
1355 2386 1367 2407 ‚
1392 2360 1436 2395 et
1455 2367 1506 2395 ex
1522 2360 1615 2396 toto

235 2441 254 2464 »
280 2422 410 2467 corde
424 2457 436 2477 ‚
461 2431 504 2466 et
525 2437 575 2466 ex
595 2431 687 2466 tota
708 2431 854 2466 mente
877 2441 886 2467 ι
909 2440 930 2463 »
954 2422 1051 2481 quis
1072 2437 1220 2481 quaeso
1242 2422 1530 2475 dubitaverit,
1551 2421 1615 2464 his

234 2492 436 2536 omnibus
472 2492 715 2537 constitutis
749 2501 793 2536 et
824 2492 1065 2537 firmissime
1101 2491 1273 2536 creditis
1296 2527 1307 2547 ,
1345 2491 1454 2535 nihil
1488 2489 1616 2535 nobis

287 2583 296 2598 ¹
320 2578 410 2608 Deut.
431 2587 479 2617 vr,
498 2576 531 2617 5,
547 2580 580 2609 et
596 2576 717 2608 Matth.
737 2587 816 2617 xxu,
835 2576 889 2617 37.
905 2594 946 2601 —
962 2583 975 2599 ²
993 2578 1085 2609 Rom.
1105 2587 1174 2615 vm,
1189 2576 1242 2609 28.
1258 2592 1299 2599 -
1317 2573 1331 2598 ³
1349 2575 1429 2607 Ibid.
1453 2575 1570 2617 38-39.
