1729 3143
260 201 346 243 494
689 213 723 240 s.
758 208 989 240 Aucusnm
1021 213 1202 241 13121500121

254 281 483 339 quisquam
504 285 568 321 est
588 277 634 320 in
654 275 883 321 hominum
905 291 1085 336 genere,
1111 276 1188 337 qui
1213 290 1303 320 non
1329 276 1430 320 huic
1458 285 1632 320 senten-

254 349 350 403 tiae,
376 356 612 406 antequam
633 345 761 406 plene
787 347 841 391 sit
871 347 1024 391 emissa
1041 382 1052 401 ‚
1092 345 1348 391 consentiat.
1373 348 1531 390 Beatus
1550 361 1632 390 au-

253 427 341 462 tem
358 451 369 472 ‚
399 425 616 477 quantum
644 417 860 472 existimo,
891 432 1033 477 neque
1052 416 1126 461 ille
1148 416 1234 461 dici
1255 425 1420 475 potest,
1445 416 1523 476 qui
1543 431 1634 460 non
1696 431 1702 440 ·

253 488 386 532 habet
416 489 539 548 quod
574 497 718 544 amat,
756 489 1076 549 qualecumque
1107 489 1161 533 sit
1178 510 1189 546 3
1229 503 1371 548 neque
1405 488 1481 548 qui
1502 487 1635 531 habet
1699 480 1702 527 ἕ

251 557 371 618 quod
395 568 512 603 amat
527 593 538 614 ‚
564 559 599 603 si
620 559 801 604 noxium
819 560 899 617 sit3
926 575 1068 620 neque
1085 559 1161 620 qui
1178 574 1268 604 non
1287 566 1403 603 amat
1421 556 1544 618 quod
1559 557 1635 600 ha·
1697 565 1702 600 ‘z

250 630 338 684 het,
360 629 526 674 etiamsi
540 631 755 690 optimum
771 631 839 675 sit.
856 633 968 677 Nam
982 640 1024 675 et
1042 632 1119 691 qui
1137 631 1302 690 appetit
1318 629 1440 690 quod
1456 627 1635 688 adipisci

252 715 342 744 non
361 709 527 759 potest,
564 702 805 759 cruciatur3
833 709 875 745 et
897 702 973 762 qui
995 701 1178 761 adeptus
1198 710 1262 745 est
1282 701 1403 761 quod
1424 707 1634 758 appeten-

252 768 357 814 dum
380 779 578 826 nonest,
602 771 769 816 fallitur
786 792 796 828 3
821 780 865 815 et
880 772 1062 831 quinon
1076 772 1240 832 appetit
1256 770 1378 832 quod
1395 769 1636 829 adipiscen-
1698 779 1700 782 ⁴

250 840 356 886 dum
370 851 492 897 esset,
511 851 713 902 aegrotat.
740 843 859 887 Nihil
880 851 1027 884 autem
1046 843 1231 887 istorum
1253 842 1399 886 animo
1421 839 1634 897 contingit
1698 863 1703 890 ι

248 911 339 955 sine
359 912 528 956 miseria
555 931 564 957 :
589 926 670 955 nec
693 911 861 955 miseria
882 919 924 955 et
946 910 1172 956 beatitudo
1193 910 1240 954 in
1262 911 1439 954 homine
1461 925 1550 954 uno
1573 909 1633 954 si-
1699 932 1704 972 3

249 981 343 1026 mul
366 982 562 1026 habitare
581 990 902 1026 consueverunt
928 999 938 1026 z
962 980 1109 1025 nullus
1130 981 1264 1040 igitur
1284 980 1461 1025 illorum
1482 980 1634 1023 beatus
1656 1033 1669 1046 ο
1699 987 1704 1007 ’

248 1061 326 1096 est.
355 1057 567 1105 Quartum
597 1060 753 1106 restat,
790 1060 840 1096 ut
873 1052 1000 1096 video
1015 1086 1026 1105 ‚
1058 1052 1135 1095 ubi
1167 1052 1296 1095 beata
1328 1051 1416 1096 vita
1436 1049 1662 1104 inveneris
1700 1073 1701 1076 =

248 1132 402 1182 queat,
427 1138 529 1167 cum
545 1122 590 1167 id
610 1122 731 1183 quod
752 1131 815 1167 est
834 1122 1023 1167 hominis
1041 1123 1257 1181 optimum
1272 1157 1283 1177 ‚
1309 1130 1352 1166 et
1374 1131 1568 1176 amatur,
1591 1128 1636 1164 et
1698 1089 1727 1151 l·

249 1194 451 1238 habetur.
485 1193 604 1247 Quid
637 1194 754 1238 enim
781 1202 844 1238 est
879 1193 999 1238 aliud
1032 1192 1154 1253 quod
1189 1192 1373 1237 dicimus
1401 1191 1490 1236 frui
1509 1226 1522 1247 ‚
1552 1190 1634 1235 nisi
1701 1188 1705 1234 ἒ

248 1273 406 1324 praesto
426 1265 590 1308 habere
610 1264 731 1325 quod
752 1263 894 1324 diligis
911 1266 929 1308 Ρ
952 1267 1103 1325 Neque
1125 1264 1355 1325 quisquam
1378 1264 1530 1307 beatus
1551 1269 1632 1316 est,
1702 1292 1703 1295 ,

247 1335 325 1396 qui
341 1350 431 1379 non
451 1334 613 1379 fruitur
635 1349 702 1390 eo,
727 1334 848 1394 quod
867 1343 930 1379 est
946 1335 1136 1379 hominis
1155 1335 1372 1394 optimum
1390 1353 1401 1391 3
1420 1348 1500 1377 nec
1513 1332 1635 1393 quis-

247 1422 396 1466 quam,
414 1406 491 1466 qui
503 1421 553 1451 eo
567 1405 744 1462 fruitur,
761 1422 851 1451 non
872 1415 936 1451 est
953 1406 1121 1451 beatus.
1145 1409 1307 1450 Praesto
1328 1420 1432 1464 ergo
1447 1419 1536 1449 esse
1554 1418 1633 1448 no-
1700 1418 1703 1420 ·

248 1478 313 1522 bis
334 1477 467 1523 debet
489 1478 706 1537 optimum
729 1487 953 1533 nostrum,
984 1478 1018 1521 si
1041 1478 1166 1521 beate
1188 1477 1332 1521 vivere
1354 1476 1611 1536 cogitamus.

243 1606 246 1609 ἢ
306 1551 360 1592 V.
397 1549 604 1609 Sequitur
625 1559 674 1594 ut
696 1565 943 1610 quaeramus
964 1547 1073 1610 quid
1095 1548 1149 1593 sit
1169 1548 1357 1595 hominis
1386 1548 1602 1608 optimum
1618 1578 1631 1601 ‚
1702 1543 1703 1546 ’

248 1620 369 1680 quod
388 1618 585 1680 profecto
607 1619 797 1665 deterius
818 1635 906 1664 esse
933 1634 1067 1680 quam
1088 1620 1180 1679 ipse
1202 1620 1336 1664 homo
1361 1634 1451 1664 non
1472 1625 1629 1678 potest.

249 1691 452 1752 Quisquis
470 1692 586 1736 enim
607 1691 728 1752 quod
749 1707 793 1736 se
813 1692 906 1751 ipso
930 1700 993 1736 est
1021 1691 1212 1736 deterius
1229 1726 1240 1747 ‚
1265 1691 1464 1751 sequitur
1479 1724 1492 1745 ‚
1518 1689 1568 1732 fit
1588 1695 1634 1731 et

249 1761 340 1820 ipse
369 1761 572 1806 deterior.
609 1764 792 1821 Oportet
819 1771 966 1806 autem
998 1775 1174 1806 omnem
1203 1762 1425 1806 hominem
1446 1760 1492 1804 id
1513 1755 1635 1819 quod

248 1833 464 1892 optimum
485 1841 549 1876 est
569 1831 706 1892 sequi.
731 1834 829 1878 Non
846 1841 910 1876 est
931 1832 1065 1891 igitur
1086 1831 1263 1876 homine
1284 1831 1474 1875 deterius
1490 1830 1635 1874 homi·
1701 1819 1703 1864 Ῐ

247 1903 312 1948 nis
333 1904 565 1963 optimum.
593 1907 792 1948 Fortasse
812 1902 900 1947 tale
921 1902 1089 1962 aliquid
1110 1904 1192 1946 erit
1206 1937 1217 1958 ‚
1242 1902 1372 1962 quale
1387 1902 1479 1961 ipse
1500 1902 1634 1945 homo

248 1976 345 2018 est?
368 1977 434 2019 Ita
456 1975 509 2019 sit
525 1989 649 2030 sane,
677 1975 710 2018 si
727 1974 838 2018 nihil
856 1983 918 2018 est
938 1974 1116 2018 homine
1141 1973 1298 2018 melius
1315 2007 1326 2028 ‚
1350 1988 1440 2032 quo
1467 1970 1634 2032 perfrui
1702 2013 1705 2035 ,Ι

248 2045 394 2105 possit.
423 2047 465 2091 Si
488 2055 633 2091 autem
650 2045 898 2090 invenimus
916 2044 1082 2105 aliquid
1099 2044 1220 2105 quod
1236 2052 1280 2089 et
1295 2044 1474 2089 homine
1490 2043 1544 2088 sit
1560 2056 1636 2087 exa

250 2116 498 2172 cellenfius,
524 2125 567 2161 et
588 2125 747 2176 praesto
767 2131 856 2160 esse
879 2116 1041 2160 amanti
1060 2130 1149 2159 sese
1169 2114 1337 2160 homini
1359 2115 1516 2174 possit,
1537 2112 1636 2173 quis

251 2187 518 2232 dubitaverit
550 2187 719 2232 homini
754 2186 810 2231 ad
841 2186 888 2231 id
919 2184 1150 2230 nitendum
1177 2200 1268 2230 esse
1295 2193 1345 2229 ut
1376 2184 1529 2229 beatus
1553 2184 1633 2239 sit,

251 2259 373 2319 quod
389 2274 441 2304 eo
455 2259 549 2318 ipso
566 2258 643 2319 qui
658 2258 828 2313 nititur,
847 2256 1130 2302 manifestum
1151 2265 1214 2301 est
1230 2271 1319 2300 esse
1335 2254 1635 2315 praestantius?
1702 2264 1703 2278 ¹

251 2331 361 2375 Nam
382 2330 417 2375 si
437 2329 485 2374 id
506 2339 570 2374 est
591 2329 769 2374 beatum
782 2344 896 2384 esse,
917 2329 970 2373 ad
990 2328 1076 2373 tale
1098 2328 1266 2372 bonum
1286 2327 1530 2386 pervenisse
1546 2338 1636 2385 quo

254 2401 438 2461 amplius
459 2417 550 2446 non
570 2410 728 2461 potest,
747 2402 793 2445 id
811 2410 874 2446 est
891 2410 1038 2445 autem
1053 2399 1173 2460 quod
1190 2399 1374 2444 dicimus
1395 2398 1634 2458 optimum;

253 2485 343 2530 quo
365 2471 544 2516 tandem
565 2479 692 2531 pacto
713 2479 855 2531 potest
874 2471 923 2515 in
937 2485 987 2515 ea
1003 2469 1256 2515 definitione
1271 2468 1438 2514 includi
1454 2502 1466 2524 ,
1485 2466 1562 2529 qui
1580 2463 1637 2510 ad

257 2553 475 2585 summum
489 2541 656 2585 bonum
670 2555 798 2586 suum
813 2539 1011 2586 nondum
1028 2539 1302 2599 pervenerit?
1323 2547 1397 2583 aut
1413 2535 1636 2597 quomodo
1700 2590 1703 2602 λ
