1729 3143
212 185 297 227 434
641 197 674 223 s.
712 191 942 221 mausum
974 193 1159 222 EPISCOPI

210 265 336 325 gine,
361 262 416 307 de
436 275 522 320 qua
542 267 669 304 natus
691 267 754 303 est
782 257 979 305 Christus
1005 261 1037 303 ¹.
1065 261 1182 304 Fons
1211 267 1355 303 autem
1383 260 1588 305 ascende-

208 336 285 380 bat
318 333 371 377 de
404 340 516 375 terra
532 365 544 385 ,
575 339 619 374 et
638 330 844 388 irrigabat
871 344 1047 375 omnem
1067 330 1223 375 faciem
1244 339 1369 374 terrae
1386 333 1418 374 2.
1444 332 1592 376 Facies

207 414 333 450 terrae
350 435 361 456 ‚
385 400 431 444 id
452 409 516 445 est
529 435 540 455 ,
565 398 754 458 dignitas
774 408 901 444 terrae
918 435 929 455 ,
961 410 1098 446 mater
1121 400 1295 446 Domini
1315 401 1437 460 virgo
1458 402 1592 446 Maria

208 471 444 518 rectissime
466 470 692 530 accipitur,
717 486 850 532 quam
870 471 1062 530 irrigavit
1085 472 1268 532 Spiritus
1283 473 1492 527 sanctusss,
1517 472 1593 532 qui

208 542 343 588 fontis
360 551 404 586 et
425 556 551 601 aquae
570 540 749 586 nomine
767 541 813 585 in
829 541 1068 600 Evangelio
1090 541 1357 601 significatur
1373 576 1384 596 ,
1409 550 1460 586 ut
1475 541 1595 601 quasi

206 615 261 659 de
282 613 387 658 limo
409 611 485 657 tali
511 613 643 657 homo
666 611 740 656 ille
763 612 887 657 fieret
905 647 915 667 ,
940 613 1016 672 qui
1038 612 1299 658 constitutus
1319 612 1445 656 estin
1465 627 1594 671 para-

206 683 322 738 diso,
363 691 414 727 ut
447 691 700 742 operaretur
733 690 778 726 et
808 681 1077 739 custodiret,
1101 681 1148 726 id
1169 692 1262 739 est,
1299 683 1346 727 in
1370 680 1595 727 voluntate

209 754 345 799 Patris
362 787 373 807 ,
398 761 450 796 ut
470 766 562 797 eam
587 751 789 812 impleret
806 760 938 811 atque
957 762 1160 798 servaret.

265 824 519 867 XXXVIII.
543 824 654 867 Nam
677 831 946 881 praeceptum
970 823 1092 882 quod
1110 823 1275 882 accepit
1290 857 1301 877 ,
1326 837 1406 867 nos
1426 821 1596 881 accepi-

207 909 303 939 mus
322 894 368 937 in
389 891 464 937 illo
480 926 491 948 ,
517 892 619 951 quia
637 891 942 950 unusquisque
963 892 1233 936 Christianus
1250 908 1340 936 non
1356 893 1597 951 incongrue

206 963 389 1008 sustinet
410 975 642 1022 personam
657 960 846 1015 Christi,
873 959 1048 1004 dicente
1071 960 1164 1020 ipso
1189 962 1375 1006 Domino
1396 980 1405 1006 :
1430 961 1600 1015 «Quod

208 1053 228 1076 n
254 1033 413 1078 fecistis
449 1031 526 1075 uni
560 1045 611 1074 ex
645 1030 834 1074 minimis
863 1030 999 1086 meis,
1035 1031 1143 1074 mihi
1164 1028 1325 1075 fecistis
1345 1033 1377 1075 ⁴.
1405 1049 1426 1073 »
1453 1035 1598 1091 Atque

205 1105 375 1148 utinam
395 1101 641 1145 frueremur
659 1135 670 1155 ,
695 1101 808 1145 sicut
834 1109 898 1145 est
918 1110 1191 1161 praeceptum
1208 1136 1219 1157 ,
1244 1102 1363 1146 omni
1384 1099 1502 1160 ligno
1519 1116 1599 1160 pa·-

207 1173 361 1229 radisi,
387 1171 509 1233 quod
541 1171 755 1231 significat
789 1172 1000 1231 spiritales
1035 1172 1209 1217 delicias
1234 1191 1243 1216 :
1274 1191 1294 1214 «
1320 1175 1506 1216 Fructus
1526 1188 1601 1216 au·

213 1265 231 1287 »
257 1254 346 1289 tem
367 1243 540 1303 spiritus
562 1250 626 1286 est
642 1276 653 1297 ‚
688 1242 874 1287 charitas
893 1277 905 1298 ,
933 1241 1141 1302 gaudium
1159 1277 1169 1297 ‚
1194 1258 1277 1302 pax
1292 1277 1303 1298 ,
1339 1241 1601 1300 longanimi-

214 1336 232 1357 »
258 1323 324 1358 tas
343 1349 354 1368 ,
390 1312 634 1371 benignitas
655 1347 666 1366 ‚
706 1312 906 1368 bonitas,
940 1313 1047 1356 fides
1067 1347 1078 1367 ,
1111 1312 1424 1368 mansuetudo,
1457 1312 1600 1357 conti-

212 1404 233 1427 »
259 1383 465 1437 nentia⁵,
497 1402 514 1423 »
547 1383 659 1427 sicut
685 1381 922 1441 Apostolus
955 1383 1060 1426 dicit
1098 1402 1107 1427 ε
1143 1392 1186 1428 et
1216 1399 1306 1428 non
1328 1392 1602 1443 tangeremus

210 1456 382 1515 lignum
395 1456 440 1498 in
458 1453 603 1499 medio
619 1454 806 1514 paradisi
824 1453 1071 1513 plantatum
1088 1455 1281 1499 scientiae
1299 1454 1465 1500 boniet
1482 1453 1599 1510 mali,

212 1527 258 1571 id
279 1537 371 1583 est,
395 1541 486 1571 non
504 1525 714 1571 vellemus
731 1526 957 1585 superbire
979 1525 1034 1569 de
1052 1535 1207 1571 natura
1223 1535 1370 1571 nostra
1387 1561 1398 1581 ,
1424 1542 1522 1586 quae
1544 1527 1603 1571 si-

214 1608 289 1644 cut
317 1599 408 1658 jam
446 1597 632 1641 diximus
651 1631 662 1652 ,
698 1595 842 1641 media
863 1605 954 1652 est,
991 1605 1041 1640 ut
1077 1595 1249 1657 decepti
1280 1597 1601 1657 experiremur,

215 1668 324 1729 quid
355 1667 524 1712 intersit
551 1668 664 1711 inter
691 1667 928 1726 simplicem
950 1665 1083 1711 fidem
1103 1667 1360 1713 catholicam
1377 1703 1388 1724 ,
1415 1677 1459 1712 et
1479 1666 1605 1712 salla-

216 1740 302 1784 cias
324 1739 629 1783 haereticorum
651 1757 660 1782 :
682 1738 742 1782 ita
760 1738 876 1781 enim
894 1738 1170 1796 pervenimus
1188 1739 1243 1782 ad
1265 1738 1605 1796 dignoscentiam

217 1810 324 1855 boni
345 1818 388 1853 et
405 1808 522 1852 mali.
552 1827 572 1850 «
596 1810 704 1853 Nam
727 1815 899 1867 oportet
917 1841 928 1862 ,
955 1807 1119 1867 inquit,
1149 1808 1279 1851 etiam
1297 1808 1479 1853 haereses
1497 1824 1602 1863 esse,

221 1898 241 1922 >›
267 1889 318 1924 ut
338 1878 510 1939 probati
532 1876 750 1922 manifesti
770 1878 877 1921 fiant
900 1877 1013 1920 inter
1036 1892 1110 1921 vos
1124 1878 1155 1921 ὓ.
1186 1898 1203 1918 »
1235 1878 1410 1922 Etenim
1432 1893 1606 1938 serpens

220 1950 293 1995 ille
314 1948 554 1994 secundum
585 1948 859 2009 prophetiam
877 1981 888 2002 ,
924 1947 1225 1992 haereticorum
1256 1963 1420 1992 venena
1447 1949 1608 2007 signifi-

221 2031 318 2077 cat,
345 2030 388 2065 et
420 2020 605 2065 maxime
635 2020 816 2064 istorum
850 2018 1223 2073 Manichaeorum,
1262 2028 1304 2063 et
1340 2019 1608 2079 quicumque

222 2092 369 2137 Veteri
397 2094 672 2136 Testamento
693 2090 991 2134 adversantur.
1019 2092 1117 2134 Non
1138 2089 1253 2133 enim
1278 2089 1443 2150 aliquid
1465 2090 1607 2134 mani-

224 2163 372 2208 festius
390 2163 732 2224 praenuntiatum
750 2161 952 2215 arbitror,
972 2175 1105 2220 quam
1122 2161 1223 2204 istos
1238 2160 1283 2203 in
1300 2159 1374 2204 illo
1391 2170 1605 2220 serpente,

224 2234 292 2277 vel
313 2234 465 2294 potius,
479 2233 604 2278 illum
625 2233 672 2276 in
689 2232 779 2277 istis
803 2247 893 2276 esse
914 2229 1158 2274 vitandum.
1182 2229 1438 2275 Nulli-enim
1459 2230 1610 2291 loqua-

226 2306 317 2349 cius
346 2314 475 2365 atque
500 2303 734 2365 jactantius
757 2302 1021 2362 promittunt
1042 2300 1263 2345 scientiam
1286 2300 1391 2344 boni
1413 2310 1456 2344 et
1474 2300 1606 2356 mali,

227 2385 269 2419 et
290 2376 335 2419 in
356 2377 448 2435 ipso
470 2376 645 2420 homine
660 2409 671 2430 ‚
708 2383 916 2433 tanquam
937 2373 982 2416 in
1011 2371 1165 2416 arbore
1193 2387 1291 2431 quae
1326 2371 1518 2430 plantata
1546 2379 1609 2415 est

272 2482 283 2497 ¹
303 2481 392 2511 Rom.
421 2491 445 2520 1,
467 2480 497 2510 3.
514 2495 555 2501 —
571 2484 584 2500 ²
609 2480 690 2512 Gen.
712 2488 755 2516 11,
771 2476 805 2508 6.
821 2493 862 2499 -
879 2474 892 2499 ³
911 2478 1001 2508 Joan.
1023 2485 1078 2516 vn,
1103 2474 1155 2508 30.
1172 2491 1214 2498 —
1228 2473 1244 2506 4
1260 2474 1376 2508 Matth.
1400 2485 1474 2515 uir,
1493 2473 1546 2515 40.
1567 2490 1607 2496 —

231 2530 246 2554 5
266 2533 334 2565 Gal.
357 2545 391 2573 v,
412 2542 468 2566 22.
486 2551 526 2556 —
541 2531 556 2556 6
578 2543 591 2565 1
612 2536 684 2566 Cor.
707 2544 750 2574 xi,
772 2543 823 2574 19·
