1729 3143
552 195 606 222 DE
637 192 921 223 CATACLYSMO.
1343 189 1362 224 1
1372 189 1422 225 57

0 284 2 319 g
45 261 212 305 dictum
244 268 335 303 erat
362 277 370 303 z
399 277 418 300 «
444 259 664 303 Dederunt
686 259 731 302 in
753 274 893 303 escam
921 274 1060 303 meam
1089 258 1176 315 fel,
1207 268 1251 304 et
1279 260 1325 304 in
1360 262 1427 305 siti

0 351 1 354 ¹
47 349 68 372 »
94 344 189 373 mea
210 336 473 388 potaverunt
494 343 563 371 me
585 335 706 371 aceto
726 328 738 351 ¹
770 345 779 370 :
806 344 827 367 »
852 326 1062 371 inclinato
1089 326 1230 385 capite
1251 326 1431 372 tradidit

45 400 260 460 spiritum.
282 401 509 442 Venerunt
526 396 685 440 milites
702 430 713 450 ,
738 393 963 453 fregerunt
983 411 1109 441 crura
1129 395 1370 442 latronibus
1385 398 1431 441 in

44 485 174 515 cruce
200 468 489 528 pendentibus
513 485 522 511 z
549 466 605 510 ad
621 468 770 510 Jesum
788 474 934 509 autem
951 481 1053 509 cum
1073 467 1290 512 venissent
1307 502 1318 524 ,
1342 483 1431 512 non

0 556 1 580 z
45 539 269 597 fregerunt
301 538 391 596 ejus
430 549 584 591 crura,
621 543 672 578 ut
706 534 961 593 impleretur
984 569 996 590 ‚
1041 536 1099 580 ait
1125 537 1429 596 Evangelista‚

0 2518 3 2585 i

0 2726 4 2899 ἐ

0 607 1 619 ³
46 610 166 670 quod
188 608 405 666 Scriptum
424 616 488 651 est
513 625 522 650 :
553 625 572 648 «
593 607 651 650 Os
670 621 760 650 non
781 606 1085 650 comminuetis
1108 622 1160 651 ex
1182 623 1232 652 eo
1248 610 1279 652 ².
1304 627 1324 650 »
1351 609 1433 654 Sed

0 675 1 692 ³
47 695 161 724 unus
181 694 205 722 e
228 677 440 721 militibus
461 676 576 721 latus
596 677 688 736 ejus
705 676 901 736 aperuit,
928 685 972 721 et
993 677 1203 721 continuo
1221 677 1322 723 exiit
1341 694 1436 723 san-

47 749 142 809 guis
162 756 206 792 et
226 763 366 807 aqua,
403 762 503 807 quae
530 755 633 790 sunt
666 746 813 791 matris
851 746 1057 791 Ecclesiae
1091 747 1262 806 gemina
1294 763 1436 792 sacra-

44 827 207 864 menta.
230 817 445 862 Percussit
461 817 575 861 latus
588 816 740 862 lancea
756 826 1009 877 persecutor
1025 852 1036 873 ,
1061 826 1103 862 et
1117 817 1235 863 fudit
1249 819 1437 878 pretium

45 888 328 947 Redemptor.
376 887 456 931 Hic
489 888 662 945 sanguis
694 888 880 932 inebriat
911 897 1132 943 mentem,
1165 897 1216 932 ut
1246 903 1437 933 amorem

43 957 326 1002 obliviscatur
354 957 525 1001 mundi.
560 960 664 1001 Haec
686 973 799 1018 aqua
822 958 1009 1002 mundat
1032 959 1220 1002 animam
1236 993 1247 1013 ‚
1273 967 1324 1002 ut
1345 973 1441 1002 cor-

43 1043 126 1086 pus
149 1026 321 1071 sordes3
340 1036 484 1067 careat
498 1027 678 1066 diaboli-
696 1046 715 1066 «
733 1031 822 1067 Nec
840 1027 1092 1082 relinquetis
1120 1029 1363 1085 quidquam
1390 1043 1439 1072 ex

48 1114 67 1138 »
94 1111 144 1139 eo
167 1108 305 1152 usque
326 1092 374 1134 in
396 1105 538 1134 mane.
563 1108 583 1132 »
611 1092 705 1134 Hoc
726 1106 845 1134 nunc
867 1092 1010 1149 agitur
1030 1111 1038 1136 :
1060 1095 1307 1139 comeditur
1323 1097 1440 1141 enim

44 1179 181 1223 agnus
204 1177 282 1222 per
303 1169 479 1204 noctem
504 1160 634 1219 hujus
655 1160 802 1204 saeculi
820 1195 831 1215 ,
863 1170 913 1204 ut
943 1177 1045 1205 cum
1067 1177 1195 1207 mane
1226 1165 1339 1209 illud
1362 1182 1439 1211 ve-

0 1275 1 1299 }
46 1235 157 1279 nerit
185 1232 306 1293 quod
328 1245 556 1290 vesperum
578 1245 669 1275 non
691 1231 872 1275 habebit
886 1266 897 1286 ,
925 1247 1015 1276 non
1033 1234 1124 1292 jani
1146 1235 1358 1280 offeratur
1379 1253 1441 1281 sa-

0 1301 1 1304 *
49 1305 257 1350 crificium
279 1302 476 1361 imaginis
500 1301 622 1359 agni,
649 1301 723 1345 sed
746 1302 890 1360 ipsum
913 1318 1073 1360 agnum
1090 1320 1223 1364 quem
1244 1307 1442 1365 quotidie

0 1391 1 1423 t
51 1374 320 1420 comedimus
339 1409 349 1429 ,
389 1382 433 1416 et
463 1374 585 1431 cujus
622 1372 877 1429 sanguinem
911 1373 1103 1418 bibimus
1124 1409 1134 1429 ‚
1170 1376 1442 1423 inveniamus

47 1445 136 1490 illic
158 1460 258 1489 eum
282 1443 550 1488 sacer-dotem
572 1441 815 1501 perfectum
834 1477 844 1498 ‚
870 1458 1001 1502 quem
1020 1444 1090 1488 hic
1109 1460 1187 1503 pro
1207 1456 1353 1492 nostra
1375 1464 1442 1493 sa-

47 1516 140 1560 lute
165 1524 335 1560 constat
357 1514 564 1558 occisum.
587 1516 696 1566 Quae
718 1522 822 1558 sunt
844 1513 914 1556 hae
942 1514 1134 1573 picridiae
1153 1550 1163 1571 ,
1189 1516 1306 1562 olera
1325 1534 1442 1564 ama-

0 1630 1 1638 ,
50 1586 253 1631 ritudinis
269 1620 280 1640 ,
307 1600 406 1644 quae
422 1583 613 1629 comedit
628 1583 760 1627 Israel
774 1583 1002 1641 spiritalis?
1020 1586 1102 1629 nisi
1117 1602 1200 1631 vox
1211 1587 1285 1632 illa
1298 1605 1443 1635 amara

0 1648 2 1682 ἶ
51 1657 105 1700 ad
130 1664 302 1714 tempus
321 1663 571 1699 sanctorum
587 1656 833 1710 Martyrum
853 1655 1002 1699 emissa
1025 1671 1102 1714 per
1130 1667 1327 1703 sanctum
1359 1663 1444 1705 Da-

0 1748 2 1763 ›
50 1726 142 1781 vid,
158 1742 208 1770 ac
230 1725 471 1770 dicentium
492 1744 501 1769 ι
524 1743 543 1766 «
564 1724 738 1770 Cibabis
757 1739 834 1769 nos
851 1740 963 1784 pane
982 1725 1292 1785 lacrymarum,
1314 1740 1444 1791 etpo-

0 1809 2 1846 ;
55 1814 76 1838 >›
102 1805 198 1840 tum
211 1795 336 1840 dabis
351 1796 476 1840 nobis
497 1795 544 1839 in
558 1794 779 1852 lacrymis,
798 1794 844 1838 in
862 1798 1089 1841 mensura4
1107 1817 1116 1843 z
1131 1816 1151 1840 »
1167 1808 1210 1843 et
1227 1815 1304 1859 per
1319 1816 1444 1861 apos-

51 1865 193 1911 tolum
214 1864 400 1910 Paulum
423 1884 468 1910 z«
489 1868 542 1909 In
559 1865 766 1910 omnibus
784 1866 1113 1912 tribulationem
1127 1870 1342 1928 patimur,
1366 1873 1443 1917 sed

55 1954 77 1978 n
93 1952 183 1980 non
194 1937 524 1994 angustiamur&
539 1954 560 1978 »
573 1939 828 1981 Demonstra
841 1946 884 1981 et
893 1952 1059 1995 azyma,
1071 1949 1216 1984 sancte
1231 1941 1380 1998 Paule,
1391 1959 1444 1987 ex

56 2006 247 2050 Israelita
272 2007 435 2052 carnali
452 2006 652 2066 spiritalis
675 2008 870 2052 effectus.
892 2007 1132 2054 celebrasti
1149 2011 1265 2055 enim
1282 2014 1444 2057 Pascha

54 2090 155 2120 cum
174 2075 339 2135 populo
352 2085 514 2131 vetere,
531 2086 574 2120 et
586 2077 958 2137 quemadmodum
973 2095 1111 2127 novus
1127 2083 1318 2143 populus
1335 2084 1443 2142 figu-

54 2161 122 2192 ras
143 2146 190 2190 in
205 2146 433 2191 veritatem
449 2155 736 2203 converteret,
762 2157 812 2193 tu
831 2149 1033 2208 docuisti,
1059 2161 1107 2198 tu
1119 2152 1438 2200 demonstrasti.

55 2216 247 2261 Ostende
269 2232 373 2277 ergo
397 2232 548 2275 azyma
564 2219 915 2278 consparsionem
935 2237 1108 2268 novam.
1139 2225 1274 2271 «Non
1293 2226 1339 2269 in
1360 2224 1441 2269 fer-

58 2304 82 2329 »
107 2296 256 2332 mento
275 2322 286 2344 ‚
312 2288 458 2348 inquit
476 2323 487 2345 ‚
511 2289 647 2334 veteri
660 2324 676 2346 ,
708 2304 851 2350 neque
872 2291 916 2334 in
950 2290 1165 2340 fermento
1194 2294 1372 2340 malitiae
1399 2305 1442 2340 et

58 2375 82 2400 >›
105 2358 328 2418 nequitiae,
354 2360 431 2404 sed
449 2360 494 2405 in
514 2361 674 2418 azymis
691 2360 945 2407 sinceritatis
966 2372 1011 2409 et
1030 2365 1221 2410 veritatis
1239 2367 1272 2409 ⁶.
1300 2385 1321 2409 »

103 2461 118 2482 ἵ
141 2461 222 2494 Psal.
241 2472 348 2505 vani,
369 2470 424 2497 22.
439 2479 480 2487 ·—
497 2469 510 2488 2
528 2466 619 2497 Joan.
636 2475 702 2507 xix,
724 2465 778 2498 36.
798 2481 839 2490 --
853 2464 867 2489 3
889 2467 978 2501 Multi
994 2468 1121 2502 codices
1138 2467 1260 2503 habent
1272 2467 1439 2504 sordibus.

65 2515 136 2548 —4
158 2518 239 2551 Psal.
262 2530 371 2562 Lxxix,
385 2521 419 2554 6.
439 2538 481 2546 --·
494 2519 509 2546 ⁵
528 2533 541 2555 1
562 2524 634 2556 Cor.
654 2533 741 2563 1v‚—
756 2520 771 2545 6
789 2523 836 2559 Id.
857 2534 890 2565 v,
906 2528 938 2558 8.
