1729 3143
237 180 320 219 526
667 188 701 216 s.
739 188 970 216 Aususnm
1003 189 1185 216 smenon

232 270 355 300 mum
376 254 531 312 diligit.
552 251 621 296 Ad
637 266 793 311 corpus
807 252 928 312 quod
945 252 1148 311 pertinet,
1165 251 1381 295 medicina
1395 252 1616 295 nominata

233 335 294 371 est
317 344 326 370 ι
350 323 405 369 ad
427 323 614 367 animam
637 332 807 379 autem,
836 322 1077 383 disciplina.
1109 322 1195 368 Sed
1216 321 1476 367 medicinam
1498 336 1617 366 nunc

233 409 341 440 voco
356 429 368 449 ,
392 393 610 453 quidquid
632 394 814 438 omnino
834 393 1025 453 corporis
1046 392 1116 438 vel
1137 402 1286 438 tuetur
1312 391 1383 438 vel
1409 392 1619 436 instaurat

232 465 430 509 salutem.
467 465 536 508 Ad
566 465 680 509 hanc
706 466 855 526 itaque
876 465 1118 524 pertinent,
1142 479 1233 508 non
1256 479 1306 508 ea
1328 472 1500 507 tantum
1520 477 1620 522 quae

232 550 299 579 ars
321 549 474 579 eorum
503 534 678 579 exhibet
692 569 703 591 ,
737 535 812 595 qui
834 536 1009 595 proprie
1030 533 1190 578 medici
1212 534 1521 585 nominantur;
1544 532 1618 576 sed

231 605 361 649 etiam
379 604 502 649 cibus
519 614 562 649 et
579 614 708 665 potus
730 614 905 664 tegmen
927 614 970 650 et
993 614 1159 650 tectum
1175 638 1187 658 ,
1211 602 1406 648 defensio
1430 603 1621 662 denique

231 675 371 720 omnis
393 684 524 734 atque
545 676 748 731 munitio,
767 691 855 736 qua
876 684 1074 720 nostrum
1091 688 1249 733 corpus
1266 672 1472 718 adversus
1490 671 1621 716 etiam

229 753 429 786 externos
444 745 557 784 ictus
572 761 784 806 casusque
802 756 997 790 servatur
1018 764 1027 790 z
1048 760 1149 790 nam
1166 753 1211 789 et
1223 743 1374 798 fames,
1391 751 1436 787 et
1453 742 1560 797 sitis,
1577 749 1622 785 et

228 811 380 871 friguS,
405 819 449 855 et
468 819 596 856 aestus
611 845 622 865 ‚
648 819 692 855 et
714 817 934 870 quidquid
961 817 1225 861 extrinsecus
1251 815 1438 873 graviter
1458 813 1621 872 infligi-

228 892 301 926 tur
315 917 327 937 ,
351 881 551 938 salutem,
570 881 627 926 de
646 897 733 941 qua
755 896 872 925 nunc
892 881 1036 940 agitur
1050 914 1061 936 ,
1087 896 1262 925 manere
1283 897 1374 926 non
1392 886 1559 925 sinunt.

286 956 406 998 LIII.
441 956 585 1007 Quare
607 952 680 997 illa
703 952 850 997 omnia
865 987 876 1008 ,
904 952 1062 1012 quibus
1079 952 1383 1013 hujuscemodi
1409 951 1530 997 malis
1548 951 1619 996 in-

227 1023 521 1069 commodisve
543 1023 768 1078 resistitur,
793 1023 870 1083 qui
887 1023 1078 1068 officiose
1095 1032 1225 1084 atque
1240 1023 1491 1068 humaniter
1505 1038 1621 1082 prae-

227 1094 333 1138 bent
349 1129 360 1149 ,
387 1094 683 1139 misericordes
699 1103 927 1149 vocantur,
944 1095 1109 1138 etiamsi
1124 1094 1338 1154 sapientes
1359 1109 1498 1154 usque
1511 1092 1620 1138 adeo

226 1164 312 1209 sint
328 1199 339 1220 ‚
371 1173 422 1209 ut
444 1166 535 1224 jam
569 1164 692 1209 nullo
730 1164 861 1209 animi
894 1163 1045 1210 dolore
1079 1165 1357 1209 turbentur1.
1381 1167 1491 1210 Nam
1521 1164 1619 1224 quis

224 1236 396 1294 ignoret
416 1251 467 1280 ex
491 1252 542 1281 eo
564 1235 826 1296 appellatam
847 1251 937 1280 esse
960 1237 1298 1281 misericordiam
1314 1271 1326 1292 ‚
1353 1235 1474 1297 quod
1491 1235 1618 1279 mise-

226 1323 323 1352 rum
344 1323 420 1353 cor
441 1307 570 1353 faciat
590 1307 865 1353 condolentis
887 1308 1029 1354 alieno
1046 1307 1194 1353 malo?
1216 1311 1273 1353 Et
1295 1309 1393 1369 quis
1416 1323 1506 1353 non
1519 1323 1620 1353 con·

225 1377 351 1423 cedat
365 1379 419 1423 ab
436 1379 556 1423 omni
569 1379 737 1423 miseria
754 1379 943 1423 liberum
961 1395 1049 1424 esse
1062 1379 1223 1423 debere
1237 1379 1494 1438 sapientem,
1511 1393 1616 1423 cum

226 1449 428 1494 subvenit
455 1449 598 1509 inopi,
633 1464 735 1494 cum
767 1450 980 1494 usurienti
1009 1450 1155 1494 cibum
1178 1459 1354 1510 praestat
1375 1459 1618 1510 potumque

225 1519 415 1576 sitienti,
439 1536 540 1565 cum
562 1520 692 1565 vestit
713 1521 883 1565 nudum
898 1556 909 1576 ,
947 1536 1048 1566 cum
1068 1523 1350 1582 peregrinum
1372 1529 1489 1566 tecto
1509 1520 1620 1565 reci-

226 1590 314 1650 pit,
340 1607 442 1635 cum
471 1607 725 1651 oppressum
746 1591 928 1647 liberat,
960 1607 1062 1637 cum
1085 1592 1276 1654 denique
1298 1592 1617 1637 humanitatem

225 1675 347 1705 suam
368 1676 506 1721 usque
524 1661 579 1706 ad
601 1661 870 1722 sepulturam
893 1663 1076 1722 porrigit
1103 1664 1409 1708 mortuorum?
1437 1661 1618 1706 Etiamsi

223 1730 269 1774 id
290 1730 420 1776 faciat
434 1741 580 1776 mente
592 1731 844 1791 tranquilla,
865 1732 996 1777 nullis
1011 1733 1169 1778 aculeis
1188 1733 1350 1778 doloris
1364 1731 1612 1787 instinctus,

225 1800 300 1845 sed
323 1801 537 1847 adductus
562 1803 707 1846 officio
726 1802 947 1858 bonitatis,
969 1803 1210 1847 misericors
1228 1812 1373 1847 tamen
1391 1802 1615 1847 vocandus

226 1881 304 1916 est.
332 1873 444 1918 Huic
466 1874 582 1917 enim
605 1872 713 1917 nihil
734 1873 859 1917 obest
875 1888 1036 1918 nomen
1052 1908 1062 1928 ‚
1089 1889 1191 1918 cum
1214 1874 1324 1918 absit
1345 1873 1531 1917 miseria.

285 1945 396 1986 LIV.
435 1943 566 1988 Stulti
587 1958 690 1988 vero
711 1958 814 1988 cum
847 1943 1181 1988 misericordiam
1214 1944 1335 2004 quasi
1356 1943 1511 1988 vitium
1539 1943 1619 1987 de-

224 2011 384 2068 vitant,
409 2014 512 2073 quia
534 2014 679 2058 officio
700 2014 801 2058 satis
824 2014 988 2058 moveri
1009 2023 1262 2074 nequeunt,
1284 2014 1319 2058 si
1341 2027 1422 2058 nec
1440 2022 1618 2073 pertur-

225 2081 400 2127 batione
429 2092 764 2129 commoventur
781 2119 792 2139 ,
818 2084 1129 2143 congelascunt
1150 2084 1296 2144 potius
1319 2085 1461 2143 rigore
1483 2083 1619 2127 inhu-

226 2153 444 2199 manitatis
462 2189 473 2210 ,
498 2170 632 2214 quam
649 2154 827 2199 rationis
841 2154 1158 2215 tranquillitate
1176 2163 1446 2199 serenantur.
1467 2157 1621 2214 Itaque

228 2222 369 2269 multo
392 2224 653 2285 prudentius
675 2228 790 2269 Deus
811 2226 941 2269 etiam
965 2226 1056 2284 ipse
1077 2226 1317 2270 misericors
1334 2224 1494 2269 dicitur
1514 2244 1522 2269 :
1544 2223 1621 2285 qui

228 2294 600 2352 quemadmodum
620 2295 792 2341 dicatur
807 2330 818 2350 ,
843 2304 976 2340 restat
996 2295 1238 2354 intelligere
1255 2296 1306 2340 iis
1322 2295 1399 2355 qui
1415 2310 1506 2340 sese
1520 2296 1618 2339 ido-

230 2377 333 2407 neos
350 2365 557 2422 religione
575 2365 808 2426 studioque
825 2366 1103 2425 praestiterint
1123 2385 1133 2411 ε
1158 2381 1212 2410 ne
1231 2381 1333 2410 cum
1350 2365 1493 2411 verbis
1508 2369 1615 2410 doc—

231 2440 378 2478 torum
396 2435 543 2493 inepte
560 2437 724 2481 utimur
737 2471 748 2491 ,
771 2435 1053 2482 indoctorum
1073 2437 1238 2482 animas
1253 2437 1373 2497 prius
1389 2437 1616 2481 durescere

283 2522 293 2539 ¹
313 2516 392 2549 Vide
413 2527 424 2549 t
446 2518 589 2550 Retract.
611 2525 684 2559 cap.
704 2527 763 2559 vn,
780 2528 813 2553 n.
835 2519 868 2562 4.

1700 2158 1708 2332 *

1680 2547 1710 2678 l

1706 2708 1711 2884 ε

1709 2977 1729 3143 d
