1729 3143
203 186 283 222 552
634 192 663 218 s.
706 193 930 219 AUGUSTHU
967 193 1142 218 Ertscori

264 262 336 303 [X.
369 257 451 301 Sed
473 257 546 299 Dei
570 255 739 299 bonitas
754 270 804 299 eo
823 271 910 299 rem
931 255 1110 315 perduci
1133 270 1220 299 non
1238 256 1352 310 sinit,
1379 265 1421 299 et
1438 256 1578 300 omnia

198 328 439 373 deficientia
463 326 522 369 sic
546 324 734 380 ordinat,
752 334 802 369 ut
819 325 879 369 ibi
899 325 984 370 sint
1001 326 1075 369 ubi
1095 326 1477 384 congruentissime
1489 341 1580 385 pos-

197 400 284 443 sint
305 411 410 450 esse,
435 394 575 440 donec
597 394 806 439 ordinatis
828 396 1043 440 motibus1
1068 395 1123 440 ad
1146 396 1190 440 id
1220 405 1444 441 recurrant
1464 396 1582 440 unde

197 466 467 512 defecerunt.
495 468 648 525 Itaque
671 466 798 510 etiam
823 467 986 511 animas
1005 467 1251 522 rationales,
1273 468 1318 510 in
1340 467 1499 527 quibus
1521 476 1584 510 est

197 536 545 598 potentissimum
568 535 755 580 liberum
779 536 1022 592 arbitrium,
1051 536 1299 582 deficientes
1319 553 1342 582 a
1365 552 1424 588 se,
1449 537 1494 581 in
1517 537 1585 581 in-

196 607 425 652 ferioribus
446 621 656 651 creaturae
678 607 881 664 gradibus
904 607 1092 663 ordinat,
1116 607 1190 651 ubi
1214 607 1319 652 tales
1337 622 1426 652 esse
1441 606 1581 652 decet.

89 708 96 722 2
197 679 332 723 Fiunt
353 692 454 735 ergo
476 677 643 721 miserae
664 677 812 722 divino
835 678 1018 736 judicio,
1045 677 1151 722 dum
1173 678 1485 722 convenienter
1508 692 1587 737 pro

197 749 359 793 meritis
380 747 655 793 ordinantur.
677 751 741 791 Ex
760 763 849 808 quo
866 747 976 793 illud
995 749 1157 807 optime
1181 749 1347 793 dictum
1366 757 1445 803 est,
1468 749 1588 809 quod

197 819 592 863 insectarimaxime
606 817 750 862 soletis
769 835 777 862 :
806 819 929 875 «Ego
944 817 1055 862 facio
1070 820 1201 874 bona,
1222 829 1265 864 et
1282 834 1382 864 creo
1400 818 1585 864 mala².»

198 891 354 935 Creare
374 903 564 948 namque
586 887 744 931 dicitur
761 886 949 931 condere
967 896 1010 930 et
1031 889 1253 933 ordinare.
1273 892 1425 949 Itaque
1439 890 1484 933 in
1497 889 1590 949 ple—

198 961 344 1020 risque
365 958 681 1018 exemplaribus
702 958 759 1001 sic
775 958 983 1016 scriptum
1002 967 1066 1003 est
1083 974 1091 999 :
1118 977 1136 1000 «
1154 961 1248 1018 Ego
1266 959 1378 1004 facio
1398 960 1529 1014 bona,
1548 968 1591 1003 et

203 1049 222 1073 »
248 1030 391 1075 condo
415 1029 543 1073 mala.
568 1048 586 1070 »
613 1031 773 1073 Facere
795 1028 912 1073 enim
929 1037 1008 1084 est,
1032 1027 1155 1088 quod
1171 1030 1351 1074 omnino
1367 1044 1456 1074 non
1474 1038 1589 1074 erat:

201 1100 401 1146 Condere
425 1109 571 1144 autem
592 1135 603 1154 ,
629 1099 831 1144 ordinare
862 1098 982 1159 quod
1013 1108 1254 1160 utcumque
1278 1101 1368 1160 jam
1400 1109 1513 1155 erat,
1545 1109 1594 1144 ut

199 1171 355 1216 melius
378 1171 601 1229 magisque
619 1171 687 1214 sit.
716 1172 777 1214 Ea
804 1185 992 1230 namque
1015 1170 1165 1215 condit
1189 1174 1301 1215 Deus
1316 1206 1328 1226 ,
1351 1171 1395 1215 id
1413 1179 1497 1227 est,
1524 1186 1595 1216 or-

199 1243 337 1297 dinat,
363 1256 464 1286 cum
486 1241 590 1285 dicit
612 1260 620 1286 :
651 1259 671 1283 «
688 1239 844 1286 Condo
865 1240 996 1296 mala,
1018 1259 1038 1281 »
1065 1256 1164 1301 quae
1187 1241 1415 1295 deficiunt,
1441 1242 1485 1285 id
1512 1249 1594 1296 est,

199 1329 288 1358 non
308 1305 400 1358 esse
422 1311 628 1367 tendunt,
655 1327 745 1356 non
768 1327 817 1356 ea
839 1327 939 1371 quae
965 1311 1020 1356 ad
1043 1312 1088 1356 id
1110 1326 1199 1372 quo
1222 1310 1428 1366 tendunt,
1451 1326 1596 1371 perve-

201 1393 377 1428 nerunt.
393 1384 569 1428 Dictum
587 1392 650 1427 est
666 1384 782 1426 enim
800 1402 808 1428 ε
829 1381 946 1428 Nihil
960 1397 1036 1442 per
1049 1382 1244 1427 divinam
1258 1382 1594 1443 providentiam,

202 1456 258 1499 ad
278 1455 323 1499 id
342 1464 390 1498 ut
414 1470 503 1499 non
521 1456 574 1498 sit
594 1454 823 1513 pervenire
846 1453 1128 1511 permittitur.

168 1528 171 1533 ‘
255 1528 315 1569 X.
350 1526 609 1568 Tractantur
627 1524 720 1567 haec
741 1521 869 1567 latius
884 1532 927 1567 et
945 1524 1138 1579 uberius,
1158 1522 1233 1567 sed
1248 1522 1354 1567 dum
1368 1524 1596 1569 vobiscum

207 1598 367 1655 agitur,
392 1596 492 1640 satis
514 1604 591 1640 est.
613 1593 895 1639 Ostendenda
918 1595 1033 1638 enim
1050 1594 1175 1639 vobis
1191 1596 1324 1654 janua
1341 1593 1438 1650 suit,
1464 1610 1596 1655 quam

209 1666 461 1726 desperatis,
483 1674 524 1710 et
547 1664 860 1724 desperandam
884 1663 1024 1709 facitis
1046 1665 1272 1725 imperitis.
1298 1668 1406 1711 Nam
1429 1681 1504 1711 vos
1531 1666 1601 1709 in-

211 1737 404 1782 troducit
428 1752 557 1780 nemo
584 1736 663 1780 nisi
692 1735 894 1780 voluntas
925 1737 1039 1780 bona
1060 1758 1070 1793 3
1098 1752 1228 1796 quam
1252 1746 1448 1796 pacatam
1470 1737 1603 1781 efficit

213 1808 361 1852 divina
383 1807 612 1851 clementia
631 1841 641 1861 ‚
665 1807 777 1850 sicut
798 1806 843 1849 in
864 1807 1102 1865 Evangelio
1124 1808 1294 1851 canitur
1316 1826 1324 1852 ε
1356 1807 1534 1852 «Gloria
1558 1808 1603 1851 in

216 1897 235 1919 n
264 1877 440 1922 excelsis
465 1879 572 1932 Deo,
597 1886 639 1921 et
663 1877 707 1920 in
731 1885 843 1920 terra
868 1891 953 1935 pax
974 1875 1228 1919 hominibus
1252 1877 1378 1921 bonae
1398 1876 1603 1921 volunta-

215 1968 234 1990 »
260 1949 350 1992 tis³.
369 1964 391 1988 »
416 1947 523 1991 Satis
536 1955 614 2001 est,
636 1947 833 2006 inquam,
850 1954 900 1989 ut
914 1945 1097 1990 videatis
1113 1944 1285 1990 nullum
1310 1961 1400 1991 esse
1417 1946 1470 1991 de
1486 1947 1604 1992 bono

214 2029 256 2063 et
279 2018 392 2063 malo
415 2018 626 2077 religiosae
649 2017 954 2076 disputationis
971 2018 1149 2072 exitum,
1171 2018 1251 2061 nisi
1270 2018 1488 2078 quidquid
1510 2028 1572 2064 est
1591 2055 1602 2074 ,

214 2091 259 2134 in
277 2098 493 2150 quantum
505 2098 583 2144 est,
602 2104 652 2132 ex
672 2092 760 2132 Deo
778 2089 831 2132 sit
851 2107 859 2133 :
881 2088 927 2132 in
948 2097 1161 2148 quantum
1185 2098 1327 2133 autem
1346 2089 1401 2133 ab
1424 2091 1605 2134 essentia

215 2162 377 2216 deficit,
404 2176 493 2206 non
515 2161 569 2204 sit
583 2175 635 2203 ex
656 2162 762 2215 Deo,
783 2159 858 2203 sed
876 2168 1023 2203 tamen
1041 2159 1187 2204 divina
1205 2160 1477 2219 providentia
1495 2176 1607 2205 sem-

219 2248 294 2292 per
323 2233 434 2276 sicut
464 2230 734 2276 universitati
757 2230 984 2289 congruit,
1014 2229 1254 2274 ordinetur.
1290 2229 1416 2284 Quod
1438 2232 1471 2275 si
1500 2247 1608 2277 non-

218 2304 325 2347 dum
347 2304 524 2359 videtis,
555 2303 662 2363 quid
699 2301 882 2360 amplius
917 2317 1035 2345 nunc
1067 2301 1221 2346 faciam
1253 2302 1424 2357 nescio,
1455 2303 1534 2346 nisi
1558 2312 1607 2347 ut

222 2375 430 2419 minutius
456 2375 583 2417 etiam
609 2382 788 2417 tractem
810 2373 889 2417 ista
912 2389 1010 2433 quae
1035 2372 1147 2416 dicta
1165 2382 1281 2417 sunt.
1304 2375 1401 2419 Non
1417 2374 1531 2418 enim
1552 2374 1606 2418 ad

222 2446 382 2503 majora
401 2454 592 2488 mentem
612 2444 690 2487 nisi
711 2444 845 2502 pietas
866 2444 1119 2503 puritasque
1136 2443 1350 2502 perducit.

270 2529 277 2546 ἵ
305 2537 310 2554 1
336 2531 477 2560 Reti-act.
499 2539 570 2569 cap.
593 2540 648 2566 vu,
668 2539 696 2558 n.
718 2528 749 2558 (ἱ,
770 2545 808 2549 —
831 2534 840 2549 ²
857 2527 928 2558 lsai.
951 2538 1022 2562 nv,
1045 2538 1073 2567 7.
1098 2545 1132 2549 -
1159 2525 1171 2547 ἶ
1195 2529 1270 2558 Luc.
1294 2539 1327 2567 lt,
1349 2526 1398 2568 ¹4·

1716 3023 1723 3143 w-
