1729 3143
274 194 356 233 196
702 204 735 228 s.
771 200 1003 229 Ancusnm
1036 201 1217 228 EPISCOH
1726 206 1729 252 1

267 269 438 328 pungit.
469 270 597 312 Certe
625 264 832 308 molestus
859 274 923 309 est
949 265 1061 324 patri
1095 283 1103 308 ;
1135 274 1180 308 et
1205 275 1316 310 esset
1351 267 1508 325 impius
1526 301 1536 321 ,
1568 268 1649 311 nisi

266 337 471 382 molestus
492 341 616 378 esset.
640 336 699 377 At
718 332 792 377 ille
808 349 941 394 quem
963 333 1151 379 delectat
1168 335 1299 390 mori,
1324 335 1553 380 molestum
1569 337 1651 380 sibi
1712 373 1714 379 ,

265 407 403 450 filium
436 405 545 449 tristi
579 413 756 463 aspectu
787 415 831 450 et
862 421 969 451 voce
1006 405 1284 450 reverberat:
1310 406 1490 459 Quiesce
1512 408 1649 461 mihi,
1713 407 1715 410 ’

263 475 371 535 quid
392 475 500 518 mihi
522 474 730 520 molestus
751 490 794 520 es
812 477 830 519 P
855 475 940 521 Sed
958 475 1152 520 medicus
1172 476 1232 520 ait
1247 511 1258 531 ,
1284 477 1385 535 quia
1406 477 1440 520 si
1463 476 1654 520 dormie-

262 545 343 599 ris,
370 545 579 590 morieris.
605 548 662 591 Et
687 545 760 591 ille
782 565 791 592 z
817 547 995 592 Dimitte
1017 561 1085 591 me
1101 581 1112 602 ‚
1143 546 1253 591 mori
1275 547 1392 591 volo.
1422 549 1560 591 Senex
1581 547 1652 590 di-

261 616 320 659 cit
344 634 353 661 :
379 616 492 661 Mori
513 616 614 662 volo
641 636 650 662 :
689 626 732 662 et
760 633 871 677 puer
894 618 1053 677 impius
1087 627 1177 673 est,
1205 618 1239 662 si
1271 632 1362 661 non
1385 617 1530 661 dicat:
1557 620 1652 675 Ego

258 686 377 731 nolo.
403 690 461 732 Et
477 687 550 732 illa
574 688 663 733 vita
686 689 839 748 utique
859 687 1109 747 temporalis
1131 696 1210 742 est,
1229 702 1310 731 nec
1331 686 1405 730 ille
1422 687 1468 730 in
1485 701 1534 729 ea
1552 701 1651 745 per-

258 766 417 817 petuus
439 759 547 815 erit,
574 760 646 804 cui
663 759 778 804 filius
795 769 859 804 est
873 759 1080 804 molestus
1102 769 1152 804 ut
1168 759 1351 815 excitet3
1375 773 1456 802 nec
1477 757 1551 802 ille
1574 758 1652 817 qui

258 829 440 873 abeunti
460 830 573 889 patri
594 839 638 875 et
658 829 891 875 decedenti
913 830 1122 875 succedit.
1149 831 1294 874 Ambo
1315 844 1392 889 per
1415 844 1510 873 eam
1528 837 1651 872 tran·
1708 842 1710 876 ζ

256 908 403 954 seunt‚
424 901 556 945 ambo
574 915 651 960 per
667 899 788 945 illam
808 900 1107 960 temporaliter
1125 899 1396 944 transvolant
1414 918 1424 942 ι
1445 906 1488 941 et
1504 906 1655 941 tamen
1706 903 1711 919 ’

256 967 379 1021 impii
411 978 538 1015 bunt,
576 970 658 1003 uini
694 970 750 1002 ad
780 970 919 1018 ipsam
941 970 1024 1003 sihi
1049 967 1330 1019 temporalem
1349 996 1361 1017 ‚
1387 967 1517 1007 etiam
1553 981 1654 1009 cum

254 1032 442 1077 invicem
470 1028 641 1074 molesti
669 1037 797 1084 sunt,
824 1028 1073 1075 consulant.
1096 1032 1296 1090 Ergo-ne
1322 1031 1451 1078 video
1471 1033 1654 1078 fratrem
1713 1045 1717 1050 ’

256 1117 406 1147 meum
427 1115 580 1146 somno
603 1100 745 1144 noxiae
766 1100 1093 1144 consuetudinis
1116 1102 1283 1160 premi,
1309 1112 1352 1147 et
1373 1119 1464 1147 non
1485 1105 1626 1149 excito
1639 1140 1650 1160 ‚

257 1173 365 1218 dum
388 1172 522 1216 timeo
540 1170 749 1215 molestus
765 1186 856 1216 esse
870 1170 1105 1217 dormienti
1121 1181 1252 1232 atque
1270 1175 1506 1232 pereunti?
1526 1175 1652 1220 Absit

256 1261 280 1288 a
303 1258 372 1287 me
393 1251 445 1286 ut
466 1243 550 1286 hoc
570 1240 761 1286 facerem
774 1277 790 1298 ,
814 1258 894 1287 nec
913 1244 948 1286 si
968 1242 1044 1287 illo
1062 1243 1160 1288 vivo
1180 1253 1329 1290 nostra
1344 1255 1649 1305 angustaretur
1705 1262 1712 1272 ⁸

257 1311 501 1358 haereditas.
529 1315 655 1358 Nunc
677 1327 780 1357 vero
795 1329 897 1357 cum
911 1312 1024 1357 illud
1041 1313 1162 1372 quod
1174 1316 1556 1374 accepturisumus
1577 1317 1651 1361 di-

256 1383 345 1429 vidi
367 1398 457 1427 non
474 1383 624 1441 possit,
643 1398 744 1426 cum
757 1398 998 1442 possessore
1015 1383 1305 1444 multiplicato
1321 1387 1542 1445 angustari
1561 1403 1651 1432 non

253 1454 412 1514 possit3
438 1469 528 1498 non
547 1468 648 1497 eum
666 1453 829 1513 erigam
845 1453 916 1499 vel
937 1453 1145 1500 molestus
1169 1465 1218 1500 ut
1240 1455 1415 1514 vigilet,
1439 1467 1483 1502 et
1499 1473 1650 1502 carens

253 1539 407 1570 somno
429 1523 707 1568 vetustissimi
730 1525 885 1569 erroris
908 1539 1082 1569 mecum
1108 1526 1154 1568 in
1182 1526 1438 1570 haereditate
1467 1527 1654 1585 gaudeat

253 1594 464 1639 unitatis?
487 1597 667 1639 Prorsus
689 1593 874 1654 faciam3
898 1595 933 1639 si
954 1596 1107 1653 vigilo,
1133 1594 1288 1641 faciam
1313 1616 1320 1641 :
1348 1597 1382 1641 si
1404 1612 1495 1642 non
1516 1596 1649 1654 facio,

262 1674 305 1709 et
326 1679 408 1724 ego
430 1664 616 1709 dormio.

315 1736 444 1778 XIII.
473 1734 740 1790 Charissimi,
759 1735 968 1779 Dominus
989 1735 1293 1794 interpellatus
1312 1746 1376 1781 est
1397 1752 1420 1780 a
1438 1736 1650 1797 quodam,
1700 1784 1701 1787 ,

257 1820 358 1850 cum
372 1804 511 1850 turbis
525 1805 792 1866 loqueretur,
811 1814 855 1849 et
870 1806 928 1850 ait
945 1804 1009 1849 illi
1028 1824 1036 1850 :
1059 1824 1080 1848 «
1098 1806 1298 1861 Domine,
1315 1806 1385 1850 dic
1397 1805 1521 1850 fratri
1535 1823 1650 1863 meo,

261 1895 283 1919 »
310 1886 360 1921 ut
381 1875 548 1922 dividat
578 1891 750 1921 mecum
772 1875 1088 1921 haereditatem.
1110 1894 1129 1917 »
1155 1879 1213 1920 Et
1240 1877 1452 1920 Dominus
1475 1897 1482 1921 ;
1511 1896 1530 1919 «
1557 1879 1650 1934 Dic,
1700 1905 1703 1922 s

261 1967 282 1990 »
307 1949 462 2003 homo,
494 1947 591 2007 quis
624 1962 692 1991 me
718 1947 946 1991 constituit
979 1945 1212 1990 divisorem
1248 1947 1512 1991 haereditatis
1539 1948 1655 1991 inter
1699 1951 1707 1997 ἱ

260 2037 280 2060 »
306 2034 381 2063 vos
396 2020 443 2060 1?
464 2036 483 2059 »
509 2020 605 2064 Non
627 2018 779 2077 utique
801 2016 1123 2075 dedignabatur
1139 2031 1415 2075 compescere
1433 2017 1654 2076 cupidita·
1698 2036 1715 2066 ,κ

258 2099 346 2133 tem
362 2123 373 2143 ,
398 2088 474 2132 sed
503 2087 682 2132 nolebat
713 2087 806 2131 fieri
831 2087 967 2147 judex
990 2087 1045 2130 ad
1067 2085 1341 2133 divisionem.
1367 2090 1452 2133 Nos
1475 2097 1622 2132 autem
1639 2124 1649 2143 ‚

261 2159 497 2205 charissimi
519 2193 529 2214 ,
555 2174 645 2202 non
663 2173 764 2201 eum
787 2174 934 2202 rerum
956 2156 1111 2201 talium
1128 2157 1323 2216 judicem
1346 2159 1617 2217 requiramus
1638 2193 1650 2214 ‚
1700 2198 1702 2219 ἰ

260 2231 362 2289 quia
388 2245 469 2275 nec
502 2228 599 2274 talis
630 2238 692 2272 est
726 2228 956 2272 haereditas
985 2237 1161 2272 nostra:
1188 2242 1296 2286 pura
1319 2227 1463 2271 fronte
1484 2262 1494 2282 ‚
1537 2228 1652 2272 bona

265 2301 524 2346 conscientia
545 2299 872 2359 interpellemus
901 2299 1139 2343 Dominum
1161 2306 1358 2341 nostrum
1372 2332 1382 2352 ‚
1408 2307 1451 2341 et
1474 2297 1590 2342 dicat
1613 2298 1652 2342 ei

263 2373 562 2432 unusquisque
585 2380 812 2415 nostrum:
840 2365 1049 2423 Domine,
1085 2368 1153 2411 dic
1183 2366 1306 2410 fratri
1336 2382 1433 2411 meo
1450 2402 1460 2422 ,
1487 2383 1576 2412 non
1599 2377 1649 2411 ut
1690 2378 1698 2423 j

264 2440 428 2485 dividat
445 2475 455 2495 ,
478 2442 554 2485 sed
568 2451 617 2485 ut
634 2450 780 2485 teneat
796 2455 969 2485 mecum
982 2437 1298 2484 haereditatem.
1318 2438 1435 2490 Quid
1452 2439 1566 2482 enim
1585 2439 1648 2482 vis
1690 2434 1693 2485 ἶ

314 2528 323 2564 ξ
349 2525 426 2558 Luc,
447 2535 506 2566 τω,
529 2525 566 2558 13
585 2529 617 2556 et
643 2523 694 2565 14.
