1729 3143
248 193 332 233 218
652 202 687 232 s.
720 201 954 232 AUGUSTIM
984 204 1167 234 1:1213001’1

247 269 459 325 diacono,
489 269 598 313 sicut
627 268 674 311 in
700 267 882 313 Actibus
905 269 1214 328 Apostolorum
1233 271 1395 333 legitur
1410 311 1421 333 ,
1446 278 1633 336 pecunia

246 339 385 386 voluit
407 355 431 383 a
459 338 614 382 sanctis
635 338 852 397 Apostolis
874 354 1017 384 emere
1031 375 1043 396 ,
1069 350 1120 386 ut
1141 342 1271 386 etiam
1292 359 1369 403 per
1388 346 1634 406 impositio-

246 425 348 454 nem
367 424 520 452 manus
543 409 635 467 ejus
653 406 831 452 daretur
850 411 1032 469 Spiritus
1054 421 1243 457 sanctus.
1270 414 1350 458 Hic
1364 417 1541 474 magicis
1551 416 1634 462 fal-

243 482 361 525 laciis
385 480 616 537 deceperat
635 479 812 525 multos.
839 482 1034 527 Docebat
1055 492 1202 528 autem
1223 485 1524 530 detestandam
1544 497 1635 533 tur·

243 549 488 611 pitudinem
510 549 811 595 indifferenter
827 552 980 597 utendi
997 552 1205 599 foeminis.
1225 557 1314 601 Nec
1329 559 1468 600 Deum
1485 556 1636 603 fecisse

242 620 459 665 mundum
483 620 670 665 dicebat.
706 622 902 681 Negabat
930 624 1062 668 etiam
1089 624 1230 670 carnis
1252 626 1632 674 resurrectionem.

241 695 297 736 Et
320 692 532 736 asserebat
560 708 604 737 se
630 707 720 737 esse
742 693 981 738 Christum.
1015 692 1229 753 Idemque
1257 697 1413 741 Jovem
1440 712 1485 741 se
1516 697 1637 743 credi

238 764 442 822 volebat3
467 764 708 809 Minervam
728 779 832 810 vero
849 765 1123 809 meretricem
1141 765 1379 825 quamdam
1395 766 1635 826 Helenen¹‚

239 850 371 894 quam
395 835 476 879 sibi
497 835 657 880 sociam
681 834 895 880 scelerum
915 833 1079 880 fecerat
1101 854 1110 880 z
1129 835 1427 896 imaginesque
1448 844 1492 879 et
1514 851 1638 882 suam

239 915 284 950 et
306 906 500 965 ejusdem
523 907 762 951 meretricis
780 906 1002 966 discipulis
1023 906 1110 951 suis
1126 905 1354 965 praebebat
1376 906 1635 965 adorandas,

238 991 347 1035 quas
382 986 424 1019 et
461 979 614 1021 Romae
650 986 863 1036 tanquam
894 977 1081 1021 deorum
1113 976 1344 1020 simulacra
1382 978 1641 1023 auctoritate

237 1045 416 1104 publica
446 1046 750 1090 constituerat.
778 1049 831 1090 In
853 1062 940 1106 qua
963 1045 1074 1090 urbe
1102 1044 1322 1105 apostolus
1353 1048 1507 1091 Petrus
1538 1060 1641 1091 eum
1691 1069 1709 1074 ·

237 1130 338 1160 vera
361 1116 524 1160 virtute
547 1117 625 1161 Dei
648 1117 960 1177 omnipotentis
982 1115 1180 1161 extinxit.

295 1189 355 1230 ῙῙ.
381 1180 691 1230 Menandriani
719 1194 742 1223 a
773 1183 1017 1232 Menandro
1047 1188 1179 1233 etiam
1207 1188 1302 1248 ipso
1322 1199 1478 1244 mago,
1507 1185 1639 1231 disci-

234 1253 343 1313 pulo
366 1254 458 1311 ejus
475 1287 486 1305 ,
512 1252 589 1310 qui
605 1250 824 1295 mundum
841 1256 1061 1304 asserebat
1081 1275 1173 1304 non
1190 1274 1215 1304 a
1232 1260 1325 1304 Deo
1340 1291 1353 1309 ‚
1377 1256 1453 1301 sed
1473 1257 1530 1302 ab
1546 1260 1638 1300 An-
1706 1251 1708 1275 ³

237 1323 342 1383 gelis
358 1321 540 1366 factum.

294 1396 377 1437 III.
405 1391 703 1437 Saturniniani
720 1393 781 1450 (6)
798 1406 822 1435 a
838 1390 1032 1451 quodam
1052 1390 1290 1436 Saturnino
1305 1425 1317 1447 ‚
1342 1391 1420 1451 qui
1440 1393 1636 1453 turpitu-

235 1464 385 1508 dinem
408 1461 705 1507 Simonianam
733 1462 780 1505 in
807 1461 932 1519 Syria
954 1461 1231 1505 confirmasse
1252 1461 1510 1521 perhibetur
1530 1482 1539 1509 :
1561 1466 1638 1524 qui

236 1535 368 1580 etiam
393 1532 612 1577 mundum
629 1531 743 1577 solos
762 1532 940 1592 angelos
961 1541 1128 1593 septem
1147 1541 1307 1592 praeter
1327 1534 1638 1580 conscientiam

234 1606 312 1651 Dei
335 1604 472 1649 Patris
495 1603 646 1648 fecisse
668 1603 860 1648 dicebat.

295 1678 372 1721 IV.
398 1674 647 1720 Basilidiani
673 1691 698 1719 a
723 1674 909 1718 Basilide
925 1708 937 1731 ,
962 1674 1039 1735 qui
1060 1675 1145 1719 hoc
1167 1673 1357 1720 distabat
1379 1689 1404 1719 a
1427 1675 1635 1721 Simonia·
1700 1663 1703 1673 ¹

234 1748 301 1791 nis
316 1781 327 1802 ,
348 1746 470 1806 quod
488 1754 822 1790 trecentos-sexa
831 1745 1168 1805 ginta-quinque
1185 1743 1320 1789 coelos
1335 1760 1424 1789 esse
1441 1745 1631 1802 dicebat,

237 1832 326 1877 quo
351 1831 538 1861 numelo
560 1817 730 1860 dierum
754 1831 893 1860 annus
915 1815 1172 1860 includitm.
1199 1815 1326 1859 Unde
1351 1816 1482 1859 etiam
1509 1815 1634 1876 quasi

240 1896 438 1931 sanctum
473 1901 636 1930 nomen
671 1885 1034 1940 commendabat,
1066 1885 1186 1944 quod
1209 1893 1301 1939 est
1331 1891 1486 1936 ἅὲῗρασαξ,
1511 1885 1634 1944 cujus
1697 1883 1698 1886 ¹

239 1958 427 2003 nominis
461 1956 618 2000 litterae
646 1955 890 2000 secundum
916 1970 1100 2015 graecam
1121 1954 1479 2014 supputationem
1507 1970 1634 1999 eum-
1656 1923 1697 1990 3

236 2028 338 2073 dem
368 2041 604 2072 numerum
625 2025 863 2086 complent.
892 2028 1004 2071 Sunt
1024 2027 1142 2071 enim
1163 2033 1346 2084 septem,
1365 2046 1398 2072 α,
1412 2033 1456 2069 et
1479 2032 1510 2079 G,
1531 2034 1617 2082 etp
1694 2084 1695 2091 ἵ

237 2108 281 2143 et
301 2119 332 2147 α,
356 2107 401 2143 et
421 2119 452 2147 σ,
478 2107 522 2142 et
545 2119 577 2146 α,
601 2106 645 2141 et
681 2105 731 2143 ξε
755 2096 802 2140 id
825 2105 889 2141 est
910 2111 1068 2152 unum,
1098 2105 1141 2141 et
1163 2096 1275 2153 duo,
1300 2106 1344 2142 et
1365 2105 1560 2154 centum,
1591 2107 1634 2144 et
1650 2053 1694 2159 Ξ(

237 2184 395 2226 unum,
427 2177 471 2212 et
494 2169 700 2221 ducenta,
723 2175 766 2211 et
787 2182 944 2222 unum,
979 2176 1024 2210 et
1051 2167 1306 2225 sexaginta:
1331 2182 1432 2227 quae
1453 2166 1568 2212 fiunt
1586 2163 1666 2236 infg'
1692 2168 1694 2210 ἱ

237 2254 406 2283 summa
429 2236 1104 2296 trecenta-sexaginta-quinque.
1645 2253 1663 2322 ἶ,
1690 2285 1691 2301 ³

301 2311 355 2353 V
387 2307 619 2354 Nicolaitae
643 2325 666 2352 a
684 2306 863 2351 Nicolao
885 2305 1100 2351 nominati
1120 2313 1250 2361 sunt,
1273 2320 1392 2361 uno,
1414 2314 1466 2349 ut
1483 2294 1663 2364 perhi-
1648 2331 1659 2341 -
1689 2315 1691 2342 ³

286 2392 414 2430 ¹Edssi,
436 2391 592 2423 Selenen.
613 2394 654 2423 At
669 2391 762 2422 MSS.
783 2390 960 2429 Helenam,
979 2394 1034 2421 aut
1051 2389 1224 2421 Helenen:
1238 2388 1356 2421 verius.
1370 2390 1461 2420 Hanc
1477 2388 1562 2420 enim
1578 2374 1660 2421 Ξί-Ῑῖ
1688 2423 1689 2427 ,

241 2456 314 2477 mou
335 2447 493 2478 deli1ahat
510 2447 584 2479 fuis<
572 2459 605 2478 se
622 2447 796 2479 Helenam
789 2457 890 2488 ipsam
908 2447 1091 2488 Tlojanam,
1107 2455 1145 2476 ex
1157 2444 1364 2487 ΤειίυΙΙὶειΠο,
1378 2444 1434 2476 lib.
1451 2445 1492 2476 de
1504 2445 1645 2485 Anima‚·
1654 2471 1661 2477 .
1686 2433 1688 2502 ἱ

241 2510 314 2541 cap.
337 2512 451 2541 xxxiv-
473 2513 513 2534 ex
530 2503 633 2533 Philas
635 2503 711 2542 trio,
736 2506 800 2534 etc.
825 2502 884 2533 Ελέ
886 2513 937 2536 νην
959 2502 1059 2535 etiam
1077 2500 1218 2534 nominat
1232 2500 1440 2543 EpiphaniuS,
1460 2509 1520 2532 nec
1538 2498 1628 2542 aliter
1651 2494 1657 2501 '
1686 2505 1687 2519 ³

240 2564 353 2595 Damas
355 2572 453 2595 cenus
469 2564 501 2596 in
517 2572 617 2604 opere
640 2563 681 2596 de
698 2564 805 2597 flaeres
806 2563 888 2596 ibus.
