1729 3143
291 236 376 265 LIB.
410 237 442 263 1.
476 235 532 263 DE
562 234 748 264 MOHBUS
777 231 980 262 ECCLESIAE
1009 226 1269 261 GLTHOLICAE.
1388 215 1476 257 499

97 300 426 347 formidandum
446 309 536 356 est,
571 315 704 362 quam
735 298 1034 354 tremendum,
1057 311 1114 342 ne
1135 296 1342 357 majorem
1375 293 1479 338 inde

97 374 316 434 concipiat
327 373 471 418 anima
484 372 843 426 imbecillitatem,
863 370 941 415 ubi
958 369 1152 431 quietem
1169 366 1276 413 fessa
1293 366 1479 427 conqui-

98 445 168 490 rit.
181 447 297 504 Ergo
313 444 511 502 refugere
522 444 569 488 in
579 444 806 489 tenebrosa
820 442 1096 502 cupientibus
1109 456 1185 501 per
1199 437 1481 499 dispensatio-

99 530 202 561 nem
224 513 458 560 ineffabilis
480 515 710 575 Sapientiae
723 549 734 568 ‚
758 513 884 558 nobis
905 512 980 557 illa
1007 513 1196 572 opacitas
1218 509 1483 556 auctoritatis

99 594 301 631 occurrat
316 620 328 641 ,
371 595 415 630 et
450 584 723 630 mirabilibus
755 597 902 628 rerum
919 617 930 638 ,
966 583 1236 643 vocibusque
1269 581 1485 627 librorum

100 655 237 702 veluti
268 656 400 716 signis
434 653 814 716 temperatioribus
844 653 1035 699 veritatis
1068 653 1324 714 umbrisque
1357 651 1485 697 blan-

101 725 266 772 diatur.

160 798 264 841 XII.
289 796 407 850 Quid
426 797 571 856 potuit
591 811 672 855 pro
692 795 832 840 salute
851 803 998 840 nostra
1013 795 1109 838 fieri
1129 793 1350 854 amplius?
1370 791 1489 848 Quid

100 864 413 912 beneficentius
431 901 443 923 ,
467 867 577 925 quid
592 864 815 908 liberalius
837 865 983 908 divina
1005 864 1278 923 providentia
1300 865 1385 910 dici
1403 881 1488 926 po-

101 946 185 982 test
197 971 209 993 ‚
239 952 338 997 quae
360 951 383 980 a
404 935 572 994 legibus
592 935 679 979 suis
695 935 922 979 hominem
939 933 1111 995 lapsum
1127 970 1138 991 ,
1164 945 1207 980 et
1223 945 1402 996 propter
1420 952 1491 981 cu-

100 1007 329 1068 piditatem
355 1021 502 1051 rerum
523 1005 775 1055 mortalium
792 1007 891 1066 jure
916 1021 964 1051 ac
986 1006 1142 1051 merito
1164 1006 1396 1052 mortalem
1421 1023 1492 1053 so-

101 1078 247 1124 bolem
278 1087 622 1139 propagantem,
648 1094 738 1123 non
761 1078 940 1124 omnino
959 1078 1178 1124 deseruit?
1201 1080 1345 1125 Habet
1373 1080 1490 1126 enim

104 1158 291 1210 potestas
306 1148 380 1194 illa
393 1149 625 1209 justissima
639 1184 650 1204 ,
671 1149 789 1193 miris
806 1158 849 1193 et
866 1149 1378 1210 incomprehensibilibus
1394 1167 1494 1197 mo-

106 1219 200 1276 dis,
234 1234 311 1279 per
338 1220 550 1281 quasdam
578 1220 877 1264 secretissimas
906 1221 1196 1266 successiones
1231 1237 1378 1267 rerum
1413 1223 1495 1268 sibi

106 1292 387 1337 servientium
419 1306 524 1351 quas
555 1291 742 1347 creavit,
777 1301 821 1335 et
851 1291 1123 1336 severitatem
1149 1293 1426 1351 vindicandi,
1452 1303 1496 1341 et

107 1361 385 1406 clementiam
400 1361 632 1406 liberandi.
654 1361 784 1414 Quod
801 1362 980 1422 quidem
1002 1378 1132 1423 quam
1157 1363 1211 1408 sit
1228 1364 1463 1423 pulchrum
1480 1401 1493 1423 ‚

109 1447 243 1493 quam
273 1447 482 1492 magnum
499 1467 511 1489 ,
548 1447 681 1492 quam
705 1435 794 1476 Deo
816 1432 998 1491 dignum
1015 1468 1026 1488 ,
1052 1449 1183 1494 quam
1211 1445 1431 1495 postremo
1451 1436 1499 1482 id

110 1504 232 1564 quod
246 1503 455 1564 quaeritur
469 1518 622 1548 verum
641 1537 651 1558 ,
677 1517 955 1564 nequaquam
977 1504 1220 1566 intelligere
1239 1509 1494 1566 poterimus,

111 1574 193 1619 nisi
223 1574 279 1619 ab
313 1574 516 1619 humanis
546 1582 589 1618 et
618 1574 820 1633 proximis
841 1575 1118 1634 incipientes,
1143 1592 1256 1622 verae
1276 1579 1498 1639 religionis

111 1645 199 1689 fide
235 1654 551 1705 praeceptlsque
587 1644 763 1690 servatis
794 1660 885 1689 non
917 1644 1185 1693 desuerimus
1221 1649 1334 1694 viam
1366 1667 1500 1712 quam

112 1716 238 1762 nobis
259 1719 372 1761 Deus
385 1751 396 1772 ‚
427 1725 471 1760 et
492 1715 840 1760 Patriarcharum
861 1718 1159 1777 segregatione
1173 1754 1184 1775 ,
1211 1729 1254 1765 et
1273 1720 1378 1780 legis
1399 1722 1499 1768 vin-

112 1787 213 1833 culo
232 1823 243 1844 ,
269 1797 313 1833 et
335 1788 651 1847 Prophetarum
673 1787 882 1847 praesagio
902 1822 913 1843 ,
938 1797 982 1833 et
1002 1791 1189 1851 suscepti
1211 1793 1408 1838 Hominis
1430 1808 1500 1839 sa-

114 1868 336 1905 cramento
352 1894 364 1914 ,
389 1868 432 1904 et
453 1857 762 1918 Apostolorum
784 1859 1031 1905 testimonio
1046 1895 1057 1916 ,
1080 1870 1122 1906 et
1141 1865 1388 1922 Martyrum
1409 1880 1502 1910 san·

95 1930 248 1996 Vguine
266 1965 278 1985 ,
308 1939 352 1974 et
373 1930 579 1974 Gentium
600 1930 886 1988 occupatione
905 1930 1105 1976 munivit.
1131 1934 1275 1986 Quare
1296 1934 1502 1995 deinceps

115 2014 244 2045 nemo
262 2014 315 2044 ex
331 2015 401 2044 me
421 2008 590 2059 quaerat
610 1999 873 2044 sententiam.
885 2015 1029 2045 meam
1046 2035 1057 2056 ,
1082 2002 1159 2047 sed
1181 2005 1325 2063 potius
1347 2006 1501 2051 audia-

115 2086 213 2116 mus
234 2069 409 2116 oracula
426 2105 437 2127 ,
461 2079 715 2131 nostrasque
736 2070 1003 2117 ratiunculas
1020 2071 1176 2119 divinis
1194 2076 1502 2122 submittamus

117 2143 336 2188 affatibus.

176 2215 303 2259 XIII.
327 2212 562 2258 Videamus
577 2210 948 2272 quemadmodum
964 2212 1055 2272 ipse
1071 2215 1282 2262 Dominus
1298 2217 1344 2263 in
1358 2221 1504 2267 Evan-

118 2283 231 2343 gelio
263 2283 390 2329 nobis
422 2282 677 2343 praeceperit
704 2297 793 2326 esse
823 2282 1060 2328 vivendum
1086 2302 1096 2329 :
1120 2289 1343 2345 quomodo
1371 2291 1501 2337 etiam

118 2354 280 2400 Paulus
317 2354 535 2414 apostolus
561 2372 570 2399 ε
602 2354 678 2398 has
706 2354 822 2397 enim
844 2354 1085 2414 Scripturas
1116 2355 1179 2400 illi
1209 2360 1502 2408 condemnare

118 2442 210 2471 non
227 2424 404 2471 audent.
429 2425 669 2470 Audiamus
691 2440 793 2484 ergo
815 2441 946 2486 quem
966 2427 1100 2471 finem
1120 2428 1335 2477 honorum
1357 2435 1500 2493 nobis,

118 2498 290 2543 Christe
310 2497 561 2557 praescribas
585 2517 596 2555 3
632 2512 713 2541 nec
748 2496 935 2541 dubium
969 2507 1053 2554 est,
1078 2500 1185 2559 quin
1208 2501 1243 2545 is
1272 2505 1353 2549 erit
1375 2506 1470 2552 finis
1487 2543 1498 2563 ,

121 2584 212 2629 quo
230 2583 309 2614 nos
329 2583 501 2614 summo
522 2582 667 2613 amore
688 2567 866 2612 tendere
878 2568 1006 2628 J'ubes
1032 2587 1042 2614 ε
1069 2587 1091 2611 «
1116 2570 1274 2631 Diliges
1292 2608 1302 2629 ,
1325 2574 1469 2638 inquit
1488 2616 1499 2638 ‚
