1729 3143
204 225 256 263 22
638 238 669 262 s.
707 233 935 260 anons-nm
966 233 1148 260 zrxscom

200 317 332 357 ceres,
357 300 545 354 vincula,
571 305 802 352 tormenta,
828 296 1039 355 gladium,
1060 296 1128 340 vel
1144 296 1357 351 flammas,
1382 296 1459 341 vel
1481 297 1580 340 bes-

201 374 296 426 tias,
308 370 376 415 vel
387 371 521 429 ipsam
535 381 707 412 crucem
721 367 876 410 timore
886 367 1202 424 gehennarum,
1212 374 1256 409 et
1274 365 1383 422 ignis
1402 366 1553 410 aeterni
1567 383 1576 409 2

200 441 324 485 nullo
344 439 474 484 modo
488 440 566 481 ista
587 435 805 494 culpanda
825 445 942 489 sunt,
957 436 1046 479 imo
1062 449 1164 478 vero
1185 444 1230 479 et
1250 435 1345 478 haec
1360 433 1582 478 laudanda

199 512 407 570 patientia
424 517 501 551 est.
523 509 621 552 Non
638 507 754 551 enim
771 506 914 550 dicere
931 506 1185 565 poterimus,
1211 504 1367 548 melius
1392 505 1431 548 ei
1451 503 1584 547 fuisse

196 591 246 625 ut
261 581 459 625 chistum
483 576 685 636 negando
703 576 813 620 nihil
825 590 978 620 eorum
994 584 1230 635 pateretur,
1242 590 1342 634 quae
1357 589 1506 633 passus
1516 582 1584 620 est

198 647 449 694 confitendo
477 667 485 692 :
508 648 584 692 sed
607 645 942 691 existimandum
963 654 1028 689 est
1047 644 1225 689 fortasse
1253 643 1523 688 tolerabilius
1544 643 1584 686 ei

195 719 397 764 futurum
407 717 638 777 judicium,
659 731 792 775 quam
813 716 847 759 si
868 715 1089 760 Christum
1111 713 1313 772 negando
1335 722 1494 757 cuncta
1510 711 1585 756 illa

200 790 357 834 vitaret
375 808 383 833 :
408 798 458 832 ut
474 788 584 832 illud
606 788 726 846 quod
743 785 1068 845 aitApostolus:
1090 805 1110 827 «
1133 785 1176 830 Si
1191 784 1410 829 tradidero
1428 797 1586 841 corpus

199 877 220 899 »
245 874 390 902 meum
414 868 464 901 ut
489 856 679 910 ardeam,
699 857 952 900 charitatem
973 865 1118 900 autem
1142 870 1231 898 non
1251 854 1454 906 habeam,
1475 851 1587 895 nihil

200 947 220 970 »
247 929 355 972 mihi
380 928 601 988 prodest13
628 946 647 968 »
676 927 784 971 nihil
802 926 1004 985 prodesse
1022 924 1291 982 intelligatur
1319 923 1376 967 ad
1399 936 1586 981 regnum

200 999 414 1044 coelorum
434 998 725 1043 obtinendum
739 1032 750 1051 ,
774 1013 865 1042 non
886 997 943 1041 ad
957 997 1135 1041 extremi
1146 995 1302 1056 judicii
1321 993 1591 1038 tolerabilius

201 1070 465 1129 supplicium
490 1068 787 1113 subeundum.

263 1142 426 1183 XXIV.
465 1137 549 1182 Sed
576 1139 730 1181 merito
752 1135 891 1195 quaeri
913 1143 1072 1192 potest,
1087 1143 1235 1174 utrum
1259 1142 1304 1174 et
1324 1133 1404 1174 ista
1423 1132 1593 1189 patien-

204 1209 263 1251 tia
284 1208 453 1249 donum
477 1208 553 1246 Dei
575 1208 644 1255 sit,
668 1218 722 1246 an
743 1205 906 1246 viribus
925 1200 1157 1244 tribuenda
1179 1201 1232 1243 sit
1253 1200 1488 1244 voluntatis
1506 1201 1593 1243 hu-

206 1291 362 1328 manae,
380 1290 467 1334 qua
488 1274 674 1332 quisque
696 1273 750 1315 ab
770 1272 962 1316 Ecclesia
983 1281 1218 1330 separatus,
1240 1286 1330 1314 non
1347 1286 1426 1329 pro
1449 1285 1594 1313 errore

207 1347 283 1406 qui
305 1360 405 1389 eum
429 1344 658 1402 separavit,
684 1342 758 1386 sed
782 1358 859 1400 pro
882 1343 1061 1386 veritate
1090 1342 1347 1385 sacramenti
1376 1356 1451 1384 seu
1472 1339 1595 1384 verbi

208 1433 308 1477 quae
340 1415 457 1475 apud
485 1429 585 1458 eum
621 1414 846 1467 remansit,
887 1414 1042 1456 timore
1072 1427 1302 1471 poenarum
1331 1420 1596 1454 aeternarum

211 1501 361 1545 poenas
384 1486 546 1544 patitur
568 1482 841 1541 temporales.
865 1481 1121 1526 Cavendum
1145 1491 1207 1524 est
1225 1483 1362 1534 enim,
1384 1495 1439 1523 ne
1452 1480 1592 1533 forte,

211 1557 243 1601 si
267 1556 344 1599 Dei
365 1556 530 1599 donum
554 1554 677 1597 istam
695 1553 948 1612 patientiam
965 1550 1272 1601 dixerimus,hi
1292 1551 1451 1610 quibus
1464 1550 1592 1603 inest,

210 1626 336 1669 etiam
363 1626 418 1668 ad
433 1639 615 1682 regnum
641 1626 715 1666 Dei
738 1622 952 1681 pertinere
975 1620 1232 1677 credantur3
1257 1621 1289 1663 si
1312 1629 1456 1663 autem
1475 1619 1596 1662 illam

213 1696 380 1740 donum
403 1696 478 1738 Dei
502 1709 591 1738 esse
612 1693 927 1752 negaverimus,
952 1707 1160 1749 cogamur
1181 1689 1333 1744 fateri,
1356 1690 1446 1733 sine
1468 1689 1595 1748 adju-

213 1767 324 1811 torio
347 1775 388 1809 et
406 1780 587 1809 munere
600 1764 676 1807 Dei
694 1765 737 1806 in
752 1761 976 1807 voluntate
990 1761 1177 1805 hominis
1192 1775 1281 1804 esse
1296 1775 1418 1818 posse
1430 1758 1597 1819 aliquid

212 1837 332 1881 boni.
357 1838 508 1895 Neque
532 1835 647 1878 enim
672 1835 753 1878 hoc
777 1849 866 1877 non
900 1842 963 1876 est
985 1833 1151 1876 bonum
1171 1867 1182 1886 ,
1217 1841 1265 1876 ut
1289 1831 1438 1875 credat
1462 1832 1595 1875 homo

212 1917 376 1951 aeterno
398 1905 611 1965 supplicio
635 1921 679 1948 se
701 1920 789 1948 esse
815 1903 1088 1963 puniendum
1104 1938 1114 1957 ,
1141 1903 1175 1946 si
1193 1902 1414 1960 negaverit
1443 1902 1594 1946 Chris-

215 1988 326 2031 tum,
352 1986 393 2020 et
414 1992 492 2036 pro
515 1977 593 2019 ista
616 1975 702 2018 fide
724 1974 1044 2034 qualecumque
1066 1973 1326 2032 supplicium
1342 1971 1532 2032 perferat
1553 1981 1596 2015 et

213 2057 465 2093 contemnat
490 2048 748 2090 humanum.

271 2121 410 2162 XXV.
447 2117 634 2161 Proinde
648 2117 759 2160 sicut
773 2116 1023 2173 negandum
1039 2130 1127 2158 non
1146 2122 1210 2157 est
1226 2115 1308 2158 hoc
1322 2128 1411 2157 esse
1429 2112 1596 2156 donum

217 2189 309 2242 Dei,
332 2189 390 2232 ita
414 2187 746 2246 intelligendum
764 2196 827 2230 est
849 2185 928 2229 alia
947 2201 1036 2229 esse
1053 2185 1130 2229 Dei
1145 2185 1259 2229 dona
1277 2182 1466 2227 filiorum
1480 2181 1596 2226 illius

216 2258 479 2313 Jerusalem,
520 2274 619 2317 quae
653 2272 823 2301 sursum
864 2255 1000 2301 libera
1032 2264 1096 2299 est
1124 2263 1260 2298 mater
1289 2256 1478 2310 nostra23
1503 2253 1596 2296 haec

217 2338 318 2373 sunt
341 2330 453 2373 enim
476 2328 667 2388 quodam
698 2327 830 2372 modo
861 2326 1157 2380 haereditaria,
1188 2326 1234 2368 in
1261 2324 1421 2384 quibus
1448 2338 1596 2367 sumus

219 2417 238 2439 «
265 2397 466 2441 Haeredes
482 2399 575 2452 Dei,
601 2396 847 2442 cohaeredes
876 2405 1022 2439 autem
1049 2393 1226 2439 Christi³
1251 2413 1259 2437 :
1284 2396 1300 2450 )
1326 2413 1344 2434 »
1383 2392 1465 2437 alia
1492 2408 1595 2437 vero

215 2482 313 2528 quae
336 2477 515 2526 possunt
548 2467 741 2526 accipere
759 2465 900 2524 ‘getiam
934 2464 1010 2507 filii
1034 2463 1379 2509 concubinarum
1395 2497 1406 2517 ,
1432 2462 1593 2522 quibus

267 2559 272 2573 ¹
307 2563 316 2581 1
339 2554 409 2582 Cor.
432 2562 498 2582 xm.
522 2551 547 2580 3,
567 2568 605 2572 —
623 2557 635 2571 2
655 2550 755 2581 Galat.
776 2560 821 2587 iv,
843 2548 896 2580 26.
914 2566 954 2571 —
977 2547 990 2571 3
1006 2551 1093 2580 Rom,
1115 2559 1186 2588 vm,
1208 2559 1258 2587 ιτ.
