1729 3143
267 165 350 206 156
703 172 736 202 s.
773 171 1004 202 mausum
1036 174 1217 204 131³1scoi>1

264 243 486 289 diabolum
507 240 657 287 mortis
679 248 899 286 auctorem
916 275 927 297 ‚
955 250 998 286 et
1020 256 1147 286 suum
1168 241 1381 302 populum
1396 243 1552 292 liberet
1572 259 1646 302 per
1690 279 1695 307 ιι
1728 258 1729 272 ¹

263 330 421 375 aquam
443 313 688 358 salutarem.

321 388 373 429 V.
400 382 607 438 Audistis,
634 381 900 428 dilectissimi
917 386 1103 445 ‚figurae
1120 384 1206 430 illae
1225 386 1447 445 quomodo
1463 386 1646 430 transie1

262 465 364 499 runt
400 453 454 497 ad
491 454 676 514 speciem
711 455 902 500 veritatis
935 476 944 501 :
974 456 1084 501 illud
1107 466 1328 517 superest,
1363 466 1414 501 ut
1445 457 1650 502 noveritis

260 523 632 584 quemadmodum
654 526 935 572 celebraverit
958 530 1120 573 Pascha
1147 528 1357 573 liberatus
1378 528 1568 588 populus
1599 541 1652 570 ex

259 598 476 655 AEgypto‚
501 597 764 657 baptizatus,
790 608 840 642 ut
857 600 916 643 ait
933 600 1166 660 Apostolus
1180 636 1190 655 ‚
1216 603 1261 644 in
1282 600 1402 644 nube
1420 609 1464 643 et
1479 600 1525 643 in
1541 597 1653 642 mari

257 666 411 711 Rubro
426 670 457 710 ¹.
484 670 759 728 Acceperunt
780 679 1049 729 praeceptum
1074 671 1247 715 Domini
1271 686 1347 729 per
1369 672 1569 727 Moysen,
1600 676 1653 711 ut

256 737 303 780 in
336 738 550 783 occisione
574 741 673 799 agni
705 740 975 785 celebrarent
1001 743 1165 786 Pascha
1182 777 1192 796 ‚
1218 757 1270 785 ex
1291 742 1414 800 cujus
1443 739 1653 798 sanguine
1694 759 1697 802 't

255 817 398 866 postes
420 808 576 854 domus
593 826 682 854 suae
703 813 1004 872 unusquisque
1027 812 1173 856 liniret
1191 847 1201 866 ,
1228 827 1308 855 nec
1331 811 1537 855 timerent
1559 812 1654 852 An-

257 879 403 936 gelum
435 890 722 936 vastatorem,
756 882 831 941 qui
861 882 1032 940 signum
1067 883 1288 941 sanguinis
1320 881 1420 939 agni
1453 879 1583 923 occisi
1607 879 1655 921 in

254 962 344 991 suae
372 948 518 994 fronte
549 949 706 994 domus
737 952 965 996 haberent.
1002 971 1022 994 «
1048 954 1106 996 Os
1124 987 1134 1005 ,
1159 951 1327 1010 inquit,
1356 964 1445 993 non
1473 948 1655 992 commi-

255 1036 277 1059 »
302 1020 444 1062 nuetis
466 1035 517 1060 ex
540 1035 591 1059 eo
610 1055 620 1068 ‚
646 1036 728 1058 nec
749 1021 1006 1073 relinquetis
1031 1022 1276 1075 quidquam
1298 1021 1345 1059 in
1368 1034 1510 1060 mane.
1541 1020 1657 1062 Cum

256 1106 277 1128 »
302 1086 492 1146 picridiis
509 1094 553 1129 et
571 1086 732 1143 azymis
748 1085 986 1130 comedetis
1006 1100 1168 1144 agnum
1186 1089 1219 1129 2.
1244 1104 1264 1127 »
1289 1089 1510 1131 Fecerunt
1533 1087 1656 1147 quod
1696 1100 1698 1122 ἑ

253 1164 525 1216 praeceptum
541 1164 604 1199 est
619 1154 697 1198 filii
713 1155 861 1200 Israel.
880 1158 1137 1200 Demonstra
1154 1165 1198 1200 et
1217 1164 1266 1200 tu
1285 1157 1419 1200 Israel
1433 1157 1651 1216 spiritalis,

255 1226 317 1269 fili
348 1226 537 1269 Abrahae
568 1224 810 1269 secundum
845 1225 978 1269 fidem
997 1261 1008 1280 ,
1048 1242 1138 1270 non
1164 1226 1407 1270 secundum
1447 1241 1621 1271 carnem
1640 1261 1652 1282 ‚

255 1295 505 1340 demonstra
525 1304 569 1339 et
590 1304 639 1339 tu
661 1295 885 1355 quomodo
908 1295 1100 1340 celebres
1119 1298 1283 1341 Pascha
1303 1316 1312 1341 ε
1340 1298 1474 1341 habes
1492 1313 1655 1356 agnum

255 1366 445 1411 occisum
467 1400 478 1419 ‚
503 1367 769 1409 demonstra.
811 1385 831 1407 «
858 1368 971 1410 Ecce
995 1369 1144 1424 Agnus
1171 1368 1248 1411 Dei
1277 1387 1286 1413 :
1316 1383 1416 1412 ecce
1437 1369 1514 1427 qui
1540 1367 1654 1412 tollit

257 1455 277 1478 η
304 1445 532 1496 peccatum
554 1434 712 1478 mundi
731 1436 762 1478 3.
789 1453 809 1476 »
838 1436 935 1479 Lini
963 1437 1175 1494 sanguine
1206 1439 1298 1497 ejus
1325 1447 1469 1497 postes
1498 1437 1654 1482 domus

254 1517 343 1552 tuae
372 1527 380 1552 ε
415 1506 664 1551 demonstra
687 1515 730 1550 et
751 1505 822 1550 dic
852 1526 860 1550 ε
890 1508 1003 1551 Ecce
1032 1523 1141 1551 crux
1166 1508 1387 1567 sanguinis
1416 1509 1579 1553 Christi
1607 1509 1654 1552 in

254 1576 474 1622 frontibus
497 1587 560 1621 est
586 1577 765 1636 pudoris
793 1578 942 1621 nostri.
974 1578 1051 1623 Dic
1074 1594 1175 1623 cum
1199 1579 1336 1624 Paulo
1359 1599 1366 1623 :
1396 1598 1416 1621 «
1439 1578 1549 1624 Mihi
1570 1580 1651 1623 ab-

257 1666 278 1689 »
307 1648 360 1692 sit
394 1646 566 1705 gloriari
586 1682 596 1701 ‚
632 1647 714 1690 nisi
735 1647 780 1690 in
807 1662 936 1691 cruce
958 1649 1133 1693 Domini
1154 1649 1292 1693 nostri
1313 1651 1416 1693 Jesu
1439 1649 1597 1693 Christi
1616 1650 1648 1692 ⁴.

257 1735 278 1760 »
303 1719 360 1761 Os
383 1733 473 1761 non
499 1717 804 1761 comminuetis
830 1732 882 1760 ex
905 1720 1009 1772 eo⁵,
1038 1737 1059 1760 »
1089 1718 1255 1763 dictum
1286 1728 1350 1762 est
1377 1738 1385 1763 2
1412 1718 1651 1777 Impletum

254 1798 317 1833 est
334 1789 418 1832 hoc
441 1789 487 1832 in
515 1789 606 1848 ipsa
637 1788 811 1832 Domini
844 1789 1041 1847 passione
1058 1824 1068 1843 ‚
1094 1789 1228 1848 ipsius
1254 1790 1392 1833 sancti
1418 1790 1532 1847 Agni
1563 1790 1650 1832 im-

254 1858 490 1903 molatione
507 1894 518 1914 ,
551 1858 728 1918 quando
751 1858 981 1903 crucifixus
1003 1873 1104 1902 cum
1128 1858 1303 1902 duobus
1324 1858 1572 1902 latronibus
1604 1859 1651 1902 in

255 1928 398 1973 medio
421 1929 641 1989 pendebat
657 1964 668 1982 ‚
694 1930 786 1987 ipsa
809 1944 976 1973 summa
995 1929 1161 1988 justitia
1178 1928 1369 1972 liberans
1390 1943 1531 1972 unum
1550 1944 1650 1972 con-

255 2001 451 2044 fitentem
467 2035 478 2054 ,
504 1999 637 2043 alium
667 1999 854 2058 puniens
878 1998 1270 2057 blasphemantem.
1304 2001 1370 2042 Ita
1391 1997 1519 2042 faetae
1548 2007 1650 2042 sunt

255 2079 340 2114 tres
362 2085 534 2125 cruces,
572 2079 657 2113 tres
679 2084 834 2113 causae.
863 2071 984 2112 Unus
1009 2068 1230 2111 latronum
1253 2068 1427 2112 Christo
1464 2068 1650 2112 insulta-

258 2140 331 2184 bat
355 2142 387 2195 6,
413 2140 521 2184 alter
548 2156 624 2184 sua
655 2140 806 2183 merita
838 2140 1060 2182 confessus
1086 2138 1247 2183 Christi
1275 2153 1319 2181 se
1341 2137 1648 2182 misericordiae

255 2210 610 2268 commendabat·7
630 2225 735 2253 crux
750 2209 909 2253 Christi
925 2209 971 2252 in
985 2207 1145 2262 medio,
1162 2223 1250 2252 non
1265 2207 1349 2251 fuit
1362 2207 1644 2266 supplicium,

258 2280 333 2323 sed
365 2280 573 2325 tribunal.
612 2283 713 2325 Mox
752 2289 802 2323 ut
837 2279 1003 2338 peregit
1037 2278 1181 2322 omnia
1219 2292 1318 2336 quae
1352 2277 1406 2321 de
1441 2293 1484 2321 se
1525 2287 1648 2321 erant

262 2350 417 2407 scripta
439 2386 449 2405 ‚
489 2359 668 2409 accepto
689 2349 793 2394 felle
817 2359 860 2394 et
882 2358 1003 2393 aceto
1022 2384 1032 2403 ,
1058 2357 1234 2407 propter
1259 2347 1371 2392 illud
1392 2347 1512 2408 quod
1534 2362 1648 2407 prae-

306 2453 319 2468 ¹
349 2458 361 2473 ²
387 2455 459 2484 Cor.
480 2465 512 2494 x,
536 2466 586 2486 11.
604 2470 644 2475 —
661 2460 673 2476 ²
695 2454 795 2485 Exod.
816 2463 875 2493 xn,
892 2452 946 2493 46.
967 2469 1008 2475 —
1030 2450 1043 2474 3
1061 2454 1154 2483 Joan.
1174 2462 1198 2491 1,
1217 2459 1271 2493 29.
1288 2450 1444 2483 —4Ga1.
1465 2462 1513 2490 w,
1534 2449 1585 2490 14,
1608 2465 1647 2472 --

264 2505 279 2528 5
297 2508 394 2539 Exod.
416 2519 473 2540 xn.
493 2508 547 2544 46.
571 2514 601 2540 et
620 2511 712 2541 Num.
734 2520 778 2545 ix,
804 2518 910 2541 1'1.—
929 2507 944 2530 6
964 2510 1039 2540 Luc.
1060 2518 1152 2547 xxm,
1173 2515 1226 2548 29.

1691 410 1695 436 1
