1729 3143
414 206 467 232 DE
500 205 650 233 LIBERO
679 203 893 238 ATanm,
931 207 1012 232 Lm,
1052 208 1095 231 ιι.

122 271 269 314 XLV(
304 271 455 314 Omnis
495 270 608 313 enim
640 284 704 312 res
737 269 954 312 mummi&
985 307 993 320 ,
1041 271 1167 313 ctiam
1203 269 1445 313 formam&

67 342 119 383 sit
155 356 325 384 necesse
351 349 429 384 est.
466 340 583 384 Sicut
606 347 748 382 autem
775 339 982 381 mutabile}
1005 341 1187 381 divimus
1213 343 1332 398 quod
1356 356 1451 383 mu>

69 411 147 455 tari
181 420 347 470 potest,
376 411 441 467 itas
464 408 691 454 formabile
722 408 842 467 quod
875 409 1052 452 formari
1085 418 1227 468 potest
1259 411 1451 470 appella-

65 483 216 525 verim.
255 480 384 526 Nulla
413 489 557 524 autern
590 494 656 522 res
688 477 877 522 formare
909 494 952 521 se
985 479 1120 538 ipsam
1150 489 1325 539 potest:
1351 484 1452 542 quia

65 551 187 596 nulla
208 567 274 596 res
302 547 445 611 potest
472 550 575 594 dare
596 549 679 593 sibi
710 547 830 608 quod
856 564 947 593 non
966 549 1101 594 habet
1125 569 1134 595 ;
1164 560 1208 596 et
1229 551 1383 612 utique
1404 563 1455 598 ut

63 623 224 668 habeat
252 621 438 667 formam
456 656 467 677 ‚
492 620 707 665 formatur
729 618 910 679 aliquid.
937 622 1213 680 Quapropter
1244 623 1454 682 quaelibet

64 710 130 740 res
152 695 186 739 si
208 709 342 754 quam
358 693 492 738 habet
513 690 698 736 formam
715 727 726 748 ‚
746 707 837 736 non
857 692 897 736 ei
918 707 1027 752 opus
1047 701 1110 737 est
1125 694 1319 753 accipere
1333 696 1453 756 quod

64 765 198 810 habet
223 783 233 809 :
258 764 293 808 si
315 779 402 824 qua
424 778 528 808 vero
549 779 639 807 non
666 762 800 806 habet
821 762 1005 809 formam
1021 798 1032 819 ‚
1075 779 1166 809 non
1187 774 1329 824 potest
1357 781 1380 810 a
1410 782 1455 812 se

63 836 259 896 accipere
292 835 415 896 quod
446 850 538 880 non
569 835 718 879 habet.
755 834 883 880 Nulla
918 851 1020 894 ergo
1042 851 1135 892 res,
1160 845 1211 880 ut
1232 836 1421 882 diximus
1440 873 1453 894 ‚

61 908 250 953 formare
271 922 316 952 se
337 915 494 965 potest.
526 906 644 959 Quid
675 914 819 950 autem
852 905 1037 963 amplius
1072 907 1128 949 de
1159 908 1454 953 mutabilitate

61 977 254 1037 corporis
288 985 332 1020 et
363 977 495 1020 animi
527 976 754 1019 dicamus?
788 974 986 1034 superius
1013 976 1129 1020 enim
1152 978 1251 1021 satis
1288 979 1455 1024 dictum

65 1057 143 1093 est.
163 1047 406 1093 Conficitur
418 1047 567 1105 itaque
586 1080 597 1101 ‚
625 1054 675 1089 ut
696 1054 740 1089 et
758 1059 914 1105 corpus
932 1055 976 1090 et
991 1046 1162 1091 animus
1184 1047 1322 1094 forma
1337 1067 1446 1111 qua-

61 1119 162 1163 dam
194 1116 544 1162 incommutabili
581 1125 624 1159 et
655 1131 825 1176 semper
858 1127 1061 1162 manente
1082 1118 1342 1166 formentur.
1370 1124 1453 1169 Cui

62 1189 216 1234 formae
243 1187 410 1232 dictum
433 1195 497 1230 est
519 1204 528 1230 :
560 1204 580 1228 «.
604 1187 793 1231 Mutabis
815 1203 865 1232 ea
887 1197 930 1233 et
951 1190 1243 1235 mutabuntur
1260 1227 1271 1247 ,
1296 1201 1346 1237 tu
1370 1210 1453 1239 au-

61 1279 83 1303 »
108 1269 197 1305 tem
218 1259 336 1303 idem
357 1258 448 1317 ipse
470 1272 513 1301 es
531 1291 542 1312 ‚
573 1265 617 1301 et
639 1257 742 1301 anni
763 1260 827 1302 tui
848 1275 939 1304 non
956 1260 1205 1307 deficient1.
1235 1280 1256 1304 »
1282 1266 1351 1309 An
1372 1281 1452 1311 nos

59 1332 152 1376 sine
173 1329 375 1385 defectu,
407 1343 487 1388 pro
523 1328 767 1372 aeternitate
798 1330 944 1388 posuit
973 1333 1228 1391 prophetica
1265 1333 1446 1382 locutio.

0 1450 1 1462 ἦ
59 1405 122 1447 De
142 1403 224 1446 hac
245 1401 352 1446 item
372 1399 513 1445 forma
529 1400 698 1444 dictum
716 1407 780 1443 est
806 1418 816 1445 2
845 1418 866 1442 «
887 1401 1013 1454 Quod
1032 1402 1079 1445 in
1099 1418 1144 1446 se
1160 1404 1251 1463 ipsa
1271 1421 1452 1452 manens

0 1466 2 1516 ἰ
60 1492 82 1517 »
107 1474 288 1518 innovet
308 1473 454 1518 omnia
471 1474 504 1514 2.
532 1488 553 1512 »
579 1471 693 1515 Hinc
725 1471 854 1515 etiam
886 1473 1275 1532 comprehenditur
1305 1479 1451 1524 omnia

57 1543 330 1605 providentia
361 1541 609 1602 gubernari.
639 1541 682 1586 Si
705 1541 821 1585 enim
843 1543 988 1587 omnia
1016 1559 1115 1603 quae
1135 1554 1238 1589 sunt
1259 1581 1270 1601 ‚
1309 1546 1448 1594 forma

56 1615 230 1676 penitus
269 1616 493 1659 subtracta
512 1613 633 1658 nulla
656 1622 785 1657 erunt
800 1648 812 1669 ‚
836 1613 976 1659 forma
996 1615 1087 1674 ipsa
1105 1616 1447 1665 incommutabiu

55 1686 107 1731 lis
126 1721 137 1743 ,
162 1701 240 1746 per
260 1700 393 1747 quam
414 1683 643 1729 mutabilia
663 1694 821 1729 cuncta
842 1685 1084 1732 subsistunt
1099 1722 1111 1743 ‚
1136 1697 1187 1732 ut
1204 1688 1447 1736 formarum

55 1772 231 1803 suarum
254 1757 446 1801 numeris
478 1755 742 1815 impleantur
771 1765 813 1801 et
842 1766 1053 1816 agantur,
1085 1759 1178 1818 ipsa
1205 1769 1269 1804 est
1292 1776 1446 1807 eorum

54 1828 330 1889 providentia
355 1847 364 1873 :
389 1843 480 1872 non
501 1827 618 1872 enim
639 1827 718 1872 ista
738 1837 905 1883 essent,
940 1829 974 1873 si
997 1828 1071 1873 illa
1100 1845 1190 1876 non
1212 1841 1335 1877 esset.
1369 1836 1446 1878 In-

55 1908 182 1944 tuens
199 1913 300 1957 ergo
321 1907 365 1942 et
380 1897 658 1943 considerans
676 1900 921 1945 universam
943 1911 1187 1946 creaturam
1207 1938 1218 1959 ‚
1243 1904 1446 1964 quicum-

17 1967 23 1977 '
55 1987 142 2032 que
163 1971 245 2014 iter
275 1969 362 2028 agit
397 1969 452 2013 ad
484 1970 738 2029 sapientiam
756 2006 767 2027 ‚
803 1971 934 2016 sentit
961 1973 1215 2032 sapientiam
1237 1975 1284 2018 in
1304 1975 1373 2020 via
1399 1992 1444 2021 se
1500 2000 1504 2002 -

54 2043 135 2087 sibi
156 2040 386 2087 ostendere
402 2040 599 2085 hilariter
614 2075 626 2096 ‚
651 2050 695 2085 et
716 2042 762 2086 in
785 2043 902 2086 omni
923 2043 1194 2102 providentia
1217 2060 1441 2091 occurrere

54 2113 136 2158 sibi
168 2131 178 2157 ε
219 2121 262 2156 et
298 2120 422 2156 tanto
456 2110 637 2156 alacrius
666 2113 850 2158 ardescit
886 2114 1000 2159 viam
1033 2115 1159 2160 istam
1200 2133 1404 2177 peragere
1426 2153 1437 2174 ‚

54 2191 221 2245 quanto
242 2183 394 2241 etipsa
414 2182 484 2227 via
504 2197 582 2242 per
602 2181 721 2227 illam
744 2183 928 2243 pulchra
949 2195 1040 2243 est,
1071 2187 1126 2232 ad
1149 2204 1282 2248 quam
1304 2204 1439 2235 exaes-

54 2264 150 2301 tuat
166 2254 407 2314 pervenire.

111 2327 270 2369 XLVI.
299 2328 364 2369 Tu
382 2334 527 2369 autem
545 2325 579 2369 si
600 2335 757 2384 praeter
777 2326 823 2370 id
844 2328 965 2387 quod
985 2337 1046 2373 est
1067 2338 1109 2373 et
1131 2346 1220 2375 non
1240 2332 1346 2376 vivit
1361 2367 1372 2388 ‚
1395 2341 1438 2377 et

54 2397 98 2441 id
121 2395 241 2457 quod
263 2404 327 2440 est
347 2404 390 2440 et
412 2395 518 2440 vivit
539 2411 683 2455 neque
710 2397 938 2455 intelligit,
963 2408 1006 2443 et
1028 2398 1072 2443 id
1090 2400 1208 2461 quod
1230 2397 1294 2446 est
1309 2411 1352 2447 et
1372 2403 1435 2447 vi-

55 2468 116 2511 vit
134 2477 178 2511 et
206 2466 431 2526 intelligit,
456 2467 669 2512 inveneris
690 2467 864 2528 aliquod
896 2469 1014 2515 aliud
1038 2481 1333 2517 creaturarum
1362 2489 1437 2532 ge-

104 2560 111 2575 ¹
134 2553 214 2584 Psal.
233 2562 274 2593 ci,
294 2560 348 2591 27.
366 2569 407 2575 -
424 2559 436 2575 ²
454 2554 529 2593 Sap.
550 2564 610 2593 vu,
630 2561 683 2594 2¹5.
