1729 3143
243 201 329 240 480
677 213 710 237 s.
748 209 978 238 Auensnm
1012 211 1192 240 EPISCOPI

241 276 397 321 neficio
412 308 423 329 ,
448 288 538 318 non
560 281 715 316 natura
732 307 743 327 ‚
765 273 800 317 si
820 273 902 317 sub
925 274 1016 333 ejus
1037 282 1250 332 potestate
1273 288 1446 318 manere
1460 275 1625 320 voluis-

239 355 304 390 set
321 379 331 399 ‚
355 345 412 387 sic
434 343 603 386 dictum
624 351 688 386 est
713 362 722 387 ε
753 345 855 387 «Ex
883 343 1008 388 nobis
1024 378 1034 398 ‚
1059 361 1080 385 ·‚›
1106 342 1331 403 quomodo
1360 342 1519 388 dicitur
1537 380 1548 400 ‚
1577 360 1628 388 ex

239 413 512 468 consulibus,
538 421 614 457 aut
635 412 971 472 proconsulibus
1003 413 1080 473 qui
1107 414 1199 474 jam
1231 428 1323 458 non
1347 422 1425 458 est.
1461 415 1547 458 Sed
1573 413 1627 458 ad

241 500 374 544 quam
405 499 499 528 rem
530 483 669 529 factus
692 493 755 528 est
777 493 986 544 tanquam
1008 500 1122 528 unus
1144 500 1196 528 ex
1216 485 1370 529 nobis?
1395 484 1465 529 Ad
1487 485 1628 529 scien-

241 556 344 599 tiam
367 553 529 599 scilicet
549 553 836 613 dignoscendi
850 554 957 600 boni
979 564 1023 599 et
1044 554 1147 600 mali
1163 589 1174 611 ‚
1194 564 1246 599 ut
1268 555 1347 599 iste
1369 570 1446 614 per
1468 554 1632 613 experi-

242 635 440 671 mentum
462 625 645 671 disceret
671 626 778 670 dum
802 626 934 671 sentit
961 627 1125 670 malum
1141 661 1152 682 ‚
1178 626 1299 685 quod
1328 629 1443 670 Deus
1464 641 1542 685 per
1562 641 1631 670 sa-

243 697 451 757 pientiam
472 696 621 755 novit3
652 705 696 741 et
722 705 981 755 potestatem
1010 695 1128 741 illam
1159 697 1470 756 omnipotentis
1501 711 1634 755 quam

243 767 334 827 pati
357 767 499 812 noluit
518 767 671 812 beatus
694 776 826 826 atque
847 767 1137 823 consentiens,
1158 782 1290 827 poena
1304 782 1378 811 sua
1392 766 1527 813 discat
1545 780 1636 811 esse

244 837 556 884 inevitabilem.
1618 880 1620 882 .

303 909 511 953 XXXIV.
541 926 562 948 «
585 912 637 949 Et
666 915 774 949 tunc
800 920 856 950 ne
877 907 1116 964 porrigeret
1139 906 1278 950 Adam
1308 921 1489 951 manum
1514 921 1638 951 suam

247 998 271 1023 „
299 979 353 1024 ad
376 979 576 1023 arborem
593 977 694 1020 vitae
710 1010 721 1030 ,
748 984 792 1020 ct
811 976 976 1020 viveret
992 975 1038 1019 in
1057 985 1270 1020 aeternum
1286 1010 1297 1031 ‚
1331 976 1493 1021 dimisit
1514 976 1635 1021 illum

251 1071 270 1092 »
296 1054 410 1094 Deus
433 1047 488 1092 de
509 1045 722 1106 paradiso.
749 1063 770 1086 »
796 1047 913 1089 Bene
930 1045 1096 1090 dictum
1116 1055 1179 1090 est
1193 1081 1204 1102 ‚
1229 1065 1250 1089 «
1269 1046 1456 1102 dimisit,
1482 1065 1502 1089 »
1523 1062 1635 1102 non,

249 1119 460 1176 exclusit3
497 1126 548 1162 ut
568 1119 661 1176 ipso
689 1126 969 1176 peccatorum
997 1132 1178 1162 suorum
1210 1118 1404 1176 pondere
1427 1127 1639 1179 tanquam

248 1191 294 1235 in
326 1190 474 1234 locum
503 1188 584 1232 sibi
617 1203 863 1247 congruum
890 1187 1112 1233 videretur
1141 1190 1299 1247 urgeri.
1326 1189 1455 1242 Quod
1477 1190 1640 1248 patitur

249 1260 510 1320 plerumque
531 1257 672 1302 malus
694 1258 827 1302 homo
849 1272 950 1302 cum
972 1259 1085 1302 inter
1103 1258 1242 1303 bonos
1265 1258 1409 1303 vivere
1430 1258 1634 1318 coeperit,

250 1331 285 1375 si
301 1345 344 1375 se
360 1330 407 1373 in
428 1328 582 1372 melius
604 1337 870 1372 commutare
892 1327 1082 1372 noluerit
1097 1363 1108 1383 ,
1134 1343 1185 1372 ex
1205 1328 1278 1372 illa
1299 1329 1517 1373 bonorum
1532 1343 1641 1373 con-

253 1400 503 1460 gregatione
518 1433 530 1454 ,
555 1398 749 1458 pondere
771 1397 900 1460 malae,
917 1414 1005 1442 suae
1024 1398 1351 1443 consuetudinis
1368 1398 1545 1458 pellitur
1560 1434 1572 1454 ‚
1596 1407 1639 1442 et

253 1471 316 1516 illi
339 1486 439 1515 eum
461 1485 552 1514 non
582 1468 824 1514 excludunt
846 1468 1134 1515 reluctantem
1155 1504 1166 1523 ‚
1203 1468 1278 1514 sed
1310 1470 1538 1514 dimittunt
1558 1485 1639 1514 cu-

254 1543 462 1602 pientem.
488 1540 616 1594 Quod
636 1549 781 1583 autem
801 1538 969 1584 dictum
988 1549 1052 1584 est
1078 1559 1087 1585 2
1116 1559 1137 1582 «
1161 1543 1224 1585 Ne
1241 1540 1479 1599 porrigeret
1501 1541 1642 1585 Adam

256 1632 276 1654 n
304 1627 483 1657 manum
511 1626 632 1655 suam
656 1610 710 1654 ad
732 1610 932 1654 arborem
954 1611 1056 1655 vitae
1073 1645 1084 1667 ‚
1112 1629 1132 1652 »
1171 1611 1300 1655 etiam
1323 1612 1417 1655 haec
1439 1611 1643 1670 ambigua

255 1684 417 1729 locutio
452 1692 530 1727 est.
569 1681 810 1742 Loquimur
832 1683 948 1726 enim
974 1683 1034 1727 sic
1052 1717 1062 1737 ‚
1103 1697 1205 1727 cum
1228 1682 1412 1727 dicimus
1441 1702 1450 1726 ι
1476 1682 1581 1727 Ideo
1602 1691 1645 1726 te

256 1769 414 1799 moneo
432 1788 442 1807 ‚
468 1768 523 1796 ne
542 1753 700 1796 iterum
723 1750 852 1795 facias
875 1752 995 1810 quod
1012 1752 1152 1796 fecisti
1170 1787 1180 1807 ‚
1207 1753 1399 1797 volentes
1421 1753 1574 1812 utique
1595 1761 1646 1797 ut

257 1839 347 1868 non
377 1822 505 1867 faciat
537 1841 545 1866 ι
579 1824 636 1865 Et
664 1821 824 1864 iterum
854 1821 912 1864 sic
936 1856 946 1876 ‚
971 1820 1075 1865 Ideo
1099 1830 1142 1865 te
1165 1837 1322 1866 moneo
1339 1857 1349 1877 ,
1375 1837 1430 1866 ne
1456 1823 1570 1867 forte
1592 1822 1646 1866 sis

259 1893 401 1938 bonus
418 1928 428 1947 ,
453 1891 648 1936 volentes
669 1891 823 1950 utique
846 1900 893 1934 ut
910 1890 989 1945 sit,
1015 1890 1060 1934 id
1078 1900 1141 1935 est
1161 1926 1172 1946 ‚
1197 1907 1354 1936 moneo
1372 1902 1414 1936 te
1437 1908 1527 1937 non
1548 1891 1648 1936 des·

258 1979 413 2023 perans
444 1962 566 2023 quod
588 1962 728 2006 bonus
750 1961 884 2020 possis
907 1976 1011 2005 esse.
1046 1962 1166 2006 Sicut
1189 1962 1385 2022 loquitur
1414 1961 1648 2022 Apostolus

258 2049 360 2079 cum
382 2033 488 2077 dicit
513 2051 522 2076 :
551 2050 571 2074 «
591 2034 654 2077 Ne
676 2030 789 2075 forte
806 2031 881 2075 det
901 2031 984 2075 illis
1008 2034 1122 2075 Deus
1140 2031 1445 2091 poenitentiam
1468 2032 1522 2077 ad
1543 2047 1648 2091 cog-

262 2123 282 2147 »
308 2102 573 2149 noscendam
593 2102 864 2147 veritatem1.
895 2120 914 2143 »
943 2106 1090 2146 Potest
1118 2117 1219 2161 ergo
1250 2102 1387 2147 videri
1421 2113 1649 2163 propterea

261 2177 393 2220 homo
414 2175 461 2219 in
481 2174 652 2219 labores
682 2174 810 2232 hujus
838 2172 937 2217 vitae
959 2188 1048 2217 esse
1070 2173 1269 2218 dimissus
1289 2208 1301 2229 ‚
1337 2183 1388 2218 ut
1413 2173 1649 2234 aliquando

261 2262 441 2291 manum
464 2246 654 2304 porrigat
675 2244 731 2288 ad
755 2243 956 2288 arborem
977 2244 1078 2289 vitae
1096 2279 1105 2299 ‚
1143 2253 1186 2288 et
1207 2244 1323 2289 vivat
1352 2245 1398 2288 in
1419 2254 1664 2295 aeternum„

262 2320 418 2360 Manus
438 2325 583 2359 autem
603 2314 816 2373 porrectio
839 2314 951 2357 bene
970 2314 1182 2371 significat
1198 2329 1371 2359 crucem
1390 2349 1401 2370 ‚
1427 2330 1503 2375 per
1520 2329 1650 2375 quam

265 2388 351 2431 vita
373 2397 535 2431 aeterna
557 2394 851 2445 recuperatur.
881 2385 1083 2437 Quamvis
1107 2385 1237 2429 etiam
1259 2387 1293 2430 si
1319 2384 1396 2429 illo
1427 2386 1558 2430 modo
1580 2386 1650 2428 in-

265 2456 508 2515 telligamus
543 2472 598 2501 ne
631 2470 811 2501 manum
847 2456 1066 2515 porrigat,
1104 2465 1147 2502 et
1182 2456 1298 2502 vivat
1331 2456 1377 2501 in
1408 2465 1648 2510 aeternum,

316 2547 323 2564 ¹
346 2551 365 2573 2
389 2541 468 2574 Tim.
489 2552 526 2583 11,
548 2541 601 2574 25.

1696 2526 1702 2702 l

1696 2709 1702 2890 ³
