1729 3143
223 197 304 237 446
657 207 690 236 s.
727 207 957 236 Ausus‘rnu
989 209 1170 237 13121500121

217 293 238 317 »
263 275 339 320 sed
369 274 537 334 reptilia
567 273 809 318 animarum
844 274 1040 318 vivarum
1061 277 1075 300 ¹
1099 293 1108 319 ε
1137 293 1156 316 »
1188 276 1396 335 quoniam
1418 291 1599 338 corpora

214 355 316 390 sunt
338 344 505 403 reptilia
519 378 530 398 ,
555 353 598 388 et
619 344 764 389 adhuc
786 344 998 404 corporali
1021 345 1348 389 circumcisione
1369 355 1412 390 et
1433 348 1598 391 sacrifi·

215 416 287 461 ciis
306 425 513 475 tanquam
535 415 579 459 in
601 416 708 459 mari
727 416 921 475 gentium
941 415 1129 475 populus
1145 415 1217 460 ille
1234 416 1448 460 serviebat
1463 417 1595 475 legi2.

215 489 345 530 Istam
376 500 479 530 vero
507 486 695 530 animam
718 487 858 531 vivam
889 485 1022 542 dicit,
1047 503 1132 547 qua
1165 487 1253 532 vita
1270 488 1360 547 jam
1384 487 1601 546 incipiunt

213 565 374 600 aeterna
409 556 656 600 desiderari.
695 559 922 616 Serpentes
948 573 1051 616 ergo
1085 566 1128 602 et
1163 573 1318 617 pecora
1355 573 1454 618 quae
1487 567 1600 601 terra

211 626 443 686 producit,
470 637 618 687 gentes
640 628 881 686 significant
904 630 992 688 jam
1015 628 1226 673 stabiliter
1249 628 1486 687 Evangelio
1504 643 1598 673 cre-

210 697 390 742 dituras.
414 701 474 742 De
492 699 652 758 quibus
669 698 829 743 dicitur
845 698 891 742 in
911 698 987 743 illo
1003 714 1102 743 vase
1119 698 1240 759 quod
1264 703 1392 744 Petro
1410 698 1598 743 demon-

210 776 393 812 stratum
428 778 491 813 est
521 769 568 812 in
605 769 788 814 Actibus
810 768 1120 828 Apostolorum
1153 789 1161 814 :
1197 789 1218 812 «
1243 772 1384 814 Macta
1409 778 1453 814 et
1476 784 1602 814 man-

211 857 232 881 »
258 839 385 884 duca.
407 843 464 884 Et
486 855 586 885 cum
608 839 682 884 ille
703 840 930 884 immunda
948 839 1112 884 diceret
1129 876 1140 895 ‚
1164 856 1418 900 responsum
1441 850 1507 900 est
1527 840 1567 884 ei
1586 859 1606 885 :⁷

178 908 188 964 ξ
214 929 230 951 »
259 912 367 963 Quae
387 912 500 954 Deus
517 910 745 954 mundavit
763 941 774 961 ,
804 919 851 951 tu
870 925 926 950 ne
945 910 1173 954 immunda
1195 911 1352 955 dixeris
1368 912 1400 955 3.
1428 893 1600 979 »an

181 969 186 989 ἓ
207 980 256 1023 fit
277 981 410 1024 homo
433 978 488 1023 ad
508 978 742 1036 imaginem
765 985 809 1021 et
829 977 1160 1021 similitudinem
1187 978 1261 1021 Dei
1279 1013 1290 1032 ‚
1316 980 1426 1023 sicut
1448 981 1495 1024 in
1516 981 1599 1025 ista

206 1060 322 1095 sexta
340 1059 467 1094 aetate
485 1048 674 1092 nascitur
688 1048 734 1091 in
750 1063 880 1113 carne
899 1048 1108 1092 Dominus
1124 1057 1271 1093 noster
1287 1083 1299 1104 ,
1324 1049 1379 1093 de
1400 1065 1489 1109 quo
1507 1049 1600 1094 dic-

226 1137 300 1165 um
323 1129 387 1164 est
408 1134 484 1179 per
505 1110 852 1196 Prophetam—D«
877 1122 934 1164 Et
950 1120 1085 1164 homo
1101 1128 1189 1175 est,
1215 1129 1258 1164 et
1279 1121 1375 1179 quis
1394 1129 1599 1180 agnoscet

207 1192 385 1251 meum?
406 1209 425 1232 »
451 1194 508 1235 Et
533 1190 905 1251 quemadmodum
935 1191 981 1235 in
1003 1191 1078 1236 illo
1100 1191 1171 1236 die
1199 1192 1417 1236 masculus
1437 1202 1480 1236 et
1508 1191 1597 1235 foe-

205 1254 323 1307 mina
339 1296 351 1318 ,
381 1262 440 1306 sic
457 1271 501 1306 et
524 1262 569 1306 in
591 1262 669 1306 ista
691 1272 818 1306 aetate
839 1262 1036 1307 Christus
1060 1272 1102 1307 et
1121 1262 1327 1307 Ecclesia.
1349 1265 1406 1307 Et
1422 1277 1598 1321 praepo-

204 1333 324 1378 nitur
337 1333 478 1378 'homo
500 1334 545 1377 in
564 1332 639 1377 iflo
662 1332 732 1377 die
753 1334 984 1393 pecoribus
1008 1343 1050 1378 et
1073 1333 1347 1393 serpentibus
1369 1342 1413 1377 et
1434 1333 1594 1377 volati-

204 1403 318 1448 libus
335 1403 452 1459 coeli,
471 1404 580 1448 sicut
598 1404 640 1448 in
660 1404 738 1448 ista
751 1413 877 1448 aetate
895 1405 1090 1449 Christus
1112 1404 1223 1463 regit
1244 1403 1408 1448 animas
1429 1404 1596 1448 obtem-

204 1485 402 1536 perantes
423 1476 522 1534 sibi,
547 1492 647 1536 quae
666 1476 722 1521 ad
740 1476 975 1521 Ecclesiam
993 1477 1100 1537 ejus,
1119 1477 1276 1536 partim
1298 1474 1353 1520 de
1374 1475 1591 1534 gentibus,

202 1547 359 1607 partim
372 1547 428 1591 de
446 1546 611 1607 populo
628 1550 651 1591 J
658 1547 885 1592 udaeorum
905 1556 1143 1602 venerunt,
1164 1556 1215 1592 ut
1228 1548 1283 1591 ab
1297 1562 1349 1591 eo
1366 1545 1595 1591 domaren-

203 1626 275 1661 tur
287 1627 418 1679 atque
433 1618 983 1663 mansuescerenthomines
996 1653 1007 1674 ‚
1022 1617 1093 1664 vel
1108 1617 1269 1663 carnali
1283 1617 1595 1677 concupiscen-

203 1688 272 1732 tiae
287 1689 422 1734 dediti
436 1689 547 1735 sicut
560 1705 731 1749 pecora,
742 1689 812 1734 vel
826 1689 1054 1734 tenebrosa
1069 1689 1318 1734 curiositate
1337 1687 1593 1733 obscuritati

201 1761 324 1819 quasi
346 1770 565 1820 serpentes
586 1796 597 1816 ,
622 1760 694 1806 vel
714 1760 812 1805 elati
830 1761 1034 1820 superbia
1051 1761 1175 1821 quasi
1197 1775 1310 1804 aves.
1338 1762 1395 1803 Et
1415 1759 1528 1803 sicut
1546 1758 1592 1802 in

200 1830 276 1875 illo
296 1830 368 1875 die
388 1832 578 1891 pascitur
606 1832 737 1875 homo
760 1841 804 1876 et
825 1830 1028 1875 animalia
1042 1866 1052 1885 ,
1091 1846 1191 1890 quae
1213 1844 1313 1873 cum
1343 1829 1436 1888 ipso
1458 1839 1561 1874 sunt
1577 1864 1588 1884 ‚

200 1901 344 1945 herbis
359 1901 638 1946 seminalibus
655 1911 698 1945 et
717 1901 843 1960 lignis
863 1900 1100 1945 fructiferis
1122 1910 1165 1944 et
1182 1900 1328 1944 herbis
1348 1899 1559 1944 viridibus
1577 1919 1586 1944 ε

200 1972 259 2017 sic
284 1973 365 2018 ista
396 1982 525 2018 aetate
553 1971 754 2033 spiritalis
775 1974 909 2016 homo
938 1972 1209 2032 quicumque
1231 1971 1373 2015 bonus
1395 1971 1591 2015 minister

200 2054 263 2090 est
284 2045 445 2091 Christi
465 2080 476 2101 ,
501 2054 546 2090 et
572 2060 673 2089 eum
703 2044 815 2088 bene
839 2053 1055 2104 quantum
1078 2052 1221 2103 potest
1242 2043 1464 2097 imitatur,
1489 2057 1589 2086 cum

199 2116 290 2176 ipso
321 2117 488 2177 populo
519 2116 766 2177 spiritaliter
782 2117 973 2176 pascitur
994 2125 1242 2160 sanctarum
1269 2114 1590 2174 Scripturarum

200 2187 414 2233 alimentis
430 2198 472 2233 et
489 2188 585 2248 lege
605 2188 751 2232 divina
774 2205 783 2232 ε
807 2187 964 2246 partim
986 2185 1041 2231 ad
1063 2184 1394 2245 concipiendam
1418 2183 1590 2228 foecun-

199 2258 379 2304 ditatem
407 2260 627 2304 rationum
655 2267 786 2318 atque
808 2272 1057 2302 sermonum
1073 2291 1085 2312 ,
1110 2265 1321 2316 tanquam
1346 2255 1492 2299 herbis
1518 2269 1588 2299 se-

199 2329 433 2376 minalibus
453 2351 464 2388 3
502 2330 660 2390 partim
697 2329 752 2373 ad
784 2328 1016 2373 utilitatem
1045 2342 1217 2371 morum
1248 2324 1586 2370 conversationis

199 2399 403 2446 humanae
420 2437 431 2457 ,
464 2411 673 2462 tanquam
696 2400 823 2459 lignis
844 2398 1081 2444 fructiferis
1100 2418 1111 2455 3
1140 2396 1298 2457 partim
1320 2397 1375 2440 ad
1396 2397 1586 2452 vigorem

200 2471 300 2516 fidei
319 2508 330 2526 ,
355 2474 443 2533 spei
460 2483 503 2518 et
517 2471 736 2518 charitatis
752 2472 798 2516 in
811 2471 945 2516 vitam
960 2479 1190 2524 aeternam,
1213 2478 1418 2528 tanquam
1437 2466 1582 2510 herbis

251 2561 260 2579 ¹
281 2559 360 2590 Gen.
380 2569 406 2598 1,
424 2565 477 2591 20.
494 2574 534 2581 —
550 2564 563 2582 2
583 2558 662 2591 Vide
687 2569 699 2591 1
721 2560 864 2592 Retract.
885 2566 957 2598 cap.
974 2566 1006 2597 x,
1025 2565 1057 2588 n.
1083 2555 1114 2587 3,
1131 2571 1172 2579 -
1188 2552 1202 2577 ³
1222 2556 1296 2587 Act.
1317 2564 1348 2593 x,
1374 2551 1422 2593 ¹4·
