1729 3143
569 217 621 242 DE
653 216 818 252 cunum,
855 215 934 242 Lus.
967 214 1013 240 ιι.
1398 202 1475 241 481

108 294 198 323 non
229 279 385 338 injusta
422 293 553 339 poena
593 289 656 324 est
698 289 793 338 post
823 288 1047 338 peccatum
1082 277 1364 322 interclusum
1393 293 1482 322 esse

108 349 277 393 aditum
304 349 359 393 ad
387 351 638 408 sapientiam
654 384 665 404 ‚
696 350 836 393 donec
865 349 941 392 Dei
964 347 1253 393 misericordia
1275 349 1485 392 mensuris

107 427 352 477 temporum
374 419 597 463 reviviscat
617 419 693 479 qui
714 427 910 462 mortuus
937 427 1000 462 est
1020 453 1030 472 ,
1072 428 1115 462 et
1142 418 1388 463 inveniatur
1409 419 1486 479 qui

106 489 303 547 perierat.
330 488 534 532 Dimissus
556 497 619 532 est
635 503 738 546 ergo
754 487 809 531 de
825 488 1022 546 paradiso
1043 488 1262 533 suavitatis
1279 523 1290 543 ‚
1315 498 1366 532 ut
1381 503 1484 548 ope-

107 567 274 602 raretur
312 567 469 601 terram
500 557 554 602 de
585 573 672 618 qua
701 566 900 617 sumptus
921 567 1012 602 erat
1032 593 1042 613 ,
1069 558 1113 602 id
1134 568 1221 614 est,
1251 561 1367 603 utin
1388 575 1486 604 cor-

107 643 212 687 pore
233 628 315 673 isto
336 629 555 673 laboraret
574 663 586 685 ,
621 637 665 673 et
683 628 744 672 ibi
766 629 800 672 si
828 637 971 688 posset
992 628 1224 674 collocaret
1249 631 1331 675 sibi
1357 631 1488 674 meri-

107 705 202 741 tum
234 697 461 742 redeundi.
498 701 692 743 Moratus
718 707 782 742 est
814 707 960 743 autem
993 708 1144 743 contra
1173 700 1419 759 paradisum
1442 700 1488 744 in

106 768 277 812 miseria
296 787 305 814 :
331 785 429 828 quae
457 770 609 829 utique
630 769 769 813 beatae
787 769 888 814 vitae
909 771 1124 814 contraria
1146 780 1223 815 est.
1249 773 1358 817 Nam
1391 771 1490 816 bea-

106 847 195 882 tam
218 839 351 882 vitam
371 839 555 898 paradisi
576 841 753 884 nomine
770 841 1052 899 significatam
1073 841 1282 886 existimo.

151 908 334 951 XXXV.
355 926 372 947 «
391 909 538 952 Posuit
550 918 696 952 autem
708 912 821 952 Deus
837 909 1076 953 Cherubim
1091 918 1133 953 et
1148 910 1393 954 flammeam
1410 911 1493 955 fra-

110 995 131 1019 »
156 993 297 1021 meam
311 994 409 1037 quae
421 987 631 1032 versatur,
649 996 669 1019 »
691 994 790 1038 quae
804 994 894 1023 uno
906 979 1080 1023 nomine
1092 980 1300 1024 versatilis
1312 981 1398 1026 dici
1411 997 1492 1040 po-

107 1056 190 1091 test
216 1082 226 1101 ‚
258 1067 276 1089 «
303 1048 358 1092 ad
378 1048 707 1092 custodiendam
735 1048 849 1091 viam
872 1049 1035 1093 arboris
1056 1050 1157 1093 vitae
1174 1052 1204 1094 ¹.
1233 1069 1253 1091 »
1292 1051 1410 1095 Sicut
1430 1052 1495 1096 illi

107 1117 263 1163 volunt
288 1119 363 1177 qui
392 1119 564 1162 hebraea
588 1119 718 1162 verba
740 1119 785 1162 in
817 1119 1045 1178 Scripturis
1074 1121 1345 1179 interpretati
1366 1133 1492 1177 sunt,

110 1188 349 1234 Cherubim
367 1188 500 1231 latine
517 1190 708 1232 scientiae
724 1189 954 1248 plenitudo
971 1206 1058 1234 esse
1080 1192 1253 1236 dicitur.
1273 1192 1496 1238 Flammea

107 1273 210 1302 vero
218 1259 380 1302 framea
389 1259 612 1312 versatilis,
624 1259 883 1318 temporales
896 1275 1037 1318 poenae
1050 1261 1371 1320 intelliguntur,
1391 1280 1495 1323 quo-

108 1329 225 1372 niam
258 1337 453 1387 tempora
474 1329 750 1373 volubilitate
780 1339 1018 1374 versantur.
1047 1334 1279 1390 Propterea
1301 1342 1344 1377 et
1369 1335 1496 1379 flam-

110 1414 205 1442 mea
237 1398 423 1453 dicium,
461 1399 562 1458 quia
597 1400 685 1442 urit
717 1399 907 1459 quodam
937 1401 1069 1446 modo
1092 1403 1230 1446 omnis
1252 1404 1491 1450 tribulatio.

112 1468 196 1513 Sed
218 1468 338 1513 aliud
361 1478 424 1512 est
445 1470 511 1523 uri
534 1468 589 1512 ad
611 1471 989 1528 consumptionem
1007 1506 1017 1524 ‚
1045 1481 1087 1516 et
1114 1472 1233 1517 aliud
1261 1483 1323 1518 est
1351 1475 1418 1519 uri
1440 1475 1493 1520 ad

110 1539 427 1598 purgationem,
450 1541 558 1584 Nam
582 1548 625 1583 et
643 1540 875 1598 Apostolus
896 1541 1001 1586 dicit
1024 1561 1032 1585 :
1063 1560 1079 1581 «
1107 1543 1209 1595 Quis
1232 1544 1495 1590 scandaliza·

114 1627 133 1650 »
159 1619 231 1652 tur
251 1644 261 1662 ‚
298 1619 340 1652 et
374 1624 454 1667 ego
488 1624 576 1653 non
613 1625 715 1653 uror
733 1612 781 1651 ²?
807 1629 825 1651 »
855 1611 938 1655 Sed
970 1612 1049 1656 iste
1081 1613 1262 1658 aflectus
1282 1617 1497 1673 purgabat

110 1694 211 1722 eum
244 1680 376 1736 magis
399 1714 410 1733 ‚
445 1680 546 1739 quia
578 1679 632 1723 de
654 1680 863 1724 charitate
885 1681 1101 1726 veniebat.
1128 1686 1183 1727 Et
1205 1683 1291 1728 illae
1313 1686 1497 1731 tribula-

110 1749 247 1793 tiones
265 1765 371 1808 quas
389 1749 492 1808 justi
516 1750 763 1807 patiuntur,
791 1751 846 1794 ad
862 1751 987 1794 istam
1008 1753 1227 1810 pertinent
1248 1755 1496 1801 flammeam

111 1820 318 1864 frameam
343 1839 351 1863 :
379 1839 398 1861 «
424 1821 635 1873 Quoniam
657 1821 703 1863 in
720 1821 829 1879 ,igne
858 1822 1070 1881 probatur
1098 1840 1252 1870 aurum
1275 1836 1320 1870 et
1340 1843 1498 1887 argen-

113 1908 133 1932 »
155 1899 266 1945 tum,
281 1899 324 1934 et
341 1890 536 1934 homines
553 1890 830 1948 acceptibiles
850 1893 896 1935 in
909 1894 1079 1937 camino
1091 1895 1445 1941 humiliationis?
1473 1918 1490 1939 »

111 1963 168 2005 Et
188 1961 346 2003 iterum
373 1979 382 2005 ι
412 1979 432 2002 «
459 1962 569 2004 Vasa
591 1960 713 2018 figuli
734 1960 889 2019 probat
913 1961 1067 2007 fornax
1084 1999 1094 2018 ,
1121 1974 1163 2007 et
1189 1966 1385 2010 homines
1402 1969 1497 2027 jus-

114 2049 134 2073 »
160 2039 225 2075 tos
256 2031 438 2074 tentatio
459 2030 748 2075 tribulationis
768 2033 799 2075 4.
832 2034 1048 2085 Quoniam
1078 2050 1178 2092 ergo
1201 2052 1333 2095 quem
1355 2036 1496 2097 diligit

71 2119 73 2123 ⁴
114 2120 134 2143 »
158 2105 271 2146 Deus
292 2136 302 2155 ‚
343 2101 554 2160 corripit,
592 2109 634 2145 et
656 2101 846 2159 flagellat
865 2118 1037 2148 omnem
1061 2104 1199 2149 filium
1227 2122 1360 2166 quem
1381 2108 1493 2152 reci-

116 2191 136 2213 »
161 2174 224 2231 pit
242 2174 282 2229 ⁵3
312 2193 329 2213 »
355 2172 466 2216 sicut
499 2171 605 2215 dicit
634 2172 866 2230 Apostolus
889 2192 897 2217 ;
928 2193 946 2216 «
975 2175 1165 2220 Scientes
1188 2179 1395 2236 quoniam
1414 2179 1493 2223 tri-

115 2260 135 2284 »
161 2242 328 2285 bulatio
355 2242 604 2301 patientiam
626 2252 828 2301 operatur
843 2278 853 2298 ,
878 2245 1084 2302 patientia
1107 2256 1251 2291 autem
1270 2250 1492 2307 probatio-

114 2329 136 2353 »
162 2314 307 2355 nemss.
336 2330 356 2352 »
393 2315 448 2355 Et
469 2311 651 2370 legimus
671 2347 681 2366 ,
721 2322 763 2356 et
799 2314 998 2358 audimus
1019 2351 1028 2368 ‚
1068 2325 1111 2360 et
1131 2318 1398 2364 credendum
1431 2330 1495 2365 est

113 2383 312 2426 arborem
333 2382 460 2437 vitae,
496 2383 813 2441 plenitudinem
845 2384 1033 2429 scientiae
1060 2395 1102 2431 et
1126 2388 1370 2435 flammeam
1403 2380 1513 2436 fra?

165 2491 171 2505 ¹
194 2487 273 2517 Gen.
302 2496 348 2524 ιιι,
367 2484 421 2525 24.
442 2502 479 2507 -
494 2492 505 2507 ²
525 2493 543 2516 2
565 2488 637 2517 Cor.
667 2497 709 2528 ιι,
734 2497 783 2530 19.
804 2503 844 2510 ·-
862 2485 874 2510 3
893 2488 992 2521 Eccli.
1012 2499 1049 2531 n,
1067 2488 1098 2522 5.
1114 2506 1154 2513 —
1169 2489 1248 2524 41d.
1270 2504 1377 2536 xxvu,
1397 2496 1430 2528 6.
1448 2511 1489 2519 —

114 2539 129 2564 ⁵
148 2540 231 2574 Heb.
250 2540 304 2582 xii,
322 2541 354 2573 6.
371 2557 412 2563 -
433 2539 448 2563 ⁶
467 2543 556 2574 Rom.
577 2553 611 2583 v,
630 2541 660 2573 3.

303 2605 487 2636 CXXXIV.
1255 2606 1302 2644 31
