1729 3143
279 217 361 243 Lm.
397 218 427 243 1.
464 216 517 243 nn
550 217 735 243 MORIBUS
767 216 968 245 nccnzsur.
998 213 1255 244 cunonem.
1376 204 1460 244 527

78 277 255 324 vitando
269 279 624 336 misericordiam,
641 295 772 340 quam
783 280 1095 340 benignitatem
1109 289 1296 341 appeten
1317 279 1460 324 domi-

80 357 241 393 tescere
263 349 486 394 faciamus.
514 353 658 409 Atque
672 359 722 394 ut
735 349 1024 395 misericordia
1041 351 1169 411 jubet
1185 385 1197 406 ,
1222 352 1300 395 ista
1316 365 1394 396 nos
1408 350 1462 394 ab

81 419 259 463 homine
267 418 726 478 pellereincommoda,
738 420 797 464 sic
809 420 1056 466 innocentia
1067 421 1271 481 prohibet
1286 420 1462 465 inferre.

143 491 232 532 LV.
269 489 398 542 Quod
420 499 565 534 autem
588 491 743 534 attinet
762 491 816 534 ad
838 491 1126 550 disciplinam,
1145 507 1221 552 per
1237 507 1370 552 quam
1386 490 1468 551 ipsi

85 560 230 604 animo
252 561 410 604 sanitas
431 561 710 615 instauratur,
731 576 829 620 quae
848 562 882 604 si
898 562 1023 616 absit,
1048 563 1157 606 nihil
1175 562 1230 607 ad
1245 562 1470 622 depellen-

86 629 162 674 das
183 630 370 674 miserias
393 629 507 674 salus
533 629 607 675 illa
629 631 819 690 corporis
840 631 984 687 valet,
1010 632 1267 677 difficillima
1289 634 1470 678 omnino

84 715 151 744 res
172 708 251 744 est.
272 702 416 760 Atque
431 710 482 745 ut
498 702 544 746 in
564 716 745 762 corpore
759 702 1028 758 dicebamus,
1055 703 1174 748 aliud
1189 719 1278 749 esse
1293 704 1470 750 morbos

84 779 128 814 et
148 769 328 814 vulnera
349 786 499 815 curare
517 806 527 826 ,
563 771 684 832 quod
705 773 832 831 pauci
855 773 1052 817 homines
1077 774 1188 817 bene
1208 774 1350 815 facere
1371 787 1465 830 pos-

84 849 214 899 sunt3
246 840 365 885 aliud
390 850 546 900 ,autem
579 841 740 885 famem
773 844 975 897 sitimque
996 838 1159 896 sopire,
1185 846 1230 882 et
1251 848 1405 885 caetera
1425 842 1472 885 in

86 911 246 970 quibus
265 908 497 953 subvenire
516 908 740 952 hominem
761 907 927 952 homini
945 907 1078 967 vulgo
1099 909 1343 969 passimque
1366 926 1472 955 con-

87 979 255 1024 ceditur
277 997 285 1024 :
309 979 428 1023 sicin
443 979 588 1023 animo
608 987 710 1022 sunt
726 978 951 1039 quaedam,
977 979 1023 1022 in
1039 979 1199 1038 quibus
1220 979 1474 1025 excellentia

85 1050 159 1094 illa
180 1059 222 1094 et
243 1065 337 1094 rara
351 1049 591 1107 magisteria
605 1064 694 1093 non
708 1047 945 1093 admodum
962 1048 1263 1094 desiderantur
1281 1069 1290 1095 2
1308 1059 1359 1095 ut
1371 1065 1473 1095 cum

86 1121 313 1165 hortamur
343 1128 388 1163 et
420 1133 675 1174 monemus,
701 1128 750 1163 ut
780 1120 874 1163 haec
908 1119 1000 1179 ipsa
1027 1118 1324 1178 indigentibus
1350 1121 1473 1164 exhi-

88 1190 288 1244 beantur,
308 1205 408 1249 quae
424 1190 596 1248 corpori
619 1188 864 1233 exhibenda
886 1204 976 1233 esse
997 1188 1196 1234 diximus.
1223 1192 1336 1235 Cum
1355 1191 1472 1234 enim

90 1260 184 1304 haec
206 1258 417 1314 facimus,
442 1273 524 1318 ope
545 1259 744 1318 corpori,
768 1273 869 1302 curn
892 1267 1036 1302 autem
1059 1259 1265 1304 docemus
1279 1269 1330 1304 ut
1350 1260 1474 1314 fiant,

92 1329 316 1389 disciplina
333 1330 478 1374 animo
499 1329 796 1373 subvenimus.
823 1331 935 1374 Sunt
952 1344 1053 1373 vero
1073 1328 1171 1383 alia,
1190 1329 1348 1389 quibus
1365 1329 1479 1374 mul-

92 1400 245 1445 timodi
260 1400 452 1458 variique
473 1398 616 1443 morbi
639 1400 898 1454 animorum,
917 1413 1073 1458 magna
1088 1398 1278 1459 quadam
1294 1408 1337 1444 et
1352 1415 1478 1459 pror-

93 1485 164 1515 sus
183 1470 397 1514 ineffabili
420 1470 587 1514 ratione
609 1479 816 1514 sanantur
834 1487 843 1514 :
867 1485 967 1529 quae
988 1469 1205 1515 medicina
1219 1471 1301 1515 nisi
1317 1470 1479 1515 divini-

0 1577 11 1587 „
70 1586 73 1589 ,
95 1551 164 1587 tus
185 1541 358 1601 populis
379 1542 639 1595 mitteretur,
657 1540 779 1584 nulla
797 1555 892 1600 spes
905 1540 1051 1584 salutis
1069 1549 1193 1596 esset,
1214 1549 1304 1585 tam
1321 1542 1480 1587 immo-

95 1610 242 1656 derata
251 1612 548 1671 progressione
559 1610 839 1670 peccantibus
851 1626 1123 1671 :quanquam
1132 1620 1174 1655 et
1186 1611 1259 1656 illa
1269 1613 1478 1672 corporis,

95 1681 130 1725 si
150 1681 278 1726 altius
300 1697 446 1726 rerum
480 1681 689 1739 originem
714 1690 902 1740 repetas,
933 1697 1023 1726 non
1042 1683 1263 1727 invenitur
1284 1683 1403 1727 unde
1425 1683 1481 1727 ad

95 1751 294 1796 homines
316 1767 493 1795 manare
517 1751 734 1810 potuerit,
760 1752 841 1796 nisi
861 1767 884 1795 a
907 1755 1014 1809 Deo,
1033 1753 1105 1797 cui
1124 1768 1269 1798 rerum
1284 1754 1480 1799 omnium

97 1829 232 1865 status
254 1821 457 1881 salusque
480 1821 713 1865 tribuenda
736 1830 814 1866 est.

155 1894 267 1937 LVI.
305 1894 408 1936 Haec
430 1900 576 1936 tamen
598 1892 823 1952 disciplina
844 1892 900 1936 de
921 1907 1007 1952 qua
1029 1908 1147 1938 nunc
1169 1895 1356 1952 agimus,
1381 1909 1482 1955 quae

99 1963 231 2006 animi
251 1961 466 2006 medicina
488 1970 575 2016 est,
601 1970 816 2021 quantum
841 1962 1070 2021 Scripturis
1093 1963 1194 2022 ipsis
1215 1963 1370 2009 divinis
1388 1963 1484 2009 col-

99 2032 177 2092 ligi
197 2032 318 2087 licet,
342 2033 387 2076 in
409 2032 499 2076 duo
520 2031 819 2089 distribuitur,
845 2033 1154 2077 coercitionem
1172 2041 1216 2077 et
1235 2033 1484 2079 instructio-

103 2118 220 2148 nem.
254 2102 469 2148 Coercitio
492 2101 666 2156 timore,
692 2101 920 2146 instructio
940 2117 1043 2147 vero
1066 2118 1212 2147 amore
1234 2104 1481 2163 perficitur,

103 2173 194 2233 ejus
208 2172 306 2218 dico
324 2173 394 2217 cui
408 2187 484 2232 per
505 2171 776 2230 disciplinam
797 2171 1055 2216 subvenitur
1074 2191 1083 2217 :
1109 2187 1211 2216 nam
1226 2174 1303 2233 qui
1324 2174 1486 2218 subve—

104 2244 190 2299 nit,
214 2243 324 2288 nihil
346 2244 504 2287 horum
529 2242 718 2286 duorum
740 2242 898 2298 habet,
920 2242 1001 2287 nisi
1025 2257 1184 2287 amare.
1212 2246 1264 2288 In
1283 2244 1348 2288 his
1369 2244 1484 2288 duo-

0 2355 5 2362 .
105 2314 187 2360 bus
209 2317 322 2359 Deus
338 2314 453 2374 ipse,
481 2318 602 2370 quus
625 2313 818 2357 bonitate
840 2322 971 2373 atque
993 2313 1221 2358 clementia
1236 2315 1286 2359 fit
1307 2314 1487 2359 omnino

104 2395 155 2430 ut
175 2385 342 2445 aliquid
362 2386 513 2440 simus,
529 2383 702 2428 duobus
722 2384 1000 2429 Testamentis
1020 2387 1175 2429 Vetere
1197 2394 1240 2429 et
1258 2387 1379 2427 Novo
1396 2383 1486 2428 dis-

104 2456 277 2515 ciplinae
299 2457 423 2500 nobis
446 2454 642 2514 regulam
665 2452 800 2498 dedit.
828 2457 1092 2514 Quanquam
1113 2455 1225 2494 enim
1248 2460 1486 2513 utrumque

102 2524 149 2570 in
170 2534 358 2586 utroque
378 2525 454 2581 sit,
478 2524 685 2584 praevalet
702 2531 849 2568 tamen
878 2524 923 2568 in
943 2526 1097 2565 Vetere
1119 2520 1270 2577 timor,
1295 2535 1416 2567 amor
1435 2522 1482 2567 in
