1729 3143
251 208 331 246 438
687 216 719 244 3.
756 216 987 245 Aecus-nm
1019 219 1201 248 muscom

250 284 415 337 occidi,
443 298 465 326 a
488 280 618 325 nullis
641 290 787 325 tamen
809 281 977 327 domari
998 293 1167 343 potest,
1192 301 1292 330 cum
1309 286 1400 345 ipse
1416 296 1504 332 tam
1517 286 1632 332 mul-

250 366 314 400 tas
336 364 378 397 et
399 367 534 411 prope
556 367 703 396 omnes
725 351 887 397 domet.
910 354 953 398 Si
967 369 1071 413 ergo
1093 355 1186 400 haec
1205 356 1392 400 hominis
1409 357 1632 402 damnatio

249 435 420 471 tantum
442 423 557 467 valet
573 458 584 478 ‚
611 424 718 483 quid
745 424 800 468 de
821 440 955 484 regno
974 426 1068 485 ejus
1089 427 1374 485 cogitandum
1401 436 1486 483 est,
1511 429 1634 489 quod
1664 450 1669 486 ς
1727 474 1729 490 1

245 498 283 541 ei
305 504 513 539 renovato
535 503 579 540 et
594 493 779 540 liberato
799 495 946 540 divina
967 512 1075 540 voce
1096 498 1381 556 promittitur.

302 567 445 611 XXX.
476 565 606 619 Quod
623 575 769 610 autem
786 567 1072 626 scriptumest
1094 586 1103 613 ε
1132 586 1150 608 «
1169 566 1415 612 Masculum
1429 576 1473 612 et
1493 566 1634 613 foemi-
1666 582 1671 630 ’ἦ

244 656 267 681 »
292 653 391 682 nam
419 636 522 681 fecit
544 637 640 682 illos
655 672 666 692 ,
691 646 735 682 et
756 637 979 682 benedixit
1007 654 1079 682 eos
1103 641 1217 683 Deus
1239 639 1387 683 dicens
1413 658 1423 684 ι
1445 639 1634 684 Crescite
1668 659 1671 694 ³,
1711 692 1717 702 „

245 727 265 751 »
289 717 333 753 et
356 708 731 768 multiplicamini,
768 717 811 752 et
839 717 1042 767 generate
1059 745 1070 764 ,
1107 718 1150 753 et
1180 709 1346 769 replete
1368 712 1556 754 terram1
1577 729 1586 755 :
1609 728 1629 752 »
1668 701 1673 731 ³

242 780 481 824 rectissime
516 780 728 840 quaeritur
762 779 1137 839 quemadmodum
1164 781 1414 840 accipienda
1442 782 1497 826 sit
1525 796 1634 826 con-

238 851 410 911 junctio
439 851 620 896 masculi
641 860 684 894 et
707 849 901 894 foeminae
924 860 1024 894 ante
1041 860 1270 910 peccatum
1286 886 1298 906 ,
1323 860 1367 895 et
1395 852 1476 895 ista
1497 851 1634 896 bene—

243 921 376 967 dictio
404 938 491 982 qua
524 923 690 962 dietum
715 930 810 960 est:
840 921 1071 960 «Crescite
1103 931 1147 962 et
1178 921 1561 981 multiplicamini,
1592 931 1636 967 et
1673 946 1675 958 ι
1728 922 1729 929 ’

244 1011 266 1035 ))
293 998 523 1049 generate,
562 995 606 1030 et
640 985 805 1044 replete
836 995 1024 1031 terram:
1044 1005 1066 1028 n
1106 989 1263 1032 Utrum
1298 992 1554 1046 carnaliter,
1580 1008 1637 1037 an

243 1060 492 1121 spiritaliter
514 1054 764 1116 accipienda
787 1057 856 1102 sit.
883 1057 1005 1102 Licet
1020 1057 1134 1102 enim
1153 1058 1278 1103 nobis
1292 1074 1385 1105 eam
1403 1060 1532 1104 etiam
1546 1062 1636 1121 spi-

243 1131 427 1176 ritaliter
448 1128 642 1188 accipere
658 1163 670 1184 ,
695 1136 746 1172 ut
766 1128 811 1171 in
834 1127 1051 1172 carnalem
1076 1127 1408 1174 foecunditatem
1426 1140 1523 1190 post
1537 1147 1637 1191 pec-

246 1211 392 1248 catum
415 1215 622 1245 conversa
643 1214 734 1244 esse
755 1198 973 1243 credatur.
1000 1202 1105 1244 Erat
1127 1201 1242 1244 enim
1265 1202 1383 1261 prius
1399 1211 1514 1246 casta
1537 1217 1637 1247 con-

242 1274 413 1335 junctio
433 1271 613 1316 masculi
647 1281 691 1316 et
721 1270 968 1330 foeminae²3
1004 1272 1134 1331 hujus
1152 1272 1207 1316 ad
1235 1272 1501 1330 regendum,
1523 1272 1638 1318 illius
1679 1294 1688 1310 ι
1728 1323 1729 1332 ¹

244 1346 300 1390 ad
324 1342 719 1403 obtemperandum
740 1342 1068 1387 accommodata
1090 1362 1099 1388 :
1125 1353 1168 1387 et
1190 1342 1392 1402 spiritalis
1413 1342 1548 1389 foetus
1565 1345 1636 1389 in-

246 1414 543 1475 telligibilium
566 1423 608 1458 et
627 1413 940 1458 immortalium
966 1413 1227 1473 gaudiorum
1255 1413 1427 1473 replens
1450 1423 1607 1466 terram
1622 1451 1633 1471 ,

245 1486 290 1531 id
313 1496 403 1541 est,
439 1486 662 1530 vivificans
697 1500 876 1544 corpus,
908 1493 952 1528 et
980 1484 1210 1529 dominans
1243 1485 1357 1544 ejus,
1383 1484 1431 1528 id
1452 1495 1540 1541 est,
1577 1487 1637 1530 ita

246 1559 492 1617 subjectum
511 1556 677 1600 habens
693 1591 705 1611 ,
726 1564 778 1600 ut
798 1554 963 1599 nullam
981 1570 1032 1599 ex
1054 1570 1106 1600 eo
1129 1555 1451 1611 adversitatem,
1471 1556 1638 1601 nullam

246 1627 489 1673 molestiam
509 1635 746 1687 pateretur.
773 1625 903 1679 Quod
921 1626 1020 1670 ideo
1043 1625 1102 1670 sic
1123 1624 1393 1670 credendum
1416 1636 1504 1682 est,
1522 1627 1636 1687 vquia

248 1702 448 1745 nondum
469 1708 592 1743 erant
612 1698 691 1742 filii
708 1697 857 1743 saeculi
881 1698 1010 1758 hujus
1038 1707 1273 1757 antequam
1289 1707 1535 1757 peccarent.
1561 1698 1640 1743 Fi·
1687 1730 1692 1740 .

248 1771 295 1816 lii
323 1771 440 1814 enim
462 1769 610 1814 saeculi
641 1770 771 1829 hujus
801 1778 1010 1827 generant
1031 1777 1074 1812 et
1098 1768 1361 1827 generantur
1378 1803 1390 1823 ,
1415 1768 1525 1813 sicut
1547 1772 1638 1814 Do-

250 1842 394 1887 minus
414 1840 519 1885 dicit
533 1842 566 1896 ³,
577 1855 677 1885 cum
694 1841 738 1884 in
753 1839 1075 1899 comparatione
1089 1839 1249 1883 futurae
1263 1839 1379 1893 vitae,
1396 1855 1495 1899 quae
1511 1841 1638 1886 nobis

249 1913 538 1974 promittitur,
558 1911 777 1956 carnalem
791 1912 918 1955 istam
931 1910 1254 1968 generationem
1271 1910 1638 1958 contemnendam

249 2000 338 2029 esse
359 1983 643 2027 demonstrat.

306 2057 472 2100 XXXI.
508 2057 565 2099 Et
585 2051 706 2114 quod
734 2052 795 2096 eis
824 2051 993 2096 dictum
1023 2060 1114 2097 est:
1144 2052 1354 2096 «Habete
1381 2061 1640 2112 potestatem

253 2145 273 2169 »
297 2125 484 2186 piscium
503 2125 630 2168 maris
647 2158 658 2177 ,
684 2122 928 2168 volatilium
950 2121 1050 2167 coeli
1070 2157 1081 2177 ,
1107 2131 1151 2166 et
1171 2123 1419 2181 repentium
1441 2122 1638 2167 omnium

258 2217 277 2239 >5
303 2212 402 2257 quae
425 2204 585 2256 repunt
606 2210 734 2254 super
756 2194 945 2238 terram4
967 2213 975 2238 :
997 2211 1017 2235 »
1044 2193 1162 2238 salvo
1185 2193 1364 2253 quidem
1386 2193 1634 2249 intellectu,

249 2284 337 2329 quo
360 2266 637 2312 manifestum
659 2275 723 2310 est
744 2266 946 2310 omnibus
967 2265 1034 2308 his
1052 2264 1313 2309 animalibus
1329 2266 1552 2309 hominem
1570 2280 1638 2309 ra-

250 2341 366 2384 tione
388 2339 618 2393 dominari,
645 2346 762 2382 recte
775 2347 921 2381 tamen
939 2337 1199 2396 intelligitur
1221 2337 1350 2381 etiam
1369 2335 1635 2396 spiritaliter,

251 2420 299 2454 ut
321 2426 469 2455 omnes
491 2410 742 2455 affectiones
764 2418 807 2453 et
829 2417 972 2452 motus
994 2408 1152 2463 animi,
1177 2423 1285 2467 quos
1312 2408 1523 2451 habemus
1545 2406 1636 2450 istis

305 2516 312 2531 ¹
343 2513 420 2541 Gen.
440 2523 461 2546 ι,
484 2513 537 2543 28.
563 2529 602 2535 --
624 2519 634 2533 ²
658 2511 737 2542 vide
764 2521 775 2542 1
798 2512 938 2542 Retract.
961 2519 1030 2550 cap.
1051 2520 1091 2549 x,
1111 2520 1142 2541 n.
1171 2517 1203 2541 2.
1224 2525 1265 2531 —
1287 2506 1301 2531 3
1336 2509 1411 2539 Luc.
1433 2517 1496 2546 xx,
1523 2505 1576 2538 δῖ.
1595 2523 1636 2530 -

258 2565 271 2594 ²4
292 2566 368 2596 Gen<
390 2577 410 2606 ι,
431 2569 483 2597 ¹28.
