1729 3143
229 245 283 284 86
659 253 693 282 s.
729 252 961 282 Auousnm
992 256 1174 283 EPISCOPI

227 335 272 365 se
294 329 392 378 agat
420 335 509 364 non
538 317 744 373 habebit,
781 318 882 378 quia
899 319 1078 379 justitiae
1099 319 1231 365 solius
1252 319 1375 365 locus
1401 321 1496 366 erit.
1531 322 1613 367 Hic

226 401 325 451 agat
338 392 480 435 anima
493 389 799 449 poenitentiam
810 424 821 444 ‚
841 399 892 434 ut
907 389 981 434 ille
997 391 1133 451 possit
1144 399 1314 435 mutare
1328 393 1609 438 sententiam:

226 463 297 507 hic
325 461 399 506 det
427 475 585 520 panem
602 494 614 515 ‚
639 469 690 505 ut
713 461 895 520 accipiat
917 461 1197 521 postmodum
1218 462 1401 506 salutem
1426 482 1436 507 :
1459 463 1531 508 hic
1551 463 1614 509 fa-

226 534 311 578 ciat
332 529 669 576 misericordiam
686 566 698 587 ‚
722 541 773 576 ut
793 532 854 576 ibi
875 532 1066 577 inveniat
1082 532 1416 591 indulgentiam.

284 604 362 646 IX.
390 601 618 648 Credimus
639 610 682 646 et
703 603 748 646 in
773 602 982 662 Spiritum
1003 612 1219 647 sanctum.
1256 602 1464 661 Spiritum
1486 617 1613 647 sanc-

222 681 317 716 tum
335 675 475 716 Deum
497 671 682 716 dicimus
698 707 709 728 ,
735 688 815 717 nec
837 682 983 717 tamen
1000 674 1184 717 dicimus
1202 676 1374 716 Patrem
1392 681 1435 716 et
1451 672 1614 718 Filium

219 753 262 788 et
288 743 498 802 Spiritum
525 753 723 789 sanctum
746 753 832 788 tres
854 744 958 789 deos
974 779 985 799 ‚
1010 745 1085 789 sed
1109 759 1246 788 unum
1274 762 1283 787 :
1310 743 1414 802 quia
1441 759 1530 787 una
1550 752 1615 788 est

218 814 436 859 aeternitas
454 850 466 871 ‚
496 831 583 859 una
601 817 798 876 majestas
816 849 827 869 ,
853 830 941 859 una
962 824 1167 873 potestas.
1193 818 1321 858 Pater
1341 829 1433 858 non
1453 822 1519 858 est
1540 813 1616 857 Fi-

216 885 301 929 lius
317 920 328 940 ‚
358 885 434 929 sed
457 889 583 930 Pater
602 895 666 930 est
688 885 785 930 Filii
807 904 815 930 :
843 886 978 930 Filius
1000 901 1090 930 non
1112 895 1177 930 est
1196 889 1325 930 Pater
1340 920 1351 940 ,
1376 884 1452 929 sed
1479 883 1615 929 Filius

218 965 282 1000 est
301 958 438 1001 Patris
460 976 469 1002 ε
493 958 675 1017 Spiritus
693 966 865 1001 sanctus
883 973 964 1002 nec
982 961 1110 1001 Pater
1129 966 1193 1002 est
1209 992 1220 1012 ‚
1247 971 1328 1001 nec
1351 955 1486 1000 Filius
1505 991 1516 1011 ,
1540 956 1618 1000 sed

224 1027 407 1084 Spiritus
430 1037 494 1071 est
518 1027 656 1071 Patris
677 1036 720 1071 et
742 1027 842 1071 Filii
863 1046 872 1070 :
892 1037 978 1070 tres
1001 1042 1198 1084 personae
1215 1061 1227 1080 ‚
1251 1026 1328 1071 sed
1346 1041 1460 1070 unus
1481 1028 1613 1069 Deus.

220 1093 453 1148 Quomodo
474 1127 485 1147 ‚
518 1092 692 1151 inquis,
733 1101 819 1136 tres
858 1093 1083 1148 nominas,
1124 1102 1168 1136 et
1189 1108 1328 1137 unum
1366 1092 1504 1137 dicis?
1532 1094 1615 1138 Os-

218 1164 352 1208 tende
369 1165 454 1207 hoc
475 1172 551 1207 aut
568 1163 736 1207 ratione
754 1198 764 1218 ,
791 1172 867 1207 aut
886 1162 1030 1223 aliqua
1052 1162 1336 1207 similitudine
1349 1198 1360 1219 ‚
1387 1179 1465 1223 per
1483 1179 1616 1223 quam

219 1233 405 1293 intelligi
428 1233 562 1293 possit
583 1233 795 1292 quidnam
817 1233 929 1277 illud
950 1233 1035 1277 sit?
1057 1235 1166 1286 Quae
1183 1234 1293 1278 ratio
1310 1268 1321 1289 ,
1346 1243 1422 1278 aut
1443 1249 1544 1293 quae
1564 1234 1615 1278 si-

220 1305 427 1349 militudo
458 1303 521 1347 illi
549 1304 611 1348 rei
644 1304 849 1348 invisibili
882 1306 1122 1363 comparari
1155 1306 1326 1364 potest?
1354 1307 1436 1348 Det
1467 1313 1615 1348 tamen

216 1375 387 1421 veniam
411 1377 501 1436 ejus
536 1376 761 1433 majestaS,
799 1373 901 1432 quia
930 1372 1121 1433 aliquam
1155 1374 1485 1418 similitudinem
1513 1390 1614 1434 quae

216 1447 405 1490 occurrit
436 1457 486 1486 ex
522 1443 614 1502 ejus
637 1451 865 1497 creatura,
898 1445 1022 1501 ponit
1059 1452 1206 1487 nostra
1240 1443 1469 1488 infirmitas
1489 1479 1501 1500 ,
1536 1459 1613 1504 per

217 1528 351 1574 quam
365 1512 608 1571 intelligere
627 1512 760 1571 possit
777 1514 928 1557 Vestra
943 1513 1157 1558 Charitas.
1180 1514 1270 1559 Nisi
1285 1515 1401 1559 enim
1416 1514 1490 1559 ille
1510 1531 1612 1574 per-

217 1585 409 1628 mitteret
424 1618 435 1638 ,
462 1583 559 1642 quis
592 1591 791 1626 nostrum
815 1582 870 1626 de
891 1584 984 1642 ejus
1006 1583 1235 1629 divinitate
1256 1585 1379 1644 loqui
1396 1586 1613 1630 auderet?

215 1657 313 1700 Non
342 1661 465 1697 vacat
496 1651 617 1712 quod
640 1653 781 1696 omnis
806 1661 1004 1696 creatura
1026 1654 1222 1714 subjecta
1243 1655 1298 1699 sit
1318 1656 1538 1710 Creatori,
1565 1656 1612 1700 in

214 1724 336 1770 nulla
354 1734 500 1769 tamen
524 1723 606 1767 alia
627 1723 769 1782 specie
786 1723 927 1768 voluit
950 1739 1158 1783 apparere
1178 1728 1292 1769 Deus
1310 1735 1456 1770 noster
1478 1742 1611 1786 quam
1675 1761 1678 1763 -

215 1797 262 1839 in
279 1796 393 1853 igne.
415 1797 523 1839 Nam
541 1804 584 1838 et
601 1803 751 1838 sancto
769 1795 909 1853 Moysi
924 1795 969 1838 in
984 1794 1096 1839 rubo
1111 1795 1157 1838 in
1170 1795 1346 1839 flamma
1359 1797 1580 1854 apparuit¹
1595 1831 1606 1852 ,

217 1876 261 1910 et
277 1865 376 1910 filiis
395 1864 527 1909 Israel
545 1864 755 1909 ducatum
781 1867 825 1909 in
848 1864 1052 1909 columna
1074 1865 1184 1923 ignis
1206 1865 1396 1924 praebuit
1409 1869 1427 1892 ²
1441 1901 1452 1921 ‚
1478 1876 1521 1911 et
1537 1883 1610 1911 su-

218 1952 294 1997 per
312 1934 552 1995 Discipulos
574 1945 858 1994 congregatos
879 1936 1047 1979 donum
1071 1936 1256 1994 Spiritus
1287 1937 1423 1981 sancti
1451 1937 1498 1980 in
1524 1936 1610 1982 lin-

218 2008 312 2067 guis
329 2008 463 2065 igneis
479 2007 545 2051 eff
544 2007 637 2051 udit
653 2007 685 2050 ³.
708 2008 851 2051 Habet
869 2006 985 2050 enim
1002 2007 1086 2050 hoc
1109 2005 1377 2051 elementum
1397 2022 1608 2066 magnum

216 2088 535 2123 sacramentum
555 2113 566 2133 ‚
606 2093 683 2138 per
720 2078 840 2137 quod
869 2088 1063 2122 exerceat
1092 2078 1327 2138 quaerentis
1361 2078 1602 2137 ingenium.

217 2153 332 2194 Ecce
352 2151 398 2193 in
419 2150 520 2208 igne
540 2149 743 2210 quaedam
767 2150 847 2193 tria
865 2150 1155 2209 conspicimus
1171 2185 1183 2204 ,
1203 2150 1349 2209 ignem
1366 2185 1378 2205 ‚
1402 2150 1608 2209 splendo-

216 2236 308 2264 rem
326 2229 369 2264 et
386 2220 573 2264 calorem
596 2239 604 2265 :
630 2230 673 2264 et
689 2235 790 2264 cum
806 2220 890 2263 sint
908 2220 987 2264 tria
1005 2256 1015 2274 ‚
1042 2236 1179 2264 unum
1196 2220 1346 2264 lumen
1363 2229 1442 2264 est.
1468 2220 1607 2265 Simul

217 2302 463 2351 exurgunt,
489 2292 706 2352 simulque
721 2292 964 2336 consistunt
982 2311 990 2336 :
1017 2308 1096 2336 nec
1114 2292 1224 2351 ignis
1243 2291 1452 2350 praecedit
1466 2292 1607 2351 splen·

218 2363 366 2406 dorem
389 2399 399 2414 ,
427 2380 505 2408 nec
528 2364 733 2423 splendor
751 2364 951 2407 calorem.
981 2367 1034 2407 Et
1057 2365 1150 2407 haec
1168 2378 1256 2406 non
1271 2362 1451 2406 confuse
1466 2378 1605 2406 unum

217 2446 314 2474 sunt
333 2467 342 2483 ,
377 2450 451 2475 uec
476 2435 689 2493 disjuncte
711 2434 784 2476 tria
807 2453 817 2487 ς
852 2433 925 2475 sed
960 2449 1058 2476 cum
1090 2448 1222 2475 unum
1249 2434 1357 2486 sint,
1381 2433 1461 2476 tria
1483 2442 1600 2476 sunt.

222 2502 359 2546 Simul
378 2516 613 2560 operantur
630 2539 640 2557 ‚
667 2515 707 2546 et
726 2518 826 2546 cum
844 2503 1188 2562 inseparabiliter
1201 2513 1438 2561 operantur
1451 2538 1462 2558 ‚
1482 2502 1605 2548 aliud

273 2594 282 2610 ¹
305 2586 403 2617 Exod.
421 2597 468 2625 m,
487 2596 515 2617 2,
529 2603 571 2609 -
587 2594 599 2609 ²
621 2587 667 2617 Id.
686 2598 754 2625 xm,
769 2595 822 2618 21.
837 2585 901 2608 —3
921 2589 993 2618 Act.
1011 2598 1044 2626 n,
1063 2587 1091 2618 3.
