1729 3143
244 143 328 184 176
665 153 700 182 s.
735 152 966 181 Aneusnm
999 153 1182 183 13:121500121

294 222 418 264 VIII.
440 219 569 273 Quod
583 218 741 278 probat
756 216 829 262 ille
843 217 958 263 1111115
965 219 1114 279 junior
1132 220 1179 263 in
1192 221 1429 279 Evangelio
1443 222 1626 282 positus,

233 291 312 351 qui
328 289 596 348 disciplinam
613 289 1124 349 paternamcontempsit‚
1145 289 1431 335 substantiam
1445 307 1567 336 suam
1582 294 1629 337 in

233 359 531 405 meretricibus
553 358 772 416 erogavit,
805 374 960 418 porcos
982 360 1128 418 pavit,
1153 359 1269 405 farne
1291 362 1505 406 contritus
1529 371 1593 407 est
1612 397 1625 418 ,

231 429 393 489 siliquis
414 441 649 486 porcorum
663 436 862 472 ventrem
879 444 1008 473 suum
1020 429 1205 488 implere
1223 445 1314 474 non
1330 431 1477 489 potuit
1495 450 1504 476 z
1522 440 1628 475 tan-

230 500 331 545 dem
353 497 589 557 aliquando
607 513 800 543 reversus
818 508 882 544 est
904 499 959 545 ad
982 515 1042 554 56,
1068 510 1111 544 et
1133 501 1299 545 invenit
1315 516 1360 545 se
1377 502 1455 561 qui
1473 502 1625 560 perdi-

230 569 354 612 derat
371 583 430 613 se.
456 571 508 611 In
530 577 724 613 mentem
746 570 786 614 ei
802 570 922 615 venit
936 571 1058 630 quod
1076 570 1203 615 multi
1220 571 1476 616 mercenarii
1492 573 1628 631 patris

230 639 298 683 5111
329 638 606 684 abundarent
636 640 845 698 panibus,
871 641 962 700 ipse
987 657 1090 686 vero
1114 640 1229 686 farne
1257 643 1434 701 periret.
1471 641 1629 686 Statim

228 712 413 754 surrexit
428 746 438 765 ,
465 711 520 754 ad
540 720 711 770 patrem
729 712 933 767 recurrit,
960 728 1050 756 non
1071 727 1116 756 se
1133 711 1291 768 filium,
1315 713 1391 756 sed
1414 721 1628 771 tanquam

229 795 368 824 unum
390 796 443 825 ex
466 781 598 825 servis
621 782 866 841 computari
888 782 1070 839 rogavit.
1106 781 1348 825 Inclinatur
1376 781 1600 825 humilitas
1615 815 1628 836 ,

228 853 439 896 excitatur
459 851 754 897 misericordia
781 871 789 897 :
815 867 943 897 voces
975 851 1055 896 filii
1083 853 1337 911 poenitentis
1366 853 1632 896 concutiunt

226 931 408 980 paterna
430 923 608 969 viscera.
635 923 750 966 Dicit
767 937 811 966 se
833 922 949 966 filius
967 925 976 947 ¹
998 921 1248 980 indignum,
1273 931 1324 965 ut
1345 921 1420 965 ille
1443 936 1543 965 eum
1561 922 1633 980 ju-

225 995 340 1038 dicet
362 995 545 1048 dignum
561 1015 572 1045 ς
593 1004 718 1044 rogat
737 1004 783 1032 ut
801 996 845 1030 in
865 1008 1051 1030 numer-o
1070 1007 1296 1032 sorvorum
1309 993 1519 1048 jubeatur
1532 1007 1631 1037 SUS-

227 1064 311 1122 cipi
338 1081 347 1106 ;
373 1070 415 1104 et
433 1068 555 1119 pater
573 1057 612 1101 ei
628 1057 815 1117 primam
831 1054 953 1099 illam
970 1055 1124 1100 stolam
1138 1057 1267 1117 jubet
1283 1059 1447 1114 afferri,
1464 1070 1630 1107 mactat

225 1129 413 1176 vitulum
437 1129 682 1187 saginatum
698 1161 708 1181 ,
735 1127 920 1170 chorum
947 1136 1205 1184 congregat,
1232 1127 1417 1172 advocat
1440 1131 1623 1187 amicos,

226 1201 331 1246 facit
353 1199 533 1258 epulum
556 1211 782 1255 magnum.
804 1197 978 1248 Quare?
1004 1214 1025 1237 «
1046 1197 1158 1249 Quia
1174 1197 1244 1241 hic
1261 1197 1376 1243 filius
1397 1214 1534 1254 meus,
1553 1201 1626 1244 in-

229 1290 250 1314 »
277 1270 394 1330 quit,
420 1276 619 1312 mortuus
653 1265 820 1319 fuerat,
851 1274 895 1308 et
917 1265 1094 1322 revixit,
1120 1267 1328 1325 perierat,
1354 1277 1397 1311 et
1420 1269 1628 1315 inventus

229 1360 251 1384 ³)
278 1344 411 1385 est2.»
438 1341 561 1383 Hanc
576 1335 907 1380 similitudinem
924 1336 1137 1380 Dominus
1152 1336 1199 1380 in
1214 1338 1452 1395 Evangelio
1468 1354 1625 1399 propo-

228 1412 336 1465 suit,
368 1424 501 1469 quam
532 1409 622 1466 ipse
651 1405 870 1464 exposuit,
903 1405 1078 1460 dicens,
1113 1405 1200 1450 tale
1229 1407 1440 1466 gaudium
1463 1409 1558 1453 fieri
1580 1410 1628 1454 in

228 1480 344 1527 coelo
380 1493 509 1537 super
541 1484 771 1536 peccatore
806 1474 1113 1534 poenitentiam
1151 1486 1322 1534 agente.
1359 1481 1487 1524 Nunc
1520 1494 1625 1524 vero

229 1551 436 1613 quoniam
458 1558 631 1607 tempus
655 1555 719 1591 est
740 1546 956 1590 exhortari
974 1561 1124 1590 omnes
1142 1546 1197 1591 ad
1219 1548 1549 1606 poenitentiam,
1575 1559 1626 1595 ut

230 1622 308 1666 filii
330 1628 520 1664 errantes
542 1626 816 1661 revertantur
831 1650 842 1670 ,
868 1615 1015 1675 eisque
1036 1616 1285 1661 convivium
1307 1633 1330 1662 a
1351 1628 1476 1677 patre
1505 1621 1623 1678 sagi-

228 1692 321 1736 nati
353 1688 480 1734 vituli
512 1695 780 1747 praeparetur
803 1720 813 1739 ‚
852 1686 982 1729 etiam
1015 1701 1116 1741 nos,
1151 1686 1446 1742 dilectissimi,
1481 1690 1623 1748 parati

228 1761 362 1806 simus
381 1759 484 1803 huic
502 1756 702 1802 convivio
721 1765 930 1815 tanquam
948 1755 1074 1799 amici
1088 1771 1136 1799 ac
1149 1756 1376 1801 domestici
1393 1758 1621 1804 interesse:

226 1831 413 1876 maxime
433 1829 536 1889 quia
553 1843 655 1873 cum
675 1827 755 1871 isto
773 1825 1081 1885 patrefamilias
1098 1825 1154 1870 ad
1169 1841 1364 1871 mensam
1391 1829 1483 1888 ejus
1511 1844 1625 1888 quo-

228 1901 335 1947 tidie
357 1899 609 1945 accedentes
625 1932 635 1952 ,
663 1911 753 1941 non
769 1911 848 1941 nos
860 1897 950 1955 jam
963 1896 1167 1953 dignatur
1187 1911 1345 1941 vocare
1367 1912 1527 1953 servos,
1545 1898 1623 1942 sed

229 1973 405 2018 amiCOS.
429 1973 760 2022 Percurramus,
785 1967 819 2011 si
842 1965 1011 2025 placet,
1036 1965 1172 2024 ipsam
1194 1966 1449 2025 parabolam
1477 1983 1501 2011 a
1531 1970 1622 2013 Do·-

227 2043 350 2088 mino
371 2042 418 2086 in
438 2038 677 2100 Evangelio
698 2037 964 2098 propositam
979 2071 990 2090 ,
1014 2036 1060 2079 in
1082 2051 1170 2095 qua
1191 2036 1318 2080 nobis
1340 2046 1383 2081 et
1412 2037 1624 2082 affectum

226 2115 362 2175 patris
378 2110 691 2157 demonstravit
710 2110 848 2168 pium,
866 2116 908 2151 et
926 2106 1003 2150 filii
1021 2106 1181 2166 perditi
1193 2106 1400 2152 indicavit
1413 2108 1620 2163 reditum,

228 2185 398 2245 filiique
425 2182 596 2242 majoris
633 2180 709 2240 qui
743 2179 797 2223 de
830 2187 1011 2237 paterna
1044 2178 1177 2222 domo
1214 2192 1305 2222 non
1341 2177 1594 2222 discesserat
1609 2212 1620 2233 ,

232 2263 501 2301 commotum
523 2252 672 2296 retulit
692 2250 901 2294 animum.
926 2250 1019 2293 Hoc
1041 2249 1204 2307 quippe
1227 2246 1362 2290 habet
1392 2256 1534 2291 textus
1552 2248 1621 2306 ip-

234 2327 320 2370 sius
341 2323 551 2370 lectionis.
582 2341 600 2363 «
616 2321 819 2373 Veniens,
845 2320 928 2373 ait,
959 2319 1074 2362 {ilius
1103 2320 1195 2377 ejus
1227 2317 1544 2376 primogenitus
1566 2317 1621 2361 de

237 2415 258 2439 »
285 2411 413 2455 agro,
454 2409 555 2440 cum
593 2391 760 2437 audiret
792 2390 1097 2448 symphoniam
1115 2423 1127 2443 ,
1161 2388 1444 2446 interrogavit
1475 2402 1618 2432 servos

283 2492 293 2509 ¹
317 2486 375 2519 Alii
394 2485 521 2518 codices
541 2483 661 2517 habent
682 2481 816 2515 Filium.
836 2496 878 2505 -
898 2486 910 2503 2
930 2482 1007 2512 Luc.
1027 2490 1082 2519 xv,
1105 2477 1164 2519 24.-
