1729 3143
227 211 311 250 236
663 221 696 249 s.
733 220 962 249 AUGUSTINl
994 223 1175 250 EmscoPI

224 287 476 332 hominibus
507 287 708 340 mixtam,
739 300 913 330 omnem
942 302 1114 332 carnem
1143 300 1233 331 non
1258 286 1361 340 Dei,
1385 286 1461 331 sed
1481 286 1607 330 malae

224 358 377 402 mentis
399 356 630 415 perhibent
651 370 741 400 esse
760 357 981 416 opificium
999 393 1009 414 ,
1036 373 1135 418 quae
1165 373 1188 401 a
1215 357 1430 401 contrario
1447 356 1609 415 princi·

223 429 296 488 pio
329 431 418 471 Deo
447 435 662 471 coaeterna
694 437 772 472 est.
805 429 1033 473 Carnalem
1064 428 1487 487 concupiscentiam,
1523 442 1610 486 qua

224 514 324 543 caro
359 498 629 557 concupiscit
663 498 867 544 adversus
905 502 1161 559 spiritum¹‚
1193 514 1284 544 non
1312 513 1364 542 ex
1391 499 1540 543 vitiata
1566 497 1614 540 in

222 570 364 629 primo
390 569 568 613 homine
589 579 744 615 natura
762 571 884 615 nobis
902 573 1040 616 inesse
1062 571 1388 627 infirmitatem3
1411 567 1487 613 sed
1504 568 1613 612 sub-

222 640 424 685 stantiam
444 641 601 686 volunt
628 656 716 685 esse
743 644 1029 698 contrariam,
1056 644 1115 686 sic
1145 641 1271 686 nobis
1292 640 1613 691 adhaerentem,

222 720 273 754 ut
295 710 472 771 quando
494 711 733 756 liberamur
751 722 882 773 atque
897 728 1134 771 purgamur
1153 747 1163 766 ,
1190 719 1413 769 separetur
1431 725 1455 753 a
1471 708 1613 759 nobis,

223 790 266 824 ct
296 781 342 824 in
369 797 446 825 sua
479 791 634 825 natura
657 783 786 826 etiam
820 783 911 841 ipsa
947 781 1252 827 immortaliter
1281 780 1430 824 vivat:
1457 791 1618 837 easque

223 852 331 894 duas
365 851 551 905 animas,
585 852 652 895 vel
677 851 785 895 duas
817 861 1010 905 mentes,
1048 866 1180 895 unam
1216 850 1400 903 bonam,
1439 848 1622 891 alteram

223 919 380 963 malam
394 955 405 974 ‚
426 921 471 963 in
484 937 574 964 uno
590 922 689 964 hom
698 921 767 963 ine
781 923 895 965 inter
913 937 956 965 se
970 922 1132 964 habere
1150 920 1424 972 conflictum5
1442 914 1621 976 quando

223 1005 324 1033 caro
345 990 616 1048 concupiscit
645 989 849 1033 adversus
878 991 1079 1049 spiritum
1098 1025 1108 1042 ,
1138 998 1181 1032 et
1211 987 1384 1047 spiritus
1420 987 1623 1029 adversus

223 1076 413 1103 carnem.
440 1063 527 1105 Nec
548 1061 594 1102 in
619 1061 745 1103 nobis
765 1071 967 1104 sanatum
992 1062 1075 1104 hoc
1096 1060 1249 1103 vitium
1264 1093 1275 1113 ‚
1300 1057 1427 1100 sicuti
1450 1072 1528 1100 nos
1552 1055 1624 1098 di-

223 1131 360 1172 cimus
375 1164 385 1183 ,
412 1145 642 1186 nunquam
665 1130 867 1170 futurum
890 1151 898 1174 2
925 1130 1001 1174 sed
1023 1147 1046 1173 a
1070 1130 1195 1173 nobis
1219 1129 1459 1187 sejunctam
1494 1135 1625 1185 atque

224 1199 433 1241 seclusam
453 1194 741 1240 substantiam
761 1195 887 1238 istam
906 1201 1030 1253 mali,
1057 1210 1100 1243 et
1117 1200 1241 1243 finito
1256 1199 1337 1241 isto
1355 1196 1515 1240 saeculo
1530 1204 1628 1253 post

226 1265 616 1323 conflagrationem
650 1263 804 1306 mundi
840 1265 883 1306 in
919 1266 1050 1322 globo
1081 1268 1301 1326 quodam,
1341 1274 1548 1321 tanquam
1582 1263 1627 1304 in

226 1350 397 1380 carcere
427 1334 720 1392 sempiterno,
752 1348 840 1376 esse
873 1333 1103 1377 victuram.
1130 1333 1213 1376 Cui
1244 1331 1375 1389 globo
1407 1332 1628 1374 affirmant

229 1419 503 1449 accessurum
537 1417 706 1461 semper
741 1411 784 1445 et
821 1403 1100 1446 adhaesurum
1142 1403 1265 1461 quasi
1302 1401 1627 1459 coopertorium

229 1485 358 1533 atque
383 1473 616 1516 tectorium
639 1487 690 1515 ex
711 1472 940 1515 animabus
955 1506 966 1523 ‚
992 1481 1148 1515 natura
1171 1471 1352 1530 quidem
1378 1471 1525 1526 bonis,
1551 1469 1628 1514 sed

231 1556 374 1588 tamen
409 1559 509 1604 quae
547 1559 638 1587 non
675 1543 900 1602 potuerint
935 1559 959 1586 a
998 1551 1167 1586 naturae
1200 1540 1327 1584 malae
1369 1540 1628 1598 contagione

229 1615 447 1659 mundari.

277 1687 457 1728 XLVII.
480 1683 726 1737 Hieracitae‚
743 1698 935 1742 quorum
952 1690 1105 1726 auctor
1121 1681 1304 1726 Hieraca
1323 1689 1624 1740 nuncupatur,

230 1755 592 1799 resurrectionem
615 1753 755 1797 carnis
778 1762 955 1810 negant.
995 1752 1234 1796 Monachos
1268 1761 1439 1796 tantum
1464 1760 1507 1794 et
1530 1765 1627 1794 mo-

230 1827 390 1870 nachas
413 1834 457 1869 et
487 1825 688 1883 conjugia
712 1839 801 1866 non
832 1824 1045 1866 habentes
1072 1823 1117 1865 in
1140 1823 1493 1866 communionem
1519 1821 1627 1863 reci-

230 1897 373 1956 piunt.
413 1894 484 1938 Ad
511 1909 697 1952 regnum
720 1893 933 1937 coelorum
960 1907 1051 1935 non
1084 1892 1301 1950 pertinere
1334 1890 1536 1949 parvulos
1558 1889 1627 1932 di-

231 1975 339 2010 cunt
356 2000 367 2019 ,
395 1966 496 2025 quia
517 1980 606 2009 non
629 1973 729 2007 sunt
753 1964 812 2007 eis
834 1962 922 2006 ulla
942 1962 1094 2005 merita
1118 1961 1366 2005 certaminis
1380 1995 1390 2015 ‚
1416 1975 1505 2019 quo
1527 1960 1629 2003 vitia

232 2044 510 2095 superantur.

291 2108 497 2149 XLVIII.
518 2104 740 2149 Meletiani
758 2119 781 2146 a
800 2101 978 2147 Meletio
998 2100 1241 2159 nuncupati
1258 2135 1268 2154 ,
1296 2098 1492 2143 nolentes
1507 2113 1630 2141 orare

236 2192 337 2220 cum
368 2175 612 2229 conversis,
638 2175 684 2217 id
702 2182 766 2217 est
787 2208 797 2225 ‚
843 2173 902 2215 eis
937 2172 1012 2230 qui
1043 2171 1088 2213 in
1123 2171 1424 2228 persecutione
1458 2166 1629 2211 cecide»

236 2256 365 2302 runt,
405 2245 589 2289 schisma
627 2245 841 2288 fecerunt.
881 2245 1007 2286 Nunc
1039 2250 1185 2283 autem
1220 2239 1426 2283 dicuntur
1461 2238 1629 2281 Arianis

238 2333 326 2361 esse
348 2317 588 2376 conjuncti.

298 2389 459 2429 XLIX.
487 2385 634 2429 Ariani
652 2384 705 2428 ab
724 2383 843 2437 Ario,
865 2381 909 2425 in
927 2396 978 2424 eo
1002 2389 1104 2424 sunt
1126 2378 1338 2422 notissimi
1355 2391 1515 2430 errore,
1540 2391 1630 2434 quo

244 2458 415 2499 Patrem
437 2465 481 2499 et
507 2455 665 2499 Filium
691 2463 734 2498 et
759 2453 964 2512 Spiritum
988 2459 1185 2495 sanctum
1210 2447 1367 2492 nolunt
1390 2461 1480 2490 esse
1502 2447 1629 2490 unius

290 2541 299 2559 ¹
320 2538 389 2570 Gal.
408 2549 439 2574 v,
460 2550 507 2578 ¹7·
