1729 3143
250 214 333 255 540
690 225 723 252 s.
759 220 991 253 Auousnm
1023 225 1205 254 Emscom

244 309 289 339 se
310 291 582 352 coinquinari
605 290 869 335 arbitrantur
891 310 899 336 :
920 306 1022 337 narn
1041 301 1085 337 et
1108 292 1369 352 quibusdam
1387 295 1630 354 languidio-

244 365 365 408 ribus
382 397 392 417 ,
420 371 462 406 et
479 376 655 421 prorsus
677 361 878 406 omnibus
901 363 977 423 qui
998 363 1089 407 sine
1109 363 1185 409 illo
1204 374 1430 425 nequeunt
1448 362 1631 411 salutem

243 431 435 492 corporis
461 432 660 476 obtinere
679 466 689 488 ,
713 432 1024 478 humanissime
1046 448 1094 477 ac
1116 433 1429 479 modestissime
1447 436 1632 496 praeberi

244 502 424 547 faciunt.
459 504 516 546 Et
549 501 680 546 stulte
712 503 946 548 nonnullos
967 513 1214 548 recusantes
1233 540 1244 561 ,
1270 504 1459 550 fraterne
1481 507 1633 552 admo-

243 581 378 628 nent,
403 587 458 616 ne
479 588 590 618 vana
614 574 920 633 superstitione
945 574 1177 628 debiliores
1201 576 1326 621 citius
1350 592 1483 637 quam
1507 593 1630 623 sanc-

242 645 372 689 tiores
387 644 509 688 fiant.
532 647 704 703 Legunt
717 646 776 689 eis
790 646 1050 706 Apostolum
1064 647 1278 707 discipulo
1291 649 1631 709 praecipientem,

242 723 293 759 nt
321 714 595 775 aliquantum
613 716 703 761 vini
724 726 866 761 sumat
885 726 1065 777 propter
1084 717 1335 779 frequentes
1363 719 1635 764 infirmitates

242 799 338 828 suas
362 787 392 828 ¹.
420 788 486 830 Ita
508 786 714 845 pietatem
742 786 894 830 sedulo
919 797 1120 834 exercent
1145 808 1153 834 :
1180 789 1372 849 corporis
1393 804 1497 834 vero
1519 804 1636 834 exer-

242 856 493 900 citationem
510 891 521 909 ,
545 866 596 900 ut
624 858 681 900 ait
707 856 823 900 idem
852 855 1114 915 Apostolus,
1148 859 1203 901 ad
1225 860 1429 918 exiguum
1463 869 1635 920 tempus

243 928 464 986 pertinere
486 936 703 972 noverunt
721 929 753 971 ².

304 1000 504 1041 LXXIII.
542 997 781 1042 Continent
799 1012 843 1042 se
863 997 994 1055 igitur
1014 998 1043 1041 ii
1066 998 1143 1058 qui
1164 1008 1371 1058 possunt,
1394 1000 1471 1059 qui
1489 1009 1636 1046 tamen

243 1077 348 1112 sunt
370 1067 711 1112 innumerabiles
729 1103 740 1123 ,
767 1076 809 1112 et
829 1083 851 1112 a
869 1067 1072 1112 carnibus
1095 1077 1138 1112 et
1159 1084 1182 1113 a
1204 1069 1307 1114 vino
1329 1069 1435 1114 duas
1452 1071 1510 1114 ob
1530 1085 1636 1116 cau-

243 1154 307 1183 sas
332 1159 341 1183 :
366 1142 435 1183 vel
455 1148 630 1199 propter
652 1138 836 1183 fratrum
855 1139 1217 1195 imbecillitatem,
1235 1140 1304 1186 vel
1320 1150 1499 1200 propter
1515 1157 1635 1186 suam

243 1210 505 1254 libertatem.
524 1210 719 1255 Charitas
737 1210 957 1270 praecipue
974 1210 1242 1268 custoditur,
1259 1212 1461 1256 charitati
1479 1212 1633 1268 victus,

245 1280 446 1324 charitati
470 1295 612 1324 sermo
630 1315 641 1336 ,
668 1281 868 1325 charitati
889 1281 1062 1325 habitus
1077 1316 1088 1336 ,
1121 1281 1323 1324 charitati
1344 1279 1491 1325 vultus
1513 1292 1636 1340 apta—

244 1359 317 1395 tur
335 1371 346 1408 3
380 1354 526 1396 coi'tur
561 1352 607 1395 in
641 1366 774 1395 unam
814 1352 1176 1410 conspiraturque
1209 1349 1464 1394 charitatem
1484 1369 1492 1395 2
1523 1351 1637 1396 hanc

243 1420 406 1466 violare
427 1431 639 1480 tanquam
660 1424 800 1465 Deum
822 1421 942 1465 nefas
963 1420 1139 1464 ducitur
1157 1438 1166 1464 :
1190 1419 1296 1463 huic
1319 1420 1354 1464 si
1381 1420 1490 1480 quid
1507 1422 1636 1466 resis-

245 1491 326 1546 tit,
368 1500 646 1550 expugnatur
674 1500 805 1550 atque
839 1490 1035 1550 ejicitur3
1069 1491 1184 1535 hanc
1216 1491 1251 1535 si
1285 1490 1393 1551 quid
1421 1491 1632 1549 offendit,

244 1576 384 1606 unum
407 1562 522 1606 diem
545 1561 701 1606 durare
724 1576 815 1606 non
837 1561 1007 1606 sinitur.
1035 1562 1187 1607 Sciunt
1203 1562 1264 1607 ita
1286 1562 1635 1608 commendatam

245 1648 337 1678 esse
359 1648 382 1677 a
404 1633 578 1678 Christo
600 1642 643 1677 et
665 1632 905 1692 Apostolis‚
931 1642 981 1678 ut
1002 1634 1036 1678 si
1056 1634 1152 1678 haec
1180 1649 1268 1678 una
1299 1633 1436 1690 desit,
1461 1635 1632 1691 inania;

245 1705 279 1749 si
303 1705 396 1748 haec
418 1704 552 1759 adsit,
574 1703 701 1763 plena
722 1704 808 1748 sint
829 1704 990 1749 omnia.

306 1775 503 1816 LXXIV.
531 1773 642 1827 Istis,
668 1774 915 1828 Manichaei,
940 1775 974 1817 si
993 1775 1194 1833 potestis,
1219 1775 1426 1831 obsistite,
1451 1775 1554 1820 istos
1572 1776 1635 1820 in-

245 1843 444 1897 tuemini,
460 1842 560 1887 istos
584 1842 674 1887 sine
685 1842 929 1898 mendacio,
948 1845 981 1887 si
998 1845 1182 1899 audetis,
1200 1854 1243 1887 et
1256 1860 1357 1888 cum
1371 1846 1633 1890 contumelia

246 1915 466 1959 nominate
488 1933 497 1958 ι
517 1914 699 1958 istorum
714 1914 886 1974 jejuniis
904 1923 1043 1958 vestra
1055 1915 1238 1974 jejunia,
1257 1915 1443 1960 castitati
1462 1917 1636 1961 castita-

249 1995 351 2040 tem,
377 1985 581 2030 vestitum
599 1985 801 2040 vestitui,
829 1984 978 2044 epulas
999 1985 1154 2044 epulis,
1186 1986 1443 2031 modestiam
1462 1986 1636 2032 modes-

245 2057 315 2101 tiae
333 2092 343 2111 ,
380 2057 634 2101 charitatem
667 2054 858 2116 denique
887 2056 1112 2112 charitati,
1139 2065 1182 2101 et
1214 2056 1334 2116 quod
1356 2073 1422 2102 res
1451 2058 1634 2103 maxime

246 2127 454 2187 postulat,
472 2127 700 2187 praeceptis
722 2135 940 2186 praecepta
957 2121 1171 2171 conferte.
1190 2129 1288 2171 Jam
1304 2127 1508 2172 videbitis
1526 2127 1634 2189 quid

245 2199 357 2242 inter
377 2199 710 2243 ostentationem
733 2207 776 2242 et
797 2198 1087 2243 sinceritatem
1106 2234 1116 2253 ,
1141 2198 1256 2242 inter
1272 2199 1388 2243 viam
1406 2208 1568 2244 rectam
1590 2209 1634 2245 et

247 2285 434 2315 errorem
453 2305 464 2326 ,
490 2270 603 2314 inter
624 2269 756 2315 fidem
781 2278 911 2330 atque
935 2269 1168 2326 fallaciam,
1194 2271 1306 2314 inter
1327 2270 1463 2315 robur
1484 2280 1527 2315 et
1559 2280 1632 2316 tu-

247 2356 429 2397 morem,
454 2341 569 2385 inter
586 2339 905 2386 beatitudinem
924 2350 966 2385 et
979 2341 1211 2396 miseriam,
1235 2341 1349 2386 inter
1361 2342 1573 2386 unitatem
1589 2351 1632 2387 et

247 2412 577 2457 conscissionem
593 2446 604 2467 ,
629 2420 849 2471 postremo
871 2410 978 2472 quid
1000 2412 1114 2457 inter
1134 2413 1449 2471 superstitionis
1470 2412 1630 2457 sirenas

248 2490 290 2525 et
311 2491 488 2540 portum
509 2482 728 2540 religionis
749 2481 932 2527 intersit.

296 2572 307 2588 1
331 2575 344 2597 1
363 2566 498 2604 Ti1n.v‚
517 2566 570 2600 25.
591 2583 632 2592 --
647 2567 725 2602 21d.
751 2577 795 2608 w,
813 2566 847 2600 8.
