1729 3143
15 2856 42 3143 i

564 235 776 266 Anvmzsus
807 234 983 263 Junaeos.
1383 219 1466 260 265

93 304 295 363 gentibus
318 301 372 346 ad
393 302 712 355 testimonium,
735 299 858 343 vobis
879 299 934 343 ad
951 297 1253 358 opprobrium,
1275 295 1470 340 nescien-

91 382 155 417 tes
175 388 270 417 eam
291 372 457 432 populo
469 369 735 424 ministratis,
752 369 828 427 qui
841 377 1020 413 vocatus
1041 377 1105 413 est
1121 382 1146 411 a
1163 366 1262 411 solis
1278 375 1379 411 ortu
1394 381 1471 410 us-

90 458 177 502 que
195 442 250 486 ad
271 456 488 487 occasum.
508 443 577 484 An
597 454 700 484 vero
717 438 961 496 negabitis?
982 447 1026 482 et
1045 453 1095 483 ea
1111 452 1212 498 quae
1228 445 1350 481 tanta
1367 451 1472 480 auc-

89 514 262 556 toritate
296 511 525 570 praedicta,
562 518 682 554 tanta
720 508 1068 553 manifestatione
1100 508 1317 567 completa
1343 515 1471 562 sunt,

89 591 167 624 aut
191 582 354 640 majore
382 580 576 625 caecitate
603 595 693 624 non
720 578 975 631 intuemini,
1010 586 1086 621 aut
1106 577 1293 621 mirabili
1326 578 1476 635 impu-

89 651 235 694 dentia
257 665 346 694 non
366 650 594 694 fatemini?
616 647 733 702 Quid
751 663 854 707 ergo
876 647 931 692 ad
951 647 1063 691 illud
1081 648 1327 706 responsuri
1349 647 1446 690 estis
1462 680 1473 701 ‚

88 719 208 778 quod
223 722 352 764 Isa'l'as
377 720 587 778 propheta
604 719 844 778 proclamat
866 738 876 763 z
902 736 921 759 «
942 718 1037 761 Erit
1050 718 1096 761 in
1110 717 1348 761 novissimis
1366 725 1479 760 tem-

92 806 113 829 »
138 789 317 847 poribus
354 788 609 832 manifestus
647 802 772 831 mons
802 788 958 831 domus
992 784 1186 839 Domini,
1221 793 1396 842 paratus
1432 785 1480 828 in

94 875 113 898 ι)
140 858 365 901 cacumine
392 859 608 901 montium
625 891 636 911 ,
663 866 705 900 et
725 857 984 900 exaltabitur
1008 870 1138 914 super
1165 853 1321 908 colles,
1341 863 1384 897 et
1410 867 1479 898 ve-

91 945 112 967 »
134 928 256 971 nient
278 928 333 971 ad
351 943 450 970 eum
468 927 679 970 universae
701 936 865 984 gentes,
887 935 930 970 et
947 926 1094 970 dicent
1112 944 1120 970 :
1142 926 1314 979 Venite,
1330 938 1480 968 ascen-

93 1014 113 1037 »
138 996 291 1039 damus
308 997 353 1039 in
375 1005 569 1040 montem
589 996 784 1051 Domini,
806 1006 849 1040 et
871 996 917 1039 in
939 995 1120 1040 domum
1145 995 1223 1038 Dei
1246 994 1382 1037 Jacob
1399 1027 1411 1048 ,
1436 1002 1480 1037 et

93 1083 112 1106 »
137 1066 415 1109 annuntiabit
433 1066 558 1110 nobis
581 1067 695 1109 viam
713 1066 863 1110 salutis
878 1099 889 1120 ,
911 1075 954 1109 et
979 1065 1276 1123 ingrediemur
1291 1065 1336 1107 in
1359 1078 1477 1107 eam:

95 1154 111 1175 ›.»
137 1149 186 1177 ex
207 1135 309 1178 Sion
334 1135 450 1177 enim
471 1135 539 1177 lex
560 1135 753 1193 prodiet,
780 1144 822 1177 et
844 1135 1027 1177 verbum
1046 1135 1221 1176 Domini
1239 1149 1290 1176 ex
1306 1136 1480 1176 Jerusa-

93 1222 111 1245 »
136 1205 265 1247 lem1.
288 1222 308 1245 »
336 1208 403 1247 An
425 1213 468 1248 et
489 1205 560 1247 hic
592 1205 751 1248 dicturi
783 1203 879 1246 estis
912 1222 919 1246 :
952 1205 1038 1247 Nos
1068 1204 1248 1245 sumus?
1269 1203 1480 1260 quoniam

90 1272 266 1316 audistis
294 1273 476 1315 domum
510 1273 646 1317 Jacob
682 1283 725 1316 et
750 1272 853 1315 Sion
881 1280 924 1314 et
954 1270 1208 1314 Jerusalem.
1235 1270 1367 1322 Quasi
1400 1285 1480 1314 nos

90 1356 298 1399 negemus
321 1340 375 1383 de
394 1340 556 1383 semine
573 1341 709 1384 Jacob
726 1356 815 1385 esse
831 1341 1054 1385 Christum
1073 1340 1310 1384 Dominum
1330 1355 1480 1384 secun-

90 1411 197 1454 dum
219 1426 417 1465 carnem,
445 1412 520 1470 qui
540 1411 804 1468 significatus
828 1421 892 1454 est
919 1409 1135 1454 vocabulo
1156 1409 1317 1453 montis
1340 1412 1480 1468 parati

90 1496 220 1539 super
241 1496 449 1524 cacumen
482 1481 720 1534 montium,
753 1480 874 1539 quod
909 1495 1059 1523 omnes
1082 1477 1359 1523 celsitudines
1387 1481 1479 1539 ejus

91 1550 302 1595 celsitudo
323 1549 590 1593 transcendit
614 1569 620 1591 :
648 1559 723 1593 aut
745 1564 951 1607 negemus
973 1549 1202 1608 Apostolos
1220 1557 1263 1593 et
1275 1547 1370 1592 illas
1390 1551 1478 1593 Ec-

91 1619 238 1663 ctesias
262 1619 449 1673 Judaeae,
480 1635 579 1678 quae
610 1629 706 1678 post
740 1619 901 1663 Christi
925 1620 1285 1663 resurrectionem
1311 1620 1358 1664 in
1377 1633 1480 1664 eum

91 1691 301 1733 continuo
324 1689 631 1744 crediderunt,
669 1690 723 1733 ad
747 1688 928 1733 domum
956 1689 1095 1733 Jacob
1119 1691 1336 1748 pertinere
1367 1709 1376 1734 :
1404 1699 1480 1735 aut

90 1774 192 1803 vero
221 1759 329 1802 alius
360 1758 670 1817 intelligendus
699 1760 750 1803 sit
778 1759 1026 1817 spiritaliter
1049 1761 1208 1814 Jacob,
1235 1775 1368 1820 quam
1390 1761 1481 1820 ipse

90 1828 278 1888 populus
299 1828 584 1885 christianus,
609 1830 685 1888 qui
709 1844 807 1872 cum
831 1830 885 1873 sit
912 1830 1055 1874 minor
1075 1839 1181 1874 natu
1197 1865 1208 1885 ,
1241 1846 1374 1890 quam
1396 1846 1480 1890 po-

90 1899 220 1958 pulus
240 1898 495 1943 Judaeorum
508 1934 518 1953 ‚
545 1908 692 1943 tamen
715 1915 815 1943 eum
837 1901 1071 1944 crescendo
1088 1910 1263 1961 superat
1277 1937 1289 1956 ,
1309 1912 1353 1946 et
1373 1902 1481 1947 sub-

91 1970 156 2013 dit
177 1990 185 2013 :
212 1979 262 2013 ut
283 1970 515 2028 impleatur
536 1969 656 2029 quod
674 1970 729 2014 de
750 1971 924 2015 duobus
948 1970 1032 2016 illis
1054 1972 1262 2016 fratribus
1280 1973 1326 2015 in
1339 1973 1480 2031 figura

90 2039 348 2098 praedictum
371 2048 435 2082 est
456 2058 463 2082 :
494 2058 513 2080 «
535 2042 591 2083 Et
612 2042 748 2100 major
768 2042 924 2086 serviet
941 2043 1138 2086 minori2.
1160 2060 1180 2084 ³)
1210 2042 1313 2087 Sion
1332 2052 1479 2088 autem

90 2118 132 2152 et
166 2107 405 2151 Jerusalem
441 2109 637 2166 quamvis
671 2110 920 2168 spiritaliter
955 2112 1224 2171 intelligatur
1258 2111 1477 2169 Ecclesia,

90 2179 225 2236 magis
252 2187 398 2221 tamen
435 2176 638 2222 adversus
672 2180 774 2223 istos
806 2180 1017 2225 idoneum
1052 2183 1349 2227 testimonium
1386 2192 1476 2239 est,

91 2248 193 2306 quia
216 2262 267 2290 ex
287 2248 370 2291 isto
398 2246 494 2290 loco
511 2281 522 2301 ,
548 2248 626 2290 ubi
655 2249 876 2293 Christum
908 2251 1238 2308 crucifixerunt,
1274 2262 1317 2297 et
1341 2252 1409 2297 lex
1436 2262 1481 2298 et

90 2317 276 2361 verbum
298 2316 470 2360 Domini
493 2319 698 2375 processit
731 2319 787 2362 ad
818 2329 980 2377 gentes.
1012 2324 1100 2365 Lex
1128 2323 1245 2366 enim
1274 2317 1374 2382 quae
1395 2323 1478 2367 illis

89 2401 166 2445 per
188 2389 370 2443 Moysen
387 2386 487 2430 data
505 2396 568 2431 est
582 2421 593 2441 ,
615 2386 669 2430 de
690 2404 776 2448 qua
793 2390 1022 2448 superbius
1039 2390 1332 2446 extolluntur,
1357 2402 1401 2437 et
1421 2392 1477 2437 de

91 2471 177 2515 qua
211 2455 364 2499 melius
395 2457 716 2501 convincuntur
734 2493 744 2513 ‚
785 2474 874 2503 non
911 2460 1168 2519 intelligitur
1196 2461 1389 2521 prodisse
1419 2463 1474 2507 de

140 2545 150 2561 ¹
168 2540 239 2573 lsai.
258 2552 296 2582 11,
312 2550 331 2573 2
349 2545 383 2573 et
401 2541 430 2574 3.
449 2558 488 2565 —
508 2549 520 2565 ²
542 2544 622 2575 Gen.
639 2553 715 2584 xxv,
733 2543 786 2584 24.
