1729 3143
214 204 297 244 400
648 213 679 240 s.
716 211 946 240 Aueusnm
978 213 1161 242 Enscom

211 282 370 327 tum'et
397 280 522 325 facile
549 277 890 337 aggrediendum
917 278 1054 323 videri
1081 287 1238 338 potest.
1269 281 1393 326 Nunc
1415 297 1517 342 ergo
1539 292 1588 327 ut

208 351 328 413 quod
348 348 613 394 instituimus
630 348 1186 409 ,Tquantum'jadjuvamuffi
1218 358 1262 394 et
1283 359 1497 411 quantum
1528 353 1587 397 si-

208 422 353 466 nimur
374 431 627 478 peragamus
641 420 966 479 ,⁹quaecumque
988 420 1114 464 nobis
1131 455 1142 476 ,
1162 430 1377 480 quantum
1395 422 1450 466 ad
1474 437 1588 467 crea·

206 501 348 536 turam
371 489 579 549 pertinet,
603 488 924 548 vel{narrantur
940 490 1158 549 praeterita
1172 525 1184 546 ‚
1203 491 1274 536 vel
1291 492 1587 552 praenuntian-

206 571 276 607 tur
314 560 462 606 sutura
502 576 602 622 quae
637 560 694 606 ad
731 560 1125 607 commendandam
1165 562 1340 608 valeant
1377 563 1590 623 integram

204 631 458 692 religionem
474 666 485 687 ‚
516 630 742 677 excitando
770 647 849 677 nos
877 632 933 676 ad
959 632 1288 678 sincerissimam
1309 633 1590 679 dilectionem

202 703 280 747 Dei
302 711 346 746 et
363 702 576 762 proximi,
600 702 691 747 sine
707 701 980 747 dubitatione
996 701 1214 749 credenda
1232 713 1335 750 sunt
1356 724 1364 750 :
1385 707 1589 750 adversus

200 772 449 818 incredulos
470 781 614 818 autem
635 774 844 818 hactenus
865 772 1164 830 defendenda,
1189 784 1240 820 ut
1257 775 1325 819 vel
1349 775 1463 821 mole
1484 791 1588 821 auc-

201 843 636 903 toritatisz-infidelitas
658 859 810 890 eorum
838 844 1062 891 obteratur
1078 880 1089 900 ,
1125 846 1197 890 vel
1218 847 1277 890 eis
1302 845 1556 891 ostendatur
1571 881 1582 903 ,

200 924 415 976 quantum
443 923 585 974 potest
601 947 612 968 ,
650 915 792 972 primo
815 930 947 972 quam
969 930 1059 958 non
1081 915 1141 958 sit
1156 915 1339 960 stultum
1361 916 1462 961 talia
1489 932 1585 962 cre-

199 987 318 1042 dere,
334 984 491 1030 deinde
507 988 646 1044 ‘quam
669 983 724 1027 sit
745 983 929 1027 stultum
953 983 1056 1028 talia
1080 999 1171 1028 non
1191 984 1380 1029 credere.
1402 987 1590 1030 Verum-

197 1065 344 1102 tamen
362 1056 511 1100 falsam
534 1052 778 1099 doctrinam
800 1069 890 1099 non
912 1063 1000 1099 tam
1019 1055 1075 1098 de
1089 1055 1318 1114 praeteritis
1336 1065 1380 1100 et
1401 1056 1582 1112 futuris,

197 1143 330 1189 quam
359 1126 414 1172 de
445 1126 729 1187 praesentibus
762 1134 805 1170 et
841 1127 1026 1170 maxime
1063 1125 1118 1170 de
1148 1126 1586 1172 incommutabilibus

196 1207 368 1260 oportet
389 1197 598 1255 {refellere
614 1233 625 1253 ,
656 1207 700 1242 et
731 1206 946 1257 quantum
980 1195 1109 1241 datur
1125 1231 1136 1252 ,
1170 1197 1396 1257 perspicua
1418 1198 1586 1242 ratione

195 1285 467 1316 convlncere.

253 1344 367 1386 LXI.
405 1344 516 1386 Sane
536 1341 582 1384 in
604 1340 711 1384 serie
738 1338 1071 1398 temporalium,
1095 1337 1368 1398 inquisitioni
1388 1338 1585 1396 praeteri-

193 1422 338 1458 torum
360 1412 612 1455 futurorum
635 1410 875 1469 expectatio
893 1407 1165 1468 praeferenda
1187 1417 1264 1452 est.
1299 1408 1584 1468 Quandoqui-

193 1482 446 1541 demjetiam
473 1481 519 1524 in
535 1478 688 1524 divinis
712 1479 851 1523 Libris
874 1494 922 1523 ea
944 1494 1044 1539 quae
1067 1478 1284 1537 praeterita
1315 1487 1550 1522 narrantur
1567 1513 1578 1530 ,

190 1552 260 1597 vel
283 1551 679 1612 praefigurationem
702 1548 953 1594 futurorum
969 1584 980 1604 ‚
1005 1547 1075 1593 vel
1098 1548 1457 1608 pollicitationem
1473 1583 1484 1603 ,
1509 1547 1581 1593 vel

192 1623 537 1668 testificationem
554 1638 643 1682 prae
661 1637 704 1666 se
723 1629 894 1680 gerunt.
915 1623 972 1665 Et
993 1635 1141 1665 revera
1162 1621 1208 1664 in
1229 1621 1278 1664 iis
1298 1620 1426 1664 etiam
1445 1655 1457 1676 ,
1479 1635 1579 1680 quae

191 1694 248 1739 ad
281 1695 394 1739 hanc
427 1694 562 1738 vitam
589 1692 837 1752 pertinent,
875 1691 1091 1750 prosperis
1115 1691 1391 1750 adversisque
1417 1690 1547 1734 rebus
1565 1725 1576 1745 ,

191 1764 298 1826 quid
319 1765 501 1826 quisque
523 1762 655 1807 fuerit
675 1778 765 1807 non
787 1761 886 1806 satis
909 1770 1032 1806 curat
1060 1781 1068 1805 :
1094 1761 1141 1804 in
1163 1760 1208 1804 id
1229 1776 1331 1805 vero
1361 1759 1482 1820 quod
1502 1761 1578 1804 fu·

189 1847 337 1882 turum
374 1845 591 1896 speratur,
630 1849 718 1878 sese
740 1833 876 1877 omnis
908 1847 1111 1877 curarum
1135 1840 1262 1875 aestus
1292 1830 1574 1890 agglomerat,

190 1907 342 1953 Nescio
364 1922 452 1967 quo
474 1906 636 1965 quippe
655 1903 810 1948 intimo
832 1901 1108 1962 naturalique
1132 1917 1282 1956 sensu,
1303 1916 1352 1944 ea
1375 1916 1474 1960 quae
1495 1916 1576 1946 no-

189 1977 254 2022 bis
274 1976 525 2022 acciderunt
541 2010 551 2030 ,
578 1974 786 2035 quoniam
809 1981 1023 2018 transacta
1042 1980 1145 2016 sunt
1160 2005 1172 2026 ‚
1197 1972 1256 2015 sic
1276 1970 1497 2015 habentur
1521 1970 1576 2015 ad

189 2056 461 2092 momentum
491 2044 709 2090 felicitatis
742 2052 784 2088 et
813 2043 1020 2098 miseriae,
1059 2041 1180 2102 quasi
1210 2055 1437 2101 nunquam
1459 2040 1575 2086 acci-

190 2117 365 2163 dissent.
391 2116 507 2172 Quid
526 2116 658 2176 igitur
677 2114 787 2159 mihi
809 2114 951 2169 obest,
986 2114 1131 2172 si}esse
1154 2111 1332 2173 quando
1364 2111 1577 2172 coeperim

189 2190 332 2234 nescio
351 2224 361 2244 ,
387 2203 488 2234 cum
510 2202 599 2232 esse
620 2202 689 2232 me
711 2185 905 2230 noverim
923 2219 934 2239 ,
959 2199 1040 2228 nec
1062 2183 1264 2228 futurum
1295 2198 1383 2227 esse
1416 2181 1573 2241 despe-

188 2262 314 2305 rem?
335 2261 432 2305 Non
463 2258 579 2302 enim
608 2257 654 2301 in
685 2256 903 2317 praeterita
935 2269 1004 2298 me
1036 2252 1214 2298 attendo
1233 2288 1243 2308 ,
1279 2262 1329 2297 ut
1364 2261 1573 2312 tanquam

189 2346 376 2376 errorem
399 2328 808 2390 perniciosissimum
834 2341 980 2371 verear
996 2361 1006 2381 ,
1031 2325 1064 2369 si
1090 2324 1213 2369 aliter
1235 2324 1289 2367 de
1316 2323 1366 2367 iis
1399 2337 1571 2367 sensero

189 2417 319 2460 quam
342 2401 522 2445 fuerunt
542 2420 550 2445 :
573 2399 647 2444 sed
666 2400 711 2442 in
734 2398 776 2442 id
801 2396 919 2458 quod
944 2395 1116 2439 futurus
1139 2409 1233 2439 sum
1253 2429 1263 2447 ,
1296 2408 1469 2438 cursum
1502 2392 1569 2435 di-

189 2471 281 2528 rigo
304 2472 412 2516 duce
435 2470 724 2516 misericordia
746 2468 991 2514 Conditoris
1009 2466 1108 2509 mei.
1133 2469 1194 2509 De
1209 2466 1291 2509 hoc
1305 2465 1437 2523 igitur
1451 2460 1569 2522 quod

189 2541 363 2586 futurus
386 2557 508 2597 sum,
535 2551 576 2585 et
598 2541 651 2585 de
669 2540 744 2585 illo
768 2539 885 2598 apud
902 2553 1034 2598 quem
1053 2536 1226 2581 futurus
1248 2550 1342 2581 sum
1361 2570 1371 2589 ,
1393 2535 1425 2579 si
1445 2532 1568 2577 aliter
