1729 3143
403 173 456 200 mz
487 172 640 201 menno
671 168 892 209 nummo,
927 172 1011 199 Lm.
1048 173 1113 199 111.
1369 165 1454 204 375

70 240 199 282 Deus.
237 239 433 296 Namque
466 236 643 296 optimae
677 234 832 279 animae
859 250 959 279 cum
990 236 1035 279 in
1063 225 1222 280 infimis
1242 241 1451 284 creaturis

71 308 270 353 habitant
286 343 297 363 ,
323 323 411 352 non
434 323 504 352 eas
525 315 681 352 ornant
703 305 873 349 miseria
896 321 971 350 sua
994 321 1124 366 quam
1142 322 1232 351 non
1251 307 1419 353 habent
1437 345 1448 365 ‚

70 377 146 423 sed
167 394 247 422 usu
271 394 417 422 earum
436 379 566 422 bono.
595 377 637 422 Si
659 385 804 419 autem
826 377 1086 434 peccatrices
1104 380 1260 421 animae
1277 380 1453 438 permit-

70 458 218 494 tantur
233 450 429 494 habitare
441 450 486 493 in
499 447 759 493 sublimibus
775 446 879 491 locis
897 481 908 502 ‚
935 448 1215 493 inhonestum
1238 459 1302 495 est
1321 469 1331 496 ι
1351 451 1455 511 quia

70 535 158 564 non
177 520 447 564 conveniunt
467 518 551 563 illis
569 553 581 574 ‚
611 516 772 577 quibus
799 531 876 562 nec
903 516 1017 562 bene
1045 518 1108 563 uti
1142 529 1349 579 possunt,
1374 536 1455 567 nec

70 591 314 636 ornamenti
336 590 501 650 aliquid
525 587 773 635 conferunt.

131 663 340 705 XXVIII.
366 661 472 704 Ideo
493 675 745 720 quanquam
762 657 879 726 orbis
898 657 979 703 iste
995 666 1193 704 terrenus
1214 660 1343 706 rebus
1361 677 1458 708 cor-

72 729 353 790 ruptibilibus
388 731 621 790 deputatus
645 730 701 774 sit
716 764 728 785 ,
765 738 911 774 tamen
944 745 1117 775 servans
1139 740 1354 791 quantum
1376 749 1460 794 po-

76 811 155 847 test
176 802 408 860 imaginem
427 803 699 861 superiorum
716 836 727 856 ‚
754 800 950 861 exempla
970 801 1095 845 nobis
1112 812 1154 846 et
1169 802 1329 848 indicia
1346 821 1462 865 quae·

71 872 172 917 dam
194 871 490 916 demonstrare
509 888 597 916 non
619 881 769 916 cessat.
799 872 842 915 Si
864 872 979 913 enim
1004 872 1170 916 bonum
1189 881 1231 916 et
1253 889 1461 933 magnum

71 943 260 1002 aliquem
283 942 425 986 virum
449 943 651 986 hortante
673 941 910 986 honestatis
937 940 1082 985 officio
1102 941 1326 989 videamus
1347 946 1462 1004 igni-

70 1012 181 1067 bus,
208 1021 422 1072 quantum
451 1011 507 1056 ad
538 1027 695 1070 corpus
717 1011 896 1065 attinet,
930 1013 1225 1069 concremari,
1260 1030 1350 1060 non
1378 1017 1462 1062 hoc

70 1098 276 1129 vocamus
292 1098 471 1142 poenam
491 1084 657 1141 peccati
673 1117 684 1137 ,
710 1083 785 1127 sed
800 1082 1069 1128 fortitudinis
1086 1094 1130 1128 et
1148 1085 1368 1144 patientiae
1385 1085 1464 1133 do-

72 1163 326 1200 cumentum
345 1188 356 1208 ,
408 1168 599 1213 eumque
642 1154 776 1211 magis
809 1154 1030 1213 diligimus
1045 1189 1056 1210 ,
1093 1171 1195 1200 cum
1227 1155 1465 1204 foedissima

72 1225 295 1285 corruptio
320 1239 527 1283 corporea
549 1223 742 1267 membra
763 1225 853 1283 ejus
877 1225 1100 1280 absumat,
1133 1242 1267 1286 quam
1299 1229 1333 1272 si
1356 1230 1467 1273 nihil

71 1294 323 1356 hujusmodi
339 1303 561 1355 pateretur
584 1313 593 1340 2
618 1294 828 1338 miramur
845 1295 1008 1355 quippe
1031 1295 1163 1340 animi
1187 1306 1341 1343 natura
1364 1315 1465 1344 mu-

72 1367 288 1413 tabilitate
309 1366 502 1427 corporis
523 1382 613 1411 non
634 1366 809 1411 mutari.
830 1369 888 1410 At
908 1382 1011 1411 vero
1029 1367 1315 1413 crudelissimi
1337 1370 1465 1417 latro-

71 1440 137 1483 nis
166 1438 363 1484 membra
385 1454 486 1483 cum
507 1437 583 1482 tali
605 1438 820 1497 supplicio
841 1438 997 1483 confici
1020 1439 1249 1498 aspicimus
1267 1475 1278 1496 ,
1305 1457 1465 1502 appro-

71 1509 227 1554 bamus
245 1509 441 1553 ordinem
459 1508 623 1568 legum.
649 1510 819 1553 Ornant
841 1524 943 1567 ergo
965 1509 1093 1554 ambo
1118 1509 1190 1554 illa
1218 1520 1430 1558 tormenta
1450 1549 1461 1570 ,

73 1580 150 1625 sed
166 1579 240 1624 ille
261 1579 415 1624 merito
437 1579 613 1623 virtutis
628 1614 639 1634 ,
664 1580 743 1623 iste
764 1581 946 1640 peccati.
970 1584 1027 1626 At
1048 1581 1082 1625 si
1100 1591 1199 1641 post
1220 1581 1316 1627 illos
1334 1583 1470 1643 ignes,

71 1651 141 1696 vel
159 1651 289 1695 etiam
309 1660 409 1694 ante
426 1650 522 1695 illos
539 1685 550 1705 ‚
581 1651 796 1710 optimum
820 1652 963 1696 virum
993 1651 1118 1696 illum
1146 1664 1465 1700 commutatum

73 1722 128 1766 ad
160 1720 489 1780 congruentiam
522 1720 710 1765 coelestis
738 1721 1019 1766 habitationis
1050 1723 1105 1767 ad
1134 1723 1273 1768 sidera
1295 1724 1467 1770 videre-

0 1844 8 1848 ς
73 1807 169 1836 mus
190 1790 362 1846 attolli,
387 1791 539 1851 utique
571 1791 835 1836 laetaremur.
872 1793 914 1837 Si
944 1801 1090 1837 autem
1121 1793 1376 1840 sceleratum
1400 1795 1464 1841 la-

72 1871 245 1907 tronem
262 1897 273 1916 ‚
293 1861 380 1905 sive
398 1870 498 1905 ante
514 1861 775 1920 supplicium
792 1897 804 1917 ,
825 1862 912 1907 sive
929 1872 1027 1922 post
1045 1863 1307 1923 supplicium
1326 1900 1337 1922 ,
1361 1881 1463 1910 cum

73 1932 222 1977 eadem
255 1931 409 1975 militia
440 1931 677 1976 voluntatis
704 1931 759 1976 ad
789 1932 936 1977 sedem
959 1934 1135 1979 honoris
1157 1937 1463 1994 sempiternam

73 2003 205 2048 levari
223 2001 470 2046 videremus
486 2003 532 2045 in
551 2001 712 2047 coelum
728 2038 738 2058 ‚
764 2004 860 2064 quis
878 2020 967 2048 non
983 2004 1310 2066 offenderetur?
1332 2009 1397 2052 Ita
1414 2008 1464 2052 fit

73 2083 124 2119 ut
143 2071 367 2118 inferiores
384 2081 603 2118 creaturas
621 2074 750 2119 ambo
771 2090 925 2119 ornare
947 2076 1171 2136 potuerint
1185 2111 1196 2132 ,
1221 2079 1463 2137 superiores

74 2155 220 2192 autem
237 2161 350 2190 unus
373 2144 564 2189 illorum.
586 2148 650 2190 Ex
665 2162 753 2206 quo
771 2147 1056 2192 admonemur
1073 2147 1298 2194 advertere
1314 2185 1325 2205 ,
1351 2165 1464 2196 mor-

72 2215 281 2263 talitatem
313 2217 452 2261 carnis
485 2217 614 2276 hujus
647 2226 690 2261 et
726 2218 916 2276 primum
939 2219 1162 2264 hominem
1185 2235 1357 2265 ornasse
1374 2255 1386 2277 ‚
1411 2230 1461 2266 ut

72 2297 253 2349 peccato
285 2303 416 2348 poena
454 2297 743 2347 congrueret,
774 2298 817 2333 et
849 2291 1083 2334 Dominum
1106 2300 1303 2336 nostrum
1320 2327 1332 2348 ‚
1358 2301 1409 2337 ut
1437 2307 1460 2336 a

74 2368 253 2417 peccato
270 2359 561 2404 misericordia
577 2359 796 2404 liberaret.
817 2362 915 2405 Non
933 2370 1078 2406 autem
1102 2363 1212 2408 sicut
1224 2365 1367 2424 justus
1381 2378 1462 2424 po-

74 2430 160 2474 tuit
176 2430 222 2474 in
245 2431 335 2489 ipsa
353 2430 518 2490 justitia
537 2446 794 2490 permanens
811 2447 967 2493 corpus
986 2433 1146 2478 habere
1165 2434 1349 2479 mortale
1368 2454 1379 2493 3
1403 2434 1463 2478 ita

75 2499 250 2561 iniquus
272 2509 413 2560 potest
434 2500 542 2547 dum
562 2502 738 2562 iniquus
760 2512 851 2558 est,
882 2503 936 2549 ad
969 2503 1336 2551 immortalitatem
1360 2520 1460 2564 per-
