1729 3143
220 193 301 231 368
654 198 696 226 s„
725 197 954 226 Aueusnm
989 198 1169 226 13121500121

217 282 315 326 gere
335 301 346 321 ,
371 280 457 309 non
482 264 562 307 eris
583 263 628 306 in
646 271 721 305 tua
741 270 975 321 potestate,
1002 271 1045 305 et
1062 270 1138 306 aut
1156 261 1203 304 in
1223 260 1383 304 nullius
1405 263 1500 316 eris,
1522 271 1596 306 aut

214 338 260 380 in
283 335 454 380 alterius
486 352 494 376 ε
529 332 571 376 Si
592 332 637 375 in
668 331 855 387 nullius,
895 341 970 375 aut
1003 332 1165 376 invitus
1183 366 1193 386 ,
1222 340 1297 375 aut
1318 329 1469 374 volens
1490 350 1499 374 z
1524 331 1598 375 sed
1650 337 1658 343 “
1699 334 1703 340 ’

214 407 372 451 invitus
407 418 495 447 esse
525 403 635 446 nihil
667 411 816 462 potes,
848 403 927 447 nisi
958 413 1001 447 te
1030 403 1094 447 vis
1127 402 1270 462 aliqua
1304 401 1598 460 superaverit,

214 490 342 535 porro
364 473 483 517 nulla
500 473 543 517 vi
564 474 755 532 superari
772 482 932 532 potest,
948 473 1023 533 qui
1038 482 1102 517 est
1117 473 1164 516 in
1181 471 1344 516 nullius
1358 479 1571 530 potestate
1590 489 1599 514 :

215 546 248 589 si
271 554 417 589 autem
437 543 618 588 volens
607 560 651 588 1n
674 543 837 589 nullius
861 545 941 588 exis
962 552 1198 603 potestate,
1225 543 1280 587 ad
1298 543 1382 587 hoc
1404 541 1514 586 ratio
1535 556 1604 585 re-

215 615 374 670 currit,
399 623 449 659 ut
470 615 523 659 sis
539 615 585 658 in
606 623 708 672 tua3
732 623 776 658 et
797 623 873 658 aut
894 623 937 658 te
957 615 1116 674 injuste
1138 612 1328 672 regendo
1344 615 1458 673 juste
1476 612 1605 655 miser

214 685 269 729 sis
306 704 316 729 z
355 694 430 729 aut
466 685 675 745 quoniam
709 683 941 744 quodlibet
973 684 1124 729 volens
1158 684 1267 739 eris,
1292 683 1428 727 habes
1460 681 1604 726 adhuc

214 754 333 799 unde
355 755 510 814 gratias
529 770 626 814 agas
646 754 832 799 bonitati
851 754 1099 799 Conditoris
1132 753 1210 798 tui.
1238 752 1370 806 Quod
1398 753 1432 796 si
1459 752 1505 795 in
1530 760 1605 795 tua

214 834 426 885 potestate
445 841 534 870 non
559 825 666 880 eris,
698 833 773 869 aut
795 824 1015 883 potentior
1035 824 1258 883 profecto,
1297 832 1373 866 aut
1393 822 1606 865 infirmior

213 906 256 941 te
278 897 497 941 habebit
487 912 533 940 m
565 904 792 955 potestate.
823 893 950 947 Quod
979 895 1013 937 si
1039 894 1252 937 infirmior
1275 902 1351 937 tua
1371 893 1502 951 culpa
1519 927 1529 947 ,
1557 900 1608 935 et

209 969 326 1028 justa
347 967 517 1011 miseria
541 985 550 1009 :
575 965 735 1024 poteris
758 964 872 1007 enim
894 965 1180 1008 infirmiorem
1197 977 1399 1023 superare
1420 964 1453 1006 si
1467 962 1604 1006 voles.

218 1038 261 1082 Si
283 1047 428 1082 autem
460 1035 681 1095 potentior
710 1042 754 1078 te
780 1034 1063 1077 infirmiorem
1087 1033 1268 1077 habebit
1291 1034 1338 1076 in
1365 1040 1604 1091 potestate,

215 1108 339 1151 nullo
361 1105 492 1150 modo
515 1114 605 1149 tam
628 1113 790 1148 rectam
815 1103 1132 1148 ordinationem
1154 1112 1269 1147 recte
1289 1103 1493 1161 injustam
1520 1116 1605 1160 pu-

215 1177 342 1220 tabis.
357 1174 730 1232 Verissimeigitur
741 1173 907 1217 dictum
923 1182 986 1217 est
1007 1192 1015 1217 :
1040 1173 1082 1216 Si
1096 1173 1179 1216 hoc
1191 1172 1401 1230 injustum
1421 1180 1500 1225 est,
1518 1186 1608 1214 non

215 1247 274 1290 sic
296 1246 404 1301 eris,
429 1245 463 1288 si
492 1253 638 1288 autem
667 1246 860 1303 justum,
893 1241 1122 1286 laudemus
1154 1256 1255 1284 eum
1286 1242 1408 1300 cujus
1436 1240 1607 1299 legibus

217 1316 278 1360 sic
299 1315 397 1359 eris.

274 1388 373 1430 XX.
407 1384 450 1430 Si
472 1384 626 1428 dixerit
645 1403 653 1427 ι
679 1383 783 1427 Ideo
809 1382 943 1440 magis
965 1381 1065 1426 volo
1087 1379 1158 1426 vel
1180 1381 1309 1425 miser
1330 1395 1419 1426 esse
1437 1416 1448 1436 ,
1474 1395 1607 1441 quam

216 1457 394 1502 omnino
423 1470 513 1499 non
535 1469 649 1508 esse,
684 1454 786 1512 quia
803 1453 893 1512 jam
921 1468 1018 1496 sum
1048 1472 1056 1496 ε
1090 1452 1125 1496 si
1148 1461 1294 1497 autem
1326 1452 1446 1511 prius
1474 1467 1606 1511 quam

216 1542 350 1571 essem
373 1540 543 1585 possem
565 1524 753 1578 consuli,
779 1522 984 1581 eligerem
1006 1538 1096 1567 non
1125 1538 1214 1567 esse
1236 1524 1381 1582 potius
1401 1537 1534 1582 quam
1556 1530 1607 1565 ut

217 1612 352 1642 essem
371 1597 515 1640 miser.
540 1597 667 1641 Nunc
690 1593 806 1638 enim
828 1593 950 1653 quod
966 1594 1099 1638 timeo
1120 1609 1211 1638 non
1238 1608 1329 1638 esse
1359 1608 1461 1637 cum
1481 1592 1609 1636 miser

218 1668 298 1712 sim
319 1702 329 1722 ,
363 1667 417 1711 ad
438 1667 577 1725 ipsam
598 1664 815 1708 miseriam
838 1664 1029 1722 pertinet
1044 1699 1054 1718 ,
1075 1679 1161 1723 qua
1181 1679 1272 1708 non
1292 1663 1338 1707 id
1354 1663 1471 1718 volo,
1489 1662 1609 1721 quod

215 1738 326 1783 velle
344 1737 573 1792 deberem,
591 1735 727 1793 magis
745 1735 862 1778 enim
879 1749 969 1778 non
991 1749 1081 1778 esse
1099 1750 1231 1793 quam
1248 1734 1377 1777 miser
1392 1749 1482 1777 esse
1497 1732 1610 1777 velle

217 1808 436 1852 deberem.
461 1810 588 1851 Nunc
611 1819 714 1848 vero
737 1803 875 1847 fateor
890 1819 959 1847 me
975 1803 1154 1863 quidem
1174 1802 1301 1846 malle
1318 1802 1385 1846 vel
1403 1802 1606 1846 miserum

218 1894 308 1923 esse
329 1893 461 1938 quam
485 1876 623 1933 nihil,
651 1874 726 1919 sed
763 1884 884 1919 tanto
916 1873 1088 1919 stultius
1110 1874 1156 1917 id
1185 1873 1285 1918 volo
1300 1908 1311 1928 ,
1337 1883 1502 1932 quanto
1524 1874 1611 1917 mi-

218 1950 352 1994 serius
384 1968 393 1993 :
424 1957 547 1992 tanto
583 1955 729 1990 autem
760 1945 980 1998 miserius,
1013 1953 1178 2003 quanto
1200 1942 1342 1987 verius
1371 1942 1500 1987 video
1521 1958 1611 1987 non

217 2021 303 2064 hoe
325 2034 394 2063 me
414 2018 525 2063 velle
546 2017 762 2060 debuisse.
789 2013 1082 2073 Respondebo
1115 2032 1125 2057 z
1152 2014 1266 2057 Cave
1290 2011 1434 2071 potius
1461 2028 1516 2057 ne
1540 2013 1611 2056 hic

220 2106 333 2134 erres
349 2125 360 2146 ,
395 2089 474 2133 ubi
497 2097 541 2132 te
561 2086 707 2131 videre
729 2100 881 2129 verum
905 2093 1046 2143 putas.
1078 2085 1187 2128 Nam
1219 2083 1253 2125 si
1279 2083 1432 2126 beatus
1466 2097 1578 2127 esses
1597 2117 1608 2137 ,

220 2162 371 2221 utique
389 2175 478 2205 esse
500 2172 631 2219 quam
649 2171 740 2202 non
757 2171 847 2201 esse
869 2154 1019 2200 malles
1040 2173 1048 2199 :
1073 2163 1117 2198 et
1133 2168 1252 2197 nune
1271 2153 1399 2198 miser
1420 2168 1521 2197 cum
1536 2153 1606 2208 sis,

220 2233 355 2277 mavis
374 2241 522 2276 tamen
540 2245 628 2273 esse
649 2227 720 2273 vel
740 2228 868 2271 miser
887 2241 1020 2286 quam
1048 2225 1227 2269 omnino
1250 2239 1339 2268 non
1363 2239 1451 2268 esse
1471 2259 1482 2279 ,
1510 2239 1610 2268 cum

223 2319 311 2348 esse
333 2301 443 2348 nolis
464 2302 607 2346 miser.
630 2298 867 2344 Considera
888 2298 1045 2355 igitur,
1071 2305 1288 2356 quantum
1310 2304 1456 2354 potes,
1481 2309 1611 2354 quam

224 2389 431 2433 magnum
457 2375 624 2418 bonum
663 2372 716 2415 sit
744 2371 884 2429 ipsum
916 2384 1028 2423 esse,
1054 2367 1173 2427 quod
1196 2377 1239 2411 et
1260 2367 1375 2410 beati
1398 2376 1441 2410 et
1470 2364 1611 2409 miseri

226 2446 393 2489 volunt.
413 2449 519 2491 Nam
543 2446 576 2489 si
594 2445 678 2488 hoc
696 2443 808 2487 bene
823 2440 1182 2493 consideraveris,
1208 2438 1371 2483 videbis
1392 2448 1434 2482 te
1449 2438 1492 2481 in
1511 2445 1610 2479 tan-

229 2523 322 2558 tum
346 2530 435 2559 esse
457 2516 662 2559 miserum
680 2548 691 2567 ,
715 2513 760 2556 in
789 2520 1003 2571 quantum
1025 2526 1113 2554 non
1135 2509 1398 2568 propinquas
1424 2507 1462 2550 ei
1492 2506 1611 2566 quod
