1729 3143
223 194 307 234 374
650 206 680 230 s.
718 202 948 230 Ausus-nm
979 204 1161 234 1:1213001’1

225 288 313 316 non
331 267 610 330 peccantibus
626 267 746 310 adest
763 266 989 312 beatitudo
1006 302 1017 323 ‚
1042 270 1233 328 perfecta
1250 280 1313 315 est
1333 273 1601 320 universitas.

227 344 339 388 Cum
376 353 478 383 vero
505 336 785 396 peccantibus
816 337 936 382 adest
975 339 1141 383 miseria
1159 375 1170 395 ‚
1194 341 1476 387 nihilominus
1503 360 1604 403 per-

228 412 340 458 fecta
362 418 426 452 est
443 407 712 452 universitas.
736 408 865 459 Quod
885 418 1028 453 autem
1046 410 1136 469 ipse
1154 427 1240 455 non
1259 411 1416 456 desunt
1433 414 1603 471 animae,

224 496 331 542 quas
361 477 431 524 vel
465 488 693 539 peccantes
722 479 918 539 sequitur
939 480 1137 536 miseria,
1174 481 1243 527 vel
1266 492 1381 526 recte
1403 481 1606 530 facientes

219 550 446 598 beatitudo
466 585 477 606 ,
511 565 679 611 semper
702 552 866 595 naturis
889 551 1093 596 omnibus
1114 553 1369 597 universitas
1391 554 1518 614 plena
1541 565 1607 601 at-

225 640 312 686 que
336 622 526 683 perfecta
549 632 626 668 est.
652 626 749 668 Non
770 623 884 668 enim
907 634 1134 683 peccatum
1157 634 1200 669 et
1223 626 1483 685 supplicium
1506 643 1607 687 pec-

220 696 304 742 cati
321 704 488 739 naturae
500 704 602 740 sunt
617 695 820 755 quaedam
838 730 849 751 ‚
874 696 949 739 sed
964 696 1214 741 affectiones
1228 707 1482 742 naturarum
1497 733 1509 754 ,
1533 698 1606 745 illa

218 766 492 822 voluntaria,
518 767 596 810 ista
617 766 814 826 poenalis.
844 766 928 811 Sed
957 766 1199 811 voluntaria
1229 784 1327 828 quae
1358 769 1403 812 in
1426 778 1605 828 peccato

218 839 269 884 fit
286 874 297 894 ‚
325 838 463 897 turpis
485 837 657 882 affectio
680 846 758 881 est.
784 837 866 882 Cui
890 847 1116 897 propterea
1139 837 1323 897 poenalis
1346 840 1604 896 adhibetur,

219 920 270 955 ut
291 909 463 953 ordinet
495 924 590 952 eam
604 941 615 961 ‚
641 908 719 950 ubi
741 908 873 950 talem
905 923 993 952 esse
1026 924 1115 952 non
1137 918 1265 966 turpe
1287 911 1341 953 sit
1357 943 1369 964 ‚
1403 920 1446 954 et
1462 911 1607 956 decori

217 979 509 1026 universitatis
531 992 767 1035 congruere
787 987 942 1037 cogat,
981 987 1031 1023 ut
1058 978 1226 1038 peccati
1249 977 1439 1024 dedecus
1460 995 1609 1026 emen-

219 1051 294 1097 det
316 1066 446 1110 poena
469 1048 650 1108 peccati.
1592 1106 1594 1108 Ι

277 1123 466 1166 XXVII.
493 1122 606 1164 Hinc
627 1119 677 1164 fit
698 1127 748 1163 ut
770 1133 951 1177 peccans
973 1127 1171 1163 creatura
1193 1120 1389 1179 superior
1408 1155 1420 1175 ‚
1449 1136 1472 1165 a
1494 1137 1610 1168 crea-

221 1192 330 1238 turis
351 1189 629 1235 inferioribus
648 1190 883 1250 puniatur3
905 1190 1007 1249 quia
1024 1188 1098 1232 ille
1123 1199 1210 1233 tam
1227 1199 1329 1234 sunt
1345 1191 1508 1236 infimae
1523 1227 1535 1247 ,
1560 1203 1610 1238 ut

221 1263 367 1310 ornari
393 1258 521 1307 etiam
551 1278 574 1306 a
600 1262 801 1321 turpibus
831 1261 985 1305 animis
1007 1261 1197 1320 possint,
1224 1270 1356 1321 atque
1381 1262 1440 1307 ita
1464 1263 1611 1309 decori

220 1333 511 1380 universitatis
529 1348 784 1392 congruere.
812 1332 929 1386 Quid
951 1332 1065 1375 enim
1084 1341 1171 1375 tam
1189 1348 1395 1391 maguum
1415 1334 1461 1378 in
1478 1334 1610 1381 domo

221 1415 284 1451 est
307 1420 438 1465 quam
461 1405 594 1448 homo
611 1438 622 1458 ‚
649 1413 691 1447 et
713 1403 819 1462 quid
841 1411 930 1446 tam
949 1402 1168 1462 abjectum
1191 1412 1232 1447 et
1253 1404 1454 1448 infimum
1478 1421 1610 1466 quam

221 1476 366 1521 cloaca
386 1475 572 1519 domus?
596 1476 751 1518 Servus
774 1482 918 1517 tamen
943 1473 987 1517 in
1008 1472 1082 1530 tali
1104 1483 1283 1533 peccato
1311 1474 1506 1519 detectus
1527 1511 1538 1531 ‚
1563 1485 1612 1522 ut

220 1545 487 1592 mundandae
503 1544 661 1590 cloacae
679 1545 836 1604 dignus
852 1544 1066 1589 habeatur
1083 1580 1094 1600 ‚
1119 1554 1245 1590 ornat
1263 1561 1358 1590 eam
1376 1546 1503 1590 etiam
1523 1557 1612 1592 tur—

225 1618 425 1679 pitudine
455 1632 565 1674 sua3
604 1626 646 1661 et
682 1626 920 1677 utrumque
954 1618 1141 1672 horum,
1179 1616 1225 1662 id
1255 1626 1345 1672 est,
1384 1619 1613 1677 turpitudo

224 1690 336 1735 servi
354 1724 364 1745 ‚
392 1698 435 1733 et
456 1687 687 1732 mundatio
708 1687 866 1732 cloacae
882 1722 892 1742 ,
912 1688 1001 1747 jam
1026 1689 1308 1748 conjunctum
1328 1697 1370 1733 et
1388 1689 1612 1734 redactum

224 1761 270 1806 in
299 1760 534 1821 quamdam
570 1758 635 1803 sui
666 1759 832 1817 generis
855 1760 1094 1813 unitatem,
1127 1758 1185 1801 ita
1223 1759 1440 1818 dispositae
1462 1759 1614 1805 domui

225 1841 453 1892 coaptatur
470 1840 601 1890 atque
622 1829 866 1874 subtexitur
883 1864 894 1884 ‚
920 1837 969 1873 ut
989 1830 1079 1889 ejus
1099 1830 1371 1874 universitati
1390 1830 1611 1876 ordinatis-

226 1903 333 1948 simo
366 1904 522 1947 decore
552 1901 796 1946 conveniat.
823 1902 906 1953 Qui
928 1910 1075 1944 tamen
1097 1916 1244 1945 servus
1268 1902 1303 1944 si
1326 1917 1505 1960 peccare
1529 1918 1611 1947 no-

224 1975 400 2029 luisset,
424 1989 513 2017 non
534 1971 741 2016 defuisset
763 1971 1009 2015 domesticae
1028 1970 1266 2030 disciplinae
1289 1970 1371 2015 alia
1395 1972 1582 2031 provisio
1600 2008 1611 2029 ‚

225 2061 312 2106 qua
336 2043 572 2089 necessaria
594 2043 925 2087 mundarentur.
948 2041 1065 2094 Quid
1083 2042 1230 2102 itaque
1248 2051 1335 2086 tam
1352 2044 1551 2087 infimum
1570 2032 1616 2087 in

226 2119 358 2163 rebus
379 2113 511 2177 qu'am
533 2129 689 2174 corpus
708 2129 837 2158 omne
854 2115 1105 2158 terrenum?
1130 2117 1252 2158 Hanc
1266 2122 1415 2158 tamen
1432 2129 1616 2173 corrup-

227 2188 397 2234 tibilem
431 2202 603 2232 carnem
639 2187 768 2229 etiam
795 2185 1011 2245 peccatrix
1042 2185 1184 2229 anima
1215 2184 1274 2228 sic
1315 2193 1442 2229 ornat
1462 2220 1473 2240 ‚
1498 2193 1548 2228 ut
1577 2185 1616 2228 ei

227 2261 414 2320 speciem
433 2258 776 2304 decentissimam
793 2258 1013 2317 praebeat,
1035 2266 1293 2316 motumque
1315 2255 1504 2301 vitalem.
1527 2257 1615 2299 Ha-

227 2331 428 2376 bitationi
445 2346 547 2389 ergo
568 2330 735 2375 coelesti
755 2329 847 2374 talis
871 2328 1013 2372 anima
1037 2343 1126 2371 non
1148 2327 1349 2385 congruit
1368 2342 1445 2386 per
1462 2340 1614 2386 pecca-

227 2411 350 2461 tum3
373 2403 563 2447 terrestri
586 2415 732 2446 autem
754 2401 953 2458 congruit
977 2414 1053 2458 per
1075 2398 1333 2457 supplicium
1361 2413 1372 2442 .·
1399 2406 1446 2441 ut
1467 2394 1612 2456 quod-

225 2471 335 2516 libet
355 2473 556 2532 elegerit,
581 2488 750 2532 semper
768 2472 821 2516 sit
837 2471 1018 2530 pulchra
1035 2469 1288 2514 universitas
1306 2465 1613 2512 decentissimis

224 2542 419 2600 partibus
457 2542 655 2587 ordinata
672 2577 683 2598 ‚
724 2543 790 2601 cuj
800 2557 847 2586 us
885 2551 949 2587 est
984 2540 1185 2586 conditor
1218 2548 1262 2585 et
1291 2537 1613 2584 administrator
