1729 3143
516 201 570 227 DE
603 197 771 236 QUARTA
806 198 946 226 FEMA.
1344 187 1424 226 145

52 283 72 306 »
97 265 156 308 ait
176 264 408 322 Propheta,
424 273 568 308 etnon
579 263 769 307 habebat
782 264 984 322 speciem,
1000 276 1142 322 neque
1152 261 1374 306 decorem¹
1387 297 1394 305 .
1405 281 1424 303 »

48 333 165 388 Quid
185 334 382 378 miraris?
403 333 603 378 Amando
624 332 718 377 talis
736 332 875 376 factus
892 343 969 377 est.

106 406 205 448 VII.
243 407 365 448 Hanc
386 413 531 447 tamen
548 403 822 446 amissionem
842 402 1006 446 decoris
1025 403 1154 462 hujus
1173 402 1318 446 timuit
1344 405 1428 444 Pe-

46 481 156 527 trus,
172 473 350 533 quando
363 471 675 532 praenuntianti
690 471 877 515 Domino
894 471 1135 529 passionem
1162 485 1281 514 suam
1302 470 1429 515 dixit:

51 562 71 586 «
95 544 220 588 Absit
236 560 260 587 a
282 554 340 597 te,
367 542 566 597 Domine,
588 541 801 601 propitius
824 541 904 584 tibi
926 550 1033 594 esto,
1060 557 1115 584 ne
1137 543 1213 585 fiat
1230 541 1389 585 istud2.
1405 559 1426 583 »

48 614 134 659 Sed
152 613 224 657 ille
247 612 348 656 talia
370 612 610 671 sapientem
636 611 898 669 increpavit,
924 620 967 654 et
990 610 1248 669 Apostolum
1279 610 1434 655 diabo-

45 682 137 727 lum
151 682 321 726 vocavit
335 680 483 726 dicens
501 701 509 725 z
541 700 561 724 α
579 680 691 725 Redi
706 690 837 734 retro,
858 682 1050 734 Satanas,
1074 694 1163 723 non
1185 679 1302 722 enim
1324 682 1434 738 sapis

47 770 68 795 »
94 768 193 812 quae
226 753 303 796 Dei
339 761 465 806 sunt,
501 752 577 795 sed
599 767 698 811 quae
720 760 822 795 sunt
850 750 1122 794 hominum3.
1142 767 1162 790 »
1188 751 1433 794 AEstimavit

45 824 162 866 enim
178 826 332 866 Petrus
349 832 486 867 totam
499 822 619 866 illam
632 823 876 866 Divinitatis
894 820 1267 880 pulchritudinem
1286 823 1433 865 absor-

44 892 139 936 beri
159 893 348 951 potuisse
368 893 415 935 in
436 893 627 951 corporis
649 892 831 936 humani
859 893 1021 951 specie,
1048 901 1091 935 et
1118 891 1338 934 nesciebat
1364 892 1434 948 agi

44 961 157 1005 illud
176 976 385 1019 magnum
398 972 734 1017 sacramentum,
755 963 876 1022 quod
893 971 1122 1020 propterea
1139 976 1182 1004 se
1202 960 1319 1004 illam
1336 959 1437 1019 pul-

44 1031 337 1075 chritudinem
360 1032 551 1087 quodam
574 1032 706 1076 modo
729 1032 982 1085 expoliaret,
1003 1042 1053 1075 ut
1076 1046 1208 1088 quam
1226 1030 1308 1074 sibi
1330 1046 1437 1074 con-

40 1101 227 1159 jungere
248 1098 513 1155 dignabatur
541 1112 740 1155 sponsam
773 1096 1037 1150 Ecclesiam,
1073 1096 1271 1140 eamdem
1300 1099 1439 1157 ipsam

45 1167 424 1228 pulchritudinem
452 1168 544 1225 ipse
565 1167 753 1210 vestiret.
794 1169 890 1210 Non
918 1167 1031 1210 enim
1057 1166 1203 1211 dando
1225 1167 1438 1225 perdebat

46 1238 179 1293 illud,
205 1239 327 1298 quod
349 1237 570 1295 erogando
591 1237 827 1280 crescebat.
855 1236 934 1279 Ille
957 1236 1100 1291 dedit,
1125 1237 1220 1280 haec
1242 1239 1436 1296 accepit,

47 1317 92 1354 et
113 1311 193 1354 ista
213 1307 334 1369 quod
357 1323 446 1352 non
467 1308 623 1351 habuit
644 1308 824 1359 invenit,
852 1316 894 1350 et
916 1306 988 1350 ille
1007 1307 1154 1351 dando
1176 1307 1297 1365 quod
1319 1306 1440 1352 dedit

47 1395 139 1424 non
161 1379 324 1433 amisit,
349 1378 451 1438 quia
473 1392 574 1422 cum
592 1378 683 1436 ipsa
705 1376 1033 1435 pulchritudine
1052 1394 1074 1420 a
1097 1378 1279 1421 mortuis
1296 1393 1440 1422 resur«

49 1449 172 1493 rexit.
201 1448 319 1501 Quid
347 1448 592 1507 expavescis
612 1481 623 1501 ,
655 1450 803 1500 Petre,
830 1447 951 1505 quasi
973 1446 1211 1505 perdiderit
1245 1449 1442 1493 Christus

49 1519 170 1564 illam
198 1519 428 1578 pulchram
449 1527 628 1571 vestem,
654 1516 833 1576 quando
857 1532 956 1560 eum
980 1517 1151 1561 nudum
1183 1520 1440 1565 intendebas

49 1589 97 1632 in
118 1589 239 1647 ligno
263 1587 562 1647 pendentem?
591 1586 689 1632 Noli
715 1601 1010 1645 expavescere,
1036 1587 1126 1631 noli
1149 1588 1324 1644 timere,
1350 1590 1441 1633 noli

51 1673 244 1717 negare:
275 1659 469 1701 tunicam
501 1656 622 1701 illam
658 1656 903 1700 Divinitatis
937 1666 1068 1716 atque
1105 1658 1442 1703 immortalitatis

51 1729 249 1774 Christus
262 1743 352 1772 non
367 1725 560 1787 perdidit
576 1727 622 1770 in
640 1741 785 1779 cruce,
806 1727 909 1785 quia
928 1742 1096 1785 sponsae
1113 1743 1201 1771 suae
1224 1744 1318 1773 eam
1334 1745 1439 1774 con-

52 1799 237 1858 signavit
257 1799 303 1841 in
324 1797 440 1842 dote.
467 1796 622 1841 Vidisti
645 1812 761 1851 eum,
778 1812 804 1841 o
819 1800 962 1853 Petre,
982 1813 1071 1842 non
1087 1799 1324 1844 habentem
1340 1817 1439 1860 spe-

54 1870 163 1913 ciem
195 1883 339 1928 neque
372 1867 601 1922 decorem,
639 1876 683 1911 et
711 1867 921 1912 continuo
948 1869 1114 1926 negasti
1135 1869 1284 1925 illum,
1311 1887 1441 1930 quem

56 1939 259 1984 omnibus
294 1937 452 1982 relictis
488 1938 574 1982 tuis
607 1938 787 1982 amasti:
814 1947 856 1982 et
888 1954 978 1983 non
1009 1939 1150 1983 solum
1185 1941 1342 1995 semel,
1368 1942 1443 1986 sed

56 2018 171 2053 stans
191 2009 239 2052 in
254 2009 362 2052 atrio
383 2007 625 2053 Sacerdotis
644 2008 697 2052 ab
720 2023 807 2052 una
826 2009 981 2052 ancilla
998 2010 1127 2053 tertio
1148 2010 1361 2069 interroga
1369 2013 1441 2067 ris,

57 2088 100 2123 et
122 2094 267 2137 negas.
287 2081 343 2122 At
355 2078 431 2121 ubi
447 2087 506 2133 te,
523 2078 637 2137 gallo
649 2088 846 2135 canente,
864 2080 1050 2125 convicit
1065 2090 1441 2141 praesumptorem,

58 2150 135 2210 qui
152 2148 409 2209 praedixerat
427 2157 553 2192 antea
572 2151 850 2208 negatorem⁴
869 2170 878 2196 :
901 2152 1087 2212 respexit
1101 2162 1141 2197 te
1155 2152 1272 2198 intus
1288 2155 1334 2197 in
1351 2169 1444 2198 cor-

60 2220 140 2276 de,
165 2229 209 2264 et
225 2229 276 2264 ut
297 2234 440 2264 amare
458 2219 604 2273 ssereS,
635 2219 751 2264 intus
773 2220 965 2279 quodam
987 2225 1119 2269 modo
1140 2233 1286 2269 tecum
1317 2225 1446 2269 tacite

60 2290 327 2350 loquebatur
339 2290 413 2334 illa
426 2290 516 2349 ipsa
528 2291 620 2349 ejus
639 2290 867 2346 Divinitas,
893 2301 936 2336 et
952 2293 1124 2338 diceba
1140 2295 1218 2339 tibi
1235 2314 1243 2338 :
1267 2295 1350 2339 Ubi
1365 2304 1443 2350 est,

63 2365 188 2406 Petre
205 2377 213 2403 :
235 2380 255 2404 «
274 2362 317 2406 Si
332 2361 524 2421 possides
537 2361 740 2417 amicum,
757 2362 804 2405 in
818 2363 1058 2409 tentatione
1074 2365 1242 2423 posside
1259 2382 1360 2410 eum
1370 2369 1384 2393 ⁵
1396 2368 1413 2408 ⁶?
1425 2385 1444 2408 »

113 2471 122 2486 ¹
152 2465 224 2497 lsai.
255 2474 321 2505 Lm,
351 2473 384 2496 2.
401 2480 442 2487 —
462 2471 475 2488 ²
494 2463 607 2497 Matth.
629 2474 704 2506 xvx,
726 2471 778 2497 22.
804 2481 841 2488 -
861 2463 874 2489 3
896 2465 977 2498 Ibid.
1009 2468 1063 2500 23.
1091 2484 1130 2491 —-
1150 2467 1165 2498 -'0
1194 2468 1312 2502 Matth.
1352 2480 1426 2502 xxvr
1441 2493 1451 2511 ‚

70 2520 122 2560 75.
139 2536 175 2544 —
197 2519 212 2543 5
231 2520 329 2552 Eccli.
351 2531 393 2560 vi,
415 2531 445 2562 7.

227 2584 409 2616 cxxxiv,
1217 2582 1264 2621 10
