1729 3143
0 295 7 323 l

0 506 7 535 l

594 219 648 247 ms
678 216 847 254 emussr,
880 215 964 243 Lu.
998 215 1048 241 11.
1419 200 1505 243 483

127 305 148 328 »
172 295 216 330 et
235 287 282 331 in
292 285 496 331 Ecclesia.
518 303 540 328 «
555 286 669 343 Ergo
683 282 804 345 quod
819 296 895 341 per
906 280 1126 326 historiam
1133 277 1363 338 impletum
1376 279 1502 326 estin

117 355 259 401 Adam
275 391 286 412 ‚
320 371 398 416 per
418 356 692 416 prophetiam
712 352 925 413 significat
946 352 1168 398 Christum
1184 383 1197 406 ,
1226 349 1304 409 qui
1324 347 1501 409 reliquit

118 429 289 471 Patrem
306 461 317 482 ‚
341 442 443 472 cum
460 426 565 471 dicit
585 445 594 471 :
623 445 643 469 ι(
666 428 757 483 Ego
778 440 802 468 a
825 427 950 468 Patre
972 422 1109 478 exivi,
1134 431 1178 466 et
1199 421 1298 466 veni
1314 421 1359 465 in
1374 421 1495 466 hunc

118 515 139 540 »
164 497 426 542 mundum1.
454 516 474 540 »
514 499 611 544 Non
640 496 738 540 loco
770 493 971 554 reliquit,
1001 494 1104 554 quia
1137 496 1250 537 Deus
1282 491 1379 537 loco
1409 506 1500 537 non

114 568 388 623 continetur,
414 583 557 628 neque
580 566 800 612 aversione
824 564 1015 624 peccati,
1053 565 1164 608 sicut
1192 572 1398 624 apostatae
1427 578 1498 608 re-

63 657 69 663 ·
113 637 322 698 linquunt
345 642 510 697 Deum3
540 639 616 683 sed
647 635 897 696 apparendo
930 635 1182 679 hominibus
1211 635 1257 679 in
1288 635 1465 679 homine
1484 668 1497 690 ‚

113 723 215 752 cum
232 709 425 753 Verbum
442 724 541 753 caro
558 707 725 752 factum
742 715 831 761 est,
856 714 900 750 et
922 705 1133 749 habitavit
1145 705 1191 749 in
1208 706 1347 749 nobis.
1370 704 1498 759 Quod

113 778 257 837 ipsum
273 793 363 822 non
378 778 765 823 commutationem
787 784 954 820 naturae
972 775 1048 819 Dei
1063 775 1297 834 significat,
1319 774 1396 819 sed
1412 790 1502 819 sus-

112 848 358 906 ceptionem
393 851 610 907 (naturae)
641 851 706 906 (9)
740 845 953 892 interioris
986 861 1182 905 personae
1199 881 1210 901 ‚
1250 846 1298 890 id
1328 855 1391 890 est
1422 847 1507 891 hu-

76 957 80 960 .
111 931 268 961 manee.
306 917 375 962 Ad
401 918 484 962 hoc
514 918 630 962 valet
651 918 780 960 etiam
803 916 925 976 quod
945 916 1134 959 dicitur:
1163 934 1184 957 «
1212 916 1504 975 Semetipsum

115 1003 138 1029 »
160 987 398 1032 exinanivit
412 989 429 1013 2
445 1022 457 1043 ,
485 1005 506 1029 »
531 987 635 1047 quia
656 1001 746 1031 non
766 986 813 1030 in
835 1001 884 1030 ea
906 985 1116 1044 dignitate
1139 985 1340 1044 apparuit
1361 986 1501 1030 homi-

113 1058 241 1102 nibus
261 1058 308 1102 in
325 1074 412 1118 qua
434 1067 497 1103 est
514 1058 632 1117 apud
658 1061 853 1111 Patrem,
891 1055 1117 1100 blandiens
1145 1071 1298 1100 eorum
1314 1056 1505 1100 infirmi-

113 1129 216 1183 tati,
243 1129 319 1189 qui
336 1145 411 1173 cor
430 1128 646 1174 mundum
664 1128 861 1173 nondum
874 1128 1123 1182 habebant,
1148 1127 1268 1171 unde
1282 1126 1506 1172 videretur

113 1199 310 1243 Verbum
342 1199 388 1243 in
416 1200 630 1258 principio
667 1202 778 1242 Deus
810 1197 928 1256 apud
964 1202 1116 1242 Deum.
1156 1197 1274 1250 Quid
1307 1206 1371 1242 est
1400 1211 1506 1256 ergo

112 1268 234 1328 quod
265 1268 453 1313 diximus
479 1287 488 1313 ;
516 1268 709 1328 Reliquit
732 1272 905 1312 Patrem
925 1302 935 1321 ‚
973 1268 1054 1310 nisi
1089 1266 1265 1326 reliquit
1300 1281 1508 1326 apparere

112 1339 364 1383 hom'mibus
381 1373 392 1394 ,
419 1339 531 1383 sicut
555 1347 618 1382 est
645 1336 764 1397 apud
788 1339 992 1382 Patrem?
1017 1340 1128 1381 Item
1152 1337 1328 1396 reliquit
1346 1346 1390 1381 et
1415 1351 1508 1381 ma-

112 1418 225 1454 trem
241 1445 252 1465 ‚
277 1410 324 1455 id
346 1419 438 1465 est,
477 1412 718 1468 Synagogae
739 1419 932 1454 veterem
955 1416 1087 1468 atque
1112 1406 1332 1452 carnalem
1354 1408 1508 1451 obser-

113 1481 333 1525 vationem
347 1516 358 1536 ‚
383 1496 483 1541 quae
500 1480 562 1524 illi
582 1488 718 1524 mater
740 1488 832 1524 erat
853 1495 904 1523 ex
921 1479 1084 1523 semine
1106 1478 1241 1522 David
1257 1477 1505 1523 secundum

114 1566 305 1606 carnem,
329 1560 373 1596 et
395 1551 576 1596 adhaesit
598 1550 719 1595 uxori
749 1565 839 1594 suae
856 1585 866 1604 ‚
902 1548 948 1594 id
969 1558 1053 1603 est,
1085 1548 1290 1593 Ecclesiae
1306 1583 1318 1604 ‚
1348 1558 1400 1593 ut
1420 1549 1508 1593 sint

0 1642 5 1650 ·
70 1647 72 1649 ·
113 1621 203 1668 duo
225 1624 272 1668 in
297 1638 426 1668 carne
456 1639 543 1668 una
559 1624 590 1665 3.
621 1622 731 1666 Dicit
749 1622 867 1666 enim
890 1619 1123 1680 Apostolus
1144 1621 1289 1678 ipsum
1310 1635 1400 1664 esse
1431 1635 1508 1665 ca-

115 1703 194 1753 put
217 1693 422 1738 Ecclesiae
439 1729 452 1747 ‚
476 1702 520 1737 et
543 1692 781 1737 Ecclesiam
803 1707 960 1750 corpus
981 1692 1073 1752 ejus
1087 1691 1120 1735 4.
1147 1693 1263 1750 Ergo
1280 1699 1322 1735 et
1339 1691 1430 1750 ipse
1445 1706 1511 1737 so-

114 1774 293 1824 poratus
327 1774 391 1810 est
422 1765 686 1810 dormitione
709 1763 915 1822 passionis
932 1797 943 1818 ‚
977 1771 1027 1807 ut
1057 1763 1097 1806 ei
1123 1763 1287 1822 conjux
1315 1761 1508 1807 Ecclesia

114 1833 401 1890 formaretur,
439 1849 574 1895 quam
607 1833 918 1878 dormitionem
952 1840 1099 1877 cantat
1132 1847 1208 1891 per
1244 1833 1510 1891 Prophetam

50 1954 56 1958 ,
116 1906 263 1950 dicens
299 1924 308 1949 :
349 1923 370 1947 «
396 1908 488 1964 Ego
512 1904 723 1958 dormivi,
748 1913 792 1948 et
818 1918 1022 1948 somnum
1043 1902 1171 1961 cepi,
1208 1911 1252 1947 et
1275 1903 1474 1948 exurrexi
1491 1936 1504 1959 ‚

119 1994 140 2018 »
165 1976 375 2037 quoniam
396 1976 607 2020 Dominus
630 1975 819 2034 suscepit
837 1990 905 2019 me
922 1975 956 2019 ⁵.
984 1991 1005 2016 »
1031 1976 1236 2018 Formata
1258 1982 1322 2018 est
1343 1988 1446 2032 ergo
1467 1973 1508 2018 ei

116 2047 275 2106 conjux
302 2045 494 2091 Ecclesia
516 2045 571 2090 de
597 2045 732 2090 latere
765 2047 883 2105 ejus,
910 2043 957 2088 id
990 2053 1080 2099 est,
1105 2044 1161 2089 de
1188 2043 1276 2088 fide
1297 2045 1506 2104 passionis

118 2126 163 2161 et
193 2116 412 2176 baptismi.
452 2118 561 2163 Nam
588 2130 843 2175 percussum
877 2115 990 2160 latus
1017 2116 1109 2176 ejus
1131 2114 1306 2170 lancea,
1331 2115 1507 2174 sangui-

119 2201 222 2232 nem
250 2196 293 2232 et
326 2201 484 2247 aquam
506 2185 747 2245 profuditss.
776 2189 933 2231 Factus
955 2195 1102 2232 autem
1119 2221 1131 2242 ,
1157 2195 1206 2231 ut
1226 2201 1357 2246 supra
1384 2186 1474 2231 dixi
1490 2221 1503 2243 ‚

121 2272 174 2302 ex
190 2258 354 2303 semine
373 2257 507 2302 David
523 2256 767 2302 secundum
783 2272 957 2302 carnem
972 2292 983 2313 ‚
1003 2258 1113 2302 sicut
1131 2256 1364 2317 Apostolus
1381 2255 1504 2313 dicit,

122 2327 170 2373 id
189 2338 253 2373 est
269 2364 280 2385 ‚
308 2338 519 2390 tanquam
540 2327 594 2373 de
614 2328 719 2374 limo
741 2338 867 2374 terrae
881 2364 892 2384 ‚
917 2343 1019 2374 cum
1038 2329 1170 2373 homo
1190 2343 1280 2373 non
1301 2337 1409 2373 esset
1429 2327 1512 2389 qui

117 2408 376 2466 ¹operaretur
391 2399 437 2444 in
452 2407 565 2443 terra
580 2434 591 2454 ‚
616 2399 719 2459 quia
740 2398 887 2444 nullus
908 2399 1041 2444 homo
1059 2407 1261 2459 operatus
1279 2407 1342 2444 est
1359 2399 1405 2444 in
1416 2398 1504 2443 vir-

175 2507 184 2524 *
202 2503 292 2536 Joan,
313 2511 384 2542 xvi,
403 2501 458 2533 28.
474 2517 516 2524 -
531 2507 545 2523 ²
563 2500 676 2544 Philip.
695 2512 733 2543 ιι,
751 2512 781 2544 7.
800 2517 841 2526 —
856 2499 870 2526 3
896 2504 989 2535 Rom.
1008 2513 1033 2543 1,
1059 2503 1090 2535 3.
1110 2499 1182 2532 —4
1203 2500 1322 2535 Goloss-
1347 2512 1371 2541 1,
1394 2501 1446 2534 18.
1466 2514 1508 2525 ·-·
1552 2507 1572 2518 ⁴

131 2555 146 2581 ⁵
164 2556 240 2590 Psal
259 2567 310 2600 m,
329 2556 363 2590 6.
385 2571 425 2581 -
438 2554 454 2581 ⁶
472 2557 566 2593 Joan.
583 2566 649 2599 nx,
667 2555 721 2600 34.

1267 2608 1334 2650 31.

671 2664 684 2687 ἱ
