1729 3143
615 177 671 205 m:
707 176 959 205 artusinus.
1396 168 1480 207 215

95 244 312 305 potuerit,
339 246 435 303 quis
456 256 546 287 non
571 240 718 287 videat
736 239 898 284 utilitas
919 247 1083 300 quanta
1110 239 1194 284 sit?
1214 240 1358 284 Erunt
1379 255 1480 300 ergo

95 316 246 375 primae
262 323 404 374 partes
421 313 574 373 Operis
587 313 717 372 hujus
734 309 788 354 de
806 310 1041 355 haeresibus
1053 344 1066 366 ‚
1090 325 1190 370 quae
1206 318 1305 370 post
1320 311 1482 357 Christi

96 385 336 430 adventum
358 394 402 429 et
422 397 647 428 ascensum
676 381 881 426 adversus
905 381 1149 427 doctrinam
1174 382 1306 441 ipsius
1327 381 1483 426 extite-

96 466 202 501 runt
218 491 229 511 ‚
257 464 300 499 et
328 463 569 513 utcumque
590 452 716 497 nobis
736 452 1009 497 innotescere
1030 462 1285 512 potuerunt.
1310 455 1363 498 In
1384 467 1486 512 pos-

95 526 329 572 terioribus
350 534 496 570 autem
528 523 724 583 partibus
746 558 756 578 ‚
794 522 901 582 quid
922 522 1052 568 faciat
1071 525 1324 569 haereticum
1343 558 1355 578 ‚
1393 522 1484 568 dis-

14 641 17 648 ,
96 597 368 658 putabimur.
394 598 508 641 Cum
530 608 632 652 ergo
653 594 866 641 Dominus
883 595 1144 641 ascendisset
1162 597 1208 641 ‘m
1229 595 1415 652 eoelum,
1438 594 1485 639 hi

95 667 288 713 haeretici
309 667 446 712 exorti
467 673 584 709 sunt.

95 740 118 781 I
424 733 664 781 Simoniani
680 736 760 794 (5).
848 795 850 797 ‚

95 807 157 849 II.
425 804 748 850 Menandriam'.

95 877 180 919 III.
422 875 736 921 saturniniani.

96 946 175 988 IV.
427 944 692 988 Basilidiani.

11 1005 13 1063 Ξ
97 1014 153 1057 V.
422 1012 666 1058 Nicolaitae.

10 1078 13 1095 ²
96 1083 177 1125 VI.
425 1081 634 1126 Gnostici.

95 1152 199 1195 VII.
419 1152 760 1212 Carpocratiani.

8 1252 11 1285 ξ
96 1222 222 1265 VIII.
422 1222 719 1276 Cerinthiani,
740 1212 813 1263 vel
827 1213 1124 1262 merinthiani.

8 1287 12 1327 f
97 1290 178 1333 IX.
414 1287 621 1332 Nazaraei.

8 1365 10 1414 ἔ
97 1360 156 1403 X.
424 1356 642 1401 Ebionaei.

7 1420 9 1435 ⁴
98 1419 180 1462 XI.
425 1414 736 1460 Valentiniani.

6 1499 9 1548 ζ
98 1488 204 1530 XII.
430 1484 711 1531 Secundiani.

6 1549 8 1594 Ξ
99 1557 228 1600 XIII.
425 1554 667 1599 Ptolomaei.

99 1626 222 1670 XIV.
427 1624 638 1669 Marcitae.

100 1696 200 1739 XV.
425 1694 681 1739 Colorbasii.

100 1766 224 1809 XVI.
425 1763 755 1809 Heracleonitae.

100 1835 247 1879 XVII.
428 1835 619 1894 Ophitae.

102 1905 271 1948 XVIII.
434 1904 604 1949 Caiani.

104 1975 230 2018 XIX.
435 1973 648 2019 Sethiani.

105 2045 206 2086 XX.
435 2045 705 2089 Archontici.

104 2113 229 2156 XXI.
433 2114 713 2159 Cerdoniani.

105 2181 252 2224 XXII.
433 2181 719 2226 Marcionitae.

107 2251 280 2294 XXIII.
437 2249 656 2309 Apellitae.

113 2320 277 2363 XXIV.
447 2319 678 2363 Severiani.

111 2388 254 2430 XXV.
437 2389 605 2432 Tatiani
620 2424 630 2444 ,
655 2388 724 2433 vel
745 2390 994 2437 Encratitae.

111 2457 276 2500 XXVI.
444 2461 754 2519 Cataphryges.
