<?xml version="1.0" encoding="UTF-8"?>
<!DOCTYPE html PUBLIC "-//W3C//DTD XHTML 1.0 Transitional//EN"
    "http://www.w3.org/TR/xhtml1/DTD/xhtml1-transitional.dtd">
<html xmlns="http://www.w3.org/1999/xhtml" xml:lang="en" lang="en">
 <head>
  <title>
</title>
<meta http-equiv="Content-Type" content="text/html;charset=utf-8" />
  <meta name='ocr-system' content='tesseract 3.04.00' />
  <meta name='ocr-capabilities' content='ocr_page ocr_carea ocr_par ocr_line ocrx_word'/>
</head>
<body>
  <div class='ocr_page' id='page_1' title='image "./operaomniaaccura27auguuoft/operaomniaaccura27auguuoft_0563.png"; bbox 0 0 1729 3143; ppageno 0'>
   <div class='ocr_carea' id='block_1_1' title="bbox 373 202 1483 242">
    <p class='ocr_par' dir='ltr' id='par_1_1' title="bbox 373 202 1483 242">
     <span class='ocr_line' id='line_1_1' title="bbox 373 202 1483 242; baseline 0.001 -1"><span class='ocrx_word' id='word_1_1' title='bbox 373 215 454 241; x_wconf 83' lang='lat' dir='ltr'>LIB.</span> <span class='ocrx_word' id='word_1_2' title='bbox 490 215 538 241; x_wconf 89' lang='lat'>11.</span> <span class='ocrx_word' id='word_1_3' title='bbox 579 214 631 241; x_wconf 81' lang='lat' dir='ltr'>DE</span> <span class='ocrx_word' id='word_1_4' title='bbox 665 214 848 242; x_wconf 66' lang='lat' dir='ltr'>,uomens</span> <span class='ocrx_word' id='word_1_5' title='bbox 879 212 1220 241; x_wconf 69' lang='lat' dir='ltr'>MAMcnffionnM.</span> <span class='ocrx_word' id='word_1_6' title='bbox 1405 202 1483 242; x_wconf 87' lang='lat'>551</span> 
     </span>
    </p>
   </div>
   <div class='ocr_carea' id='block_1_2' title="bbox 28 277 1533 2600">
    <p class='ocr_par' dir='ltr' id='par_1_2' title="bbox 103 277 1491 691">
     <span class='ocr_line' id='line_1_2' title="bbox 167 277 1487 338; baseline 0.002 -16"><span class='ocrx_word' id='word_1_7' title='bbox 167 280 290 322; x_wconf 89' lang='lat' dir='ltr'>VIII.</span> <span class='ocrx_word' id='word_1_8' title='bbox 326 278 440 332; x_wconf 86' lang='lat' dir='ltr'>Quid</span> <span class='ocrx_word' id='word_1_9' title='bbox 458 294 560 338; x_wconf 86' lang='lat' dir='ltr'>ergo</span> <span class='ocrx_word' id='word_1_10' title='bbox 580 279 681 323; x_wconf 89' lang='lat' dir='ltr'>hinc</span> <span class='ocrx_word' id='word_1_11' title='bbox 699 279 773 323; x_wconf 83' lang='lat' dir='ltr'>lux</span> <span class='ocrx_word' id='word_1_12' title='bbox 794 278 1005 323; x_wconf 89' lang='lat' dir='ltr'>catholica</span> <span class='ocrx_word' id='word_1_13' title='bbox 1027 277 1164 322; x_wconf 81' lang='lat' dir='ltr'>dicit?</span> <span class='ocrx_word' id='word_1_14' title='bbox 1190 277 1306 330; x_wconf 84' lang='lat' dir='ltr'>Quid</span> <span class='ocrx_word' id='word_1_15' title='bbox 1326 280 1487 337; x_wconf 83' lang='lat' dir='ltr'>putatis</span> 
     </span>
     <span class='ocr_line' id='line_1_3' title="bbox 105 348 1488 409; baseline 0.001 -17"><span class='ocrx_word' id='word_1_16' title='bbox 105 348 187 392; x_wconf 89' lang='lat' dir='ltr'>nisi</span> <span class='ocrx_word' id='word_1_17' title='bbox 208 349 254 393; x_wconf 89' lang='lat' dir='ltr'>id</span> <span class='ocrx_word' id='word_1_18' title='bbox 276 350 395 409; x_wconf 89' lang='lat' dir='ltr'>quod</span> <span class='ocrx_word' id='word_1_19' title='bbox 425 351 556 394; x_wconf 86' lang='lat' dir='ltr'>habet</span> <span class='ocrx_word' id='word_1_20' title='bbox 582 352 758 404; x_wconf 85' lang='lat' dir='ltr'>veritas,</span> <span class='ocrx_word' id='word_1_21' title='bbox 793 350 1011 409; x_wconf 89' lang='lat' dir='ltr'>corrumpi</span> <span class='ocrx_word' id='word_1_22' title='bbox 1031 363 1155 408; x_wconf 90' lang='lat' dir='ltr'>posse</span> <span class='ocrx_word' id='word_1_23' title='bbox 1179 348 1337 393; x_wconf 88' lang='lat' dir='ltr'>factam</span> <span class='ocrx_word' id='word_1_24' title='bbox 1362 350 1488 394; x_wconf 85' lang='lat' dir='ltr'>subs-</span> 
     </span>
     <span class='ocr_line' id='line_1_4' title="bbox 106 419 1488 480; baseline 0.001 -17"><span class='ocrx_word' id='word_1_25' title='bbox 106 421 286 464; x_wconf 82' lang='lat' dir='ltr'><strong>tantiam</strong></span> <span class='ocrx_word' id='word_1_26' title='bbox 304 421 322 461; x_wconf 82' lang='lat'><strong>?</strong></span> <span class='ocrx_word' id='word_1_27' title='bbox 343 435 443 464; x_wconf 88' lang='lat' dir='ltr'>nam</span> <span class='ocrx_word' id='word_1_28' title='bbox 464 429 506 464; x_wconf 87' lang='lat' dir='ltr'>et</span> <span class='ocrx_word' id='word_1_29' title='bbox 523 420 641 464; x_wconf 88' lang='lat' dir='ltr'>illam</span> <span class='ocrx_word' id='word_1_30' title='bbox 662 436 748 465; x_wconf 91' lang='lat' dir='ltr'>non</span> <span class='ocrx_word' id='word_1_31' title='bbox 771 419 948 476; x_wconf 89' lang='lat' dir='ltr'>factam,</span> <span class='ocrx_word' id='word_1_32' title='bbox 969 435 1069 480; x_wconf 84' lang='lat' dir='ltr'>quae</span> <span class='ocrx_word' id='word_1_33' title='bbox 1086 433 1307 463; x_wconf 90' lang='lat' dir='ltr'>summum</span> <span class='ocrx_word' id='word_1_34' title='bbox 1320 419 1488 465; x_wconf 88' lang='lat' dir='ltr'>bonum</span> 
     </span>
     <span class='ocr_line' id='line_1_5' title="bbox 103 489 1488 550; baseline 0.001 -17"><span class='ocrx_word' id='word_1_35' title='bbox 103 498 193 545; x_wconf 90' lang='lat' dir='ltr'>est,</span> <span class='ocrx_word' id='word_1_36' title='bbox 229 505 319 533; x_wconf 86' lang='lat' dir='ltr'>esse</span> <span class='ocrx_word' id='word_1_37' title='bbox 347 490 742 549; x_wconf 78' lang='lat' dir='ltr'>incorruptibilem,</span> <span class='ocrx_word' id='word_1_38' title='bbox 777 499 822 534; x_wconf 84' lang='lat' dir='ltr'>et</span> <span class='ocrx_word' id='word_1_39' title='bbox 841 491 976 549; x_wconf 83' lang='lat' dir='ltr'>ipsam</span> <span class='ocrx_word' id='word_1_40' title='bbox 998 489 1353 549; x_wconf 85' lang='lat' dir='ltr'>corruptionem,</span> <span class='ocrx_word' id='word_1_41' title='bbox 1386 506 1488 550; x_wconf 81' lang='lat' dir='ltr'>quae</span> 
     </span>
     <span class='ocr_line' id='line_1_6' title="bbox 103 559 1489 619; baseline 0.001 -16"><span class='ocrx_word' id='word_1_42' title='bbox 103 574 323 603; x_wconf 89' lang='lat' dir='ltr'>summum</span> <span class='ocrx_word' id='word_1_43' title='bbox 345 559 506 604; x_wconf 90' lang='lat' dir='ltr'>malum</span> <span class='ocrx_word' id='word_1_44' title='bbox 530 569 615 615; x_wconf 86' lang='lat' dir='ltr'>est,</span> <span class='ocrx_word' id='word_1_45' title='bbox 640 575 729 604; x_wconf 93' lang='lat' dir='ltr'>non</span> <span class='ocrx_word' id='word_1_46' title='bbox 748 575 871 619; x_wconf 89' lang='lat' dir='ltr'>posse</span> <span class='ocrx_word' id='word_1_47' title='bbox 893 560 1136 619; x_wconf 90' lang='lat' dir='ltr'>corrumpi,</span> <span class='ocrx_word' id='word_1_48' title='bbox 1162 559 1239 604; x_wconf 88' lang='lat' dir='ltr'>sed</span> <span class='ocrx_word' id='word_1_49' title='bbox 1257 559 1372 605; x_wconf 90' lang='lat' dir='ltr'>hanc</span> <span class='ocrx_word' id='word_1_50' title='bbox 1398 576 1489 606; x_wconf 90' lang='lat' dir='ltr'>non</span> 
     </span>
     <span class='ocr_line' id='line_1_7' title="bbox 104 629 1491 691; baseline 0.002 -18"><span class='ocrx_word' id='word_1_51' title='bbox 104 644 194 674; x_wconf 90' lang='lat' dir='ltr'>esse</span> <span class='ocrx_word' id='word_1_52' title='bbox 214 629 517 674; x_wconf 84' lang='lat' dir='ltr'>substantiam.</span> <span class='ocrx_word' id='word_1_53' title='bbox 547 630 590 675; x_wconf 90' lang='lat' dir='ltr'>Si</span> <span class='ocrx_word' id='word_1_54' title='bbox 608 639 752 674; x_wconf 88' lang='lat' dir='ltr'>autem</span> <span class='ocrx_word' id='word_1_55' title='bbox 780 629 973 690; x_wconf 72' lang='lat' dir='ltr'>quaeritis</span> <span class='ocrx_word' id='word_1_56' title='bbox 995 629 1104 690; x_wconf 87' lang='lat' dir='ltr'>quid</span> <span class='ocrx_word' id='word_1_57' title='bbox 1129 630 1203 685; x_wconf 86' lang='lat' dir='ltr'>sit,</span> <span class='ocrx_word' id='word_1_58' title='bbox 1227 629 1373 674; x_wconf 89' lang='lat' dir='ltr'>videte</span> <span class='ocrx_word' id='word_1_59' title='bbox 1401 646 1491 691; x_wconf 90' lang='lat' dir='ltr'>quo</span> 
     </span>
    </p>

    <p class='ocr_par' dir='ltr' id='par_1_3' title="bbox 73 699 1492 761">
     <span class='ocr_line' id='line_1_8' title="bbox 73 699 1492 761; baseline 0.003 -18"><span class='ocrx_word' id='word_1_60' title='bbox 73 745 76 747; x_wconf 63' lang='grc'>,</span> <span class='ocrx_word' id='word_1_61' title='bbox 103 708 286 744; x_wconf 88' lang='lat' dir='ltr'>conetur</span> <span class='ocrx_word' id='word_1_62' title='bbox 298 699 537 758; x_wconf 84' lang='lat' dir='ltr'>perducere</span> <span class='ocrx_word' id='word_1_63' title='bbox 555 716 653 761; x_wconf 87' lang='lat' dir='ltr'>quae</span> <span class='ocrx_word' id='word_1_64' title='bbox 676 700 914 759; x_wconf 86' lang='lat' dir='ltr'>corrumpit</span> <span class='ocrx_word' id='word_1_65' title='bbox 943 719 952 745; x_wconf 73' lang='grc' dir='ltr'>ι</span> <span class='ocrx_word' id='word_1_66' title='bbox 979 714 1029 743; x_wconf 84' lang='lat' dir='ltr'>ex</span> <span class='ocrx_word' id='word_1_67' title='bbox 1050 700 1197 759; x_wconf 84' lang='lat' dir='ltr'>seipsa</span> <span class='ocrx_word' id='word_1_68' title='bbox 1219 700 1334 744; x_wconf 91' lang='lat' dir='ltr'>enim</span> <span class='ocrx_word' id='word_1_69' title='bbox 1357 701 1492 747; x_wconf 86' lang='lat' dir='ltr'>afficit</span> 
     </span>
    </p>

    <p class='ocr_par' dir='ltr' id='par_1_4' title="bbox 32 769 1490 901">
     <span class='ocr_line' id='line_1_9' title="bbox 32 769 1490 831; baseline 0.002 -18"><span class='ocrx_word' id='word_1_70' title='bbox 32 819 34 822; x_wconf 17' lang='lat' dir='ltr'>v</span> <span class='ocrx_word' id='word_1_71' title='bbox 102 785 153 814; x_wconf 90' lang='lat' dir='ltr'>ea</span> <span class='ocrx_word' id='word_1_72' title='bbox 173 786 274 831; x_wconf 84' lang='lat' dir='ltr'>quae</span> <span class='ocrx_word' id='word_1_73' title='bbox 301 781 659 830; x_wconf 87' lang='lat' dir='ltr'>corrumpuntur.</span> <span class='ocrx_word' id='word_1_74' title='bbox 697 771 914 815; x_wconf 88' lang='lat' dir='ltr'>Deficiunt</span> <span class='ocrx_word' id='word_1_75' title='bbox 937 779 1083 815; x_wconf 88' lang='lat' dir='ltr'>autem</span> <span class='ocrx_word' id='word_1_76' title='bbox 1115 769 1260 815; x_wconf 88' lang='lat' dir='ltr'>omnia</span> <span class='ocrx_word' id='word_1_77' title='bbox 1283 786 1362 830; x_wconf 90' lang='lat' dir='ltr'>per</span> <span class='ocrx_word' id='word_1_78' title='bbox 1390 787 1490 817; x_wconf 89' lang='lat' dir='ltr'>cor-</span> 
     </span>
     <span class='ocr_line' id='line_1_10' title="bbox 100 841 1485 901; baseline 0.003 -17"><span class='ocrx_word' id='word_1_79' title='bbox 100 841 349 900; x_wconf 88' lang='lat' dir='ltr'>ruptionem</span> <span class='ocrx_word' id='word_1_80' title='bbox 371 842 424 885; x_wconf 90' lang='lat' dir='ltr'>ab</span> <span class='ocrx_word' id='word_1_81' title='bbox 441 857 492 885; x_wconf 94' lang='lat' dir='ltr'>eo</span> <span class='ocrx_word' id='word_1_82' title='bbox 510 841 630 901; x_wconf 87' lang='lat' dir='ltr'>quod</span> <span class='ocrx_word' id='word_1_83' title='bbox 651 851 789 896; x_wconf 80' lang='lat' dir='ltr'>erant,</span> <span class='ocrx_word' id='word_1_84' title='bbox 814 850 856 885; x_wconf 87' lang='lat' dir='ltr'>et</span> <span class='ocrx_word' id='word_1_85' title='bbox 872 857 962 887; x_wconf 92' lang='lat' dir='ltr'>non</span> <span class='ocrx_word' id='word_1_86' title='bbox 979 856 1234 901; x_wconf 89' lang='lat' dir='ltr'>permanere</span> <span class='ocrx_word' id='word_1_87' title='bbox 1247 852 1485 901; x_wconf 85' lang='lat' dir='ltr'>coguntur,</span> 
     </span>
    </p>

    <p class='ocr_par' dir='ltr' id='par_1_5' title="bbox 31 895 1492 970">
     <span class='ocr_line' id='line_1_11' title="bbox 31 895 1492 970; baseline 0.002 -15"><span class='ocrx_word' id='word_1_88' title='bbox 31 895 41 966; x_wconf 44' lang='lat'>⁸,</span> <span class='ocrx_word' id='word_1_89' title='bbox 100 926 190 956; x_wconf 91' lang='lat' dir='ltr'>non</span> <span class='ocrx_word' id='word_1_90' title='bbox 211 927 301 956; x_wconf 90' lang='grc'>0550</span> <span class='ocrx_word' id='word_1_91' title='bbox 319 921 554 970; x_wconf 84' lang='lat' dir='ltr'>coguntur.</span> <span class='ocrx_word' id='word_1_92' title='bbox 575 913 678 955; x_wconf 87' lang='lat' dir='ltr'>Esse</span> <span class='ocrx_word' id='word_1_93' title='bbox 695 911 811 955; x_wconf 92' lang='lat' dir='ltr'>enim</span> <span class='ocrx_word' id='word_1_94' title='bbox 831 910 885 955; x_wconf 90' lang='lat' dir='ltr'>ad</span> <span class='ocrx_word' id='word_1_95' title='bbox 903 910 1170 955; x_wconf 90' lang='lat' dir='ltr'>manendum</span> <span class='ocrx_word' id='word_1_96' title='bbox 1184 912 1385 957; x_wconf 72' lang='lat' dir='ltr'>refertur.</span> <span class='ocrx_word' id='word_1_97' title='bbox 1404 916 1492 958; x_wconf 78' lang='lat' dir='ltr'>Ita—</span> 
     </span>
    </p>

    <p class='ocr_par' dir='ltr' id='par_1_6' title="bbox 29 973 1490 1042">
     <span class='ocr_line' id='line_1_12' title="bbox 29 973 1490 1042; baseline 0.003 -18"><span class='ocrx_word' id='word_1_98' title='bbox 29 973 41 1036; x_wconf 53' lang='grc' dir='ltr'>ζ</span> <span class='ocrx_word' id='word_1_99' title='bbox 100 996 187 1041; x_wconf 92' lang='lat' dir='ltr'>que</span> <span class='ocrx_word' id='word_1_100' title='bbox 208 981 329 1041; x_wconf 91' lang='lat' dir='ltr'>quod</span> <span class='ocrx_word' id='word_1_101' title='bbox 350 997 518 1025; x_wconf 83' lang='lat' dir='ltr'>summe</span> <span class='ocrx_word' id='word_1_102' title='bbox 543 991 587 1025; x_wconf 92' lang='lat' dir='ltr'>et</span> <span class='ocrx_word' id='word_1_103' title='bbox 611 981 797 1025; x_wconf 77' lang='lat' dir='ltr'>maxime</span> <span class='ocrx_word' id='word_1_104' title='bbox 815 996 905 1026; x_wconf 88' lang='lat' dir='ltr'>esse</span> <span class='ocrx_word' id='word_1_105' title='bbox 927 981 1107 1038; x_wconf 89' lang='lat' dir='ltr'>dicitur,</span> <span class='ocrx_word' id='word_1_106' title='bbox 1128 984 1426 1042; x_wconf 88' lang='lat' dir='ltr'>permanendo</span> <span class='ocrx_word' id='word_1_107' title='bbox 1444 985 1490 1029; x_wconf 88' lang='lat' dir='ltr'>in</span> 
     </span>
    </p>

    <p class='ocr_par' dir='ltr' id='par_1_7' title="bbox 38 1050 1490 1114">
     <span class='ocr_line' id='line_1_13' title="bbox 38 1050 1490 1114; baseline 0.002 -18"><span class='ocrx_word' id='word_1_108' title='bbox 38 1075 39 1078; x_wconf 57' lang='lat'><em>=</em></span> <span class='ocrx_word' id='word_1_109' title='bbox 101 1066 145 1096; x_wconf 88' lang='lat' dir='ltr'>se</span> <span class='ocrx_word' id='word_1_110' title='bbox 162 1050 337 1096; x_wconf 91' lang='lat' dir='ltr'>dicitur.</span> <span class='ocrx_word' id='word_1_111' title='bbox 361 1054 470 1097; x_wconf 90' lang='lat' dir='ltr'>Nam</span> <span class='ocrx_word' id='word_1_112' title='bbox 489 1052 610 1112; x_wconf 88' lang='lat' dir='ltr'>quod</span> <span class='ocrx_word' id='word_1_113' title='bbox 628 1060 822 1096; x_wconf 82' lang='lat' dir='ltr'>mutatur</span> <span class='ocrx_word' id='word_1_114' title='bbox 842 1052 888 1096; x_wconf 94' lang='lat' dir='ltr'>in</span> <span class='ocrx_word' id='word_1_115' title='bbox 909 1052 1084 1108; x_wconf 89' lang='lat' dir='ltr'>melius,</span> <span class='ocrx_word' id='word_1_116' title='bbox 1109 1068 1200 1097; x_wconf 91' lang='lat' dir='ltr'>non</span> <span class='ocrx_word' id='word_1_117' title='bbox 1215 1054 1319 1114; x_wconf 88' lang='lat' dir='ltr'>quia</span> <span class='ocrx_word' id='word_1_118' title='bbox 1335 1069 1490 1099; x_wconf 90' lang='lat' dir='ltr'>mane-</span> 
     </span>
    </p>

    <p class='ocr_par' dir='ltr' id='par_1_8' title="bbox 27 1123 1490 1327">
     <span class='ocr_line' id='line_1_14' title="bbox 35 1123 1490 1184; baseline 0.005 -20"><span class='ocrx_word' id='word_1_119' title='bbox 35 1134 38 1164; x_wconf 82' lang='lat'>:</span> <span class='ocrx_word' id='word_1_120' title='bbox 100 1123 176 1166; x_wconf 91' lang='lat' dir='ltr'>bat</span> <span class='ocrx_word' id='word_1_121' title='bbox 198 1132 416 1178; x_wconf 88' lang='lat' dir='ltr'>mutatur,</span> <span class='ocrx_word' id='word_1_122' title='bbox 440 1123 515 1167; x_wconf 89' lang='lat' dir='ltr'>sed</span> <span class='ocrx_word' id='word_1_123' title='bbox 538 1123 639 1183; x_wconf 88' lang='lat' dir='ltr'>quia</span> <span class='ocrx_word' id='word_1_124' title='bbox 666 1124 995 1183; x_wconf 82' lang='lat' dir='ltr'>pervertebatur</span> <span class='ocrx_word' id='word_1_125' title='bbox 1011 1124 1057 1167; x_wconf 88' lang='lat' dir='ltr'>in</span> <span class='ocrx_word' id='word_1_126' title='bbox 1073 1125 1218 1184; x_wconf 87' lang='lat' dir='ltr'>pejus,</span> <span class='ocrx_word' id='word_1_127' title='bbox 1248 1125 1292 1168; x_wconf 89' lang='lat' dir='ltr'>id</span> <span class='ocrx_word' id='word_1_128' title='bbox 1310 1134 1374 1169; x_wconf 89' lang='lat' dir='ltr'>est</span> <span class='ocrx_word' id='word_1_129' title='bbox 1390 1160 1402 1181; x_wconf 87' lang='lat'><em>‚</em></span> <span class='ocrx_word' id='word_1_130' title='bbox 1433 1127 1490 1171; x_wconf 90' lang='lat' dir='ltr'>ab</span> 
     </span>
     <span class='ocr_line' id='line_1_15' title="bbox 99 1194 1490 1256; baseline 0.003 -17.754"><span class='ocrx_word' id='word_1_131' title='bbox 99 1195 280 1239; x_wconf 88' lang='lat' dir='ltr'>essentia</span> <span class='ocrx_word' id='word_1_132' title='bbox 297 1194 549 1239; x_wconf 86' lang='lat' dir='ltr'>deficiebat:</span> <span class='ocrx_word' id='word_1_133' title='bbox 567 1196 689 1254; x_wconf 85' lang='lat' dir='ltr'>cujus</span> <span class='ocrx_word' id='word_1_134' title='bbox 707 1194 961 1240; x_wconf 86' lang='lat' dir='ltr'>defectionis</span> <span class='ocrx_word' id='word_1_135' title='bbox 979 1203 1130 1240; x_wconf 87' lang='lat' dir='ltr'>auctor</span> <span class='ocrx_word' id='word_1_136' title='bbox 1143 1211 1235 1241; x_wconf 92' lang='lat' dir='ltr'>non</span> <span class='ocrx_word' id='word_1_137' title='bbox 1252 1204 1317 1240; x_wconf 82' lang='lat' dir='ltr'>est</span> <span class='ocrx_word' id='word_1_138' title='bbox 1331 1196 1409 1256; x_wconf 90' lang='lat' dir='ltr'>qui</span> <span class='ocrx_word' id='word_1_139' title='bbox 1425 1207 1490 1243; x_wconf 89' lang='lat' dir='ltr'>est</span> 
     </span>
     <span class='ocr_line' id='line_1_16' title="bbox 99 1266 1489 1327; baseline 0.003 -16.819"><span class='ocrx_word' id='word_1_140' title='bbox 99 1275 250 1310; x_wconf 89' lang='lat' dir='ltr'>auctor</span> <span class='ocrx_word' id='word_1_141' title='bbox 273 1266 481 1309; x_wconf 79' lang='lat' dir='ltr'>essentiae.</span> <span class='ocrx_word' id='word_1_142' title='bbox 521 1269 750 1310; x_wconf 85' lang='lat' dir='ltr'>Mutantur</span> <span class='ocrx_word' id='word_1_143' title='bbox 778 1281 881 1326; x_wconf 83' lang='lat' dir='ltr'>ergo</span> <span class='ocrx_word' id='word_1_144' title='bbox 910 1266 1114 1327; x_wconf 83' lang='lat' dir='ltr'>quaedam</span> <span class='ocrx_word' id='word_1_145' title='bbox 1138 1267 1185 1310; x_wconf 85' lang='lat' dir='ltr'>in</span> <span class='ocrx_word' id='word_1_146' title='bbox 1210 1266 1390 1325; x_wconf 83' lang='lat' dir='ltr'>meliora</span> <span class='ocrx_word' id='word_1_147' title='bbox 1407 1303 1419 1324; x_wconf 91' lang='lat'>,</span> <span class='ocrx_word' id='word_1_148' title='bbox 1445 1279 1489 1314; x_wconf 89' lang='grc'>01</span> 
     </span>
    </p>

    <p class='ocr_par' dir='ltr' id='par_1_9' title="bbox 32 1326 1488 1399">
     <span class='ocr_line' id='line_1_17' title="bbox 32 1326 1488 1399; baseline 0.003 -19"><span class='ocrx_word' id='word_1_149' title='bbox 32 1326 35 1364; x_wconf 60' lang='lat'>5³</span> <span class='ocrx_word' id='word_1_150' title='bbox 99 1346 327 1397; x_wconf 85' lang='lat' dir='ltr'>propterea</span> <span class='ocrx_word' id='word_1_151' title='bbox 349 1336 539 1381; x_wconf 90' lang='lat' dir='ltr'>tendunt</span> <span class='ocrx_word' id='word_1_152' title='bbox 561 1353 650 1381; x_wconf 88' lang='lat' dir='ltr'>esse</span> <span class='ocrx_word' id='word_1_153' title='bbox 674 1358 681 1382; x_wconf 95' lang='lat'>:</span> <span class='ocrx_word' id='word_1_154' title='bbox 704 1353 782 1382; x_wconf 89' lang='lat' dir='ltr'>nec</span> <span class='ocrx_word' id='word_1_155' title='bbox 804 1337 1013 1383; x_wconf 87' lang='lat' dir='ltr'>dicuntur</span> <span class='ocrx_word' id='word_1_156' title='bbox 1028 1339 1108 1383; x_wconf 88' lang='lat' dir='ltr'>ista</span> <span class='ocrx_word' id='word_1_157' title='bbox 1126 1339 1365 1384; x_wconf 79' lang='lat' dir='ltr'>mutatione</span> <span class='ocrx_word' id='word_1_158' title='bbox 1385 1355 1488 1399; x_wconf 88' lang='lat' dir='ltr'>per-</span> 
     </span>
    </p>

    <p class='ocr_par' dir='ltr' id='par_1_10' title="bbox 28 1407 1533 2600">
     <span class='ocr_line' id='line_1_18' title="bbox 30 1407 1533 1479; baseline 0.003 -27"><span class='ocrx_word' id='word_1_159' title='bbox 30 1419 33 1471; x_wconf 62' lang='grc' dir='ltr'><strong><em>ζ</em></strong></span> <span class='ocrx_word' id='word_1_160' title='bbox 100 1408 232 1463; x_wconf 88' lang='lat' dir='ltr'>verti,</span> <span class='ocrx_word' id='word_1_161' title='bbox 253 1407 328 1452; x_wconf 88' lang='lat' dir='ltr'>sed</span> <span class='ocrx_word' id='word_1_162' title='bbox 347 1408 503 1451; x_wconf 87' lang='lat' dir='ltr'>reverti</span> <span class='ocrx_word' id='word_1_163' title='bbox 520 1417 651 1468; x_wconf 88' lang='lat' dir='ltr'>atque</span> <span class='ocrx_word' id='word_1_164' title='bbox 673 1410 882 1454; x_wconf 89' lang='lat' dir='ltr'>converti.</span> <span class='ocrx_word' id='word_1_165' title='bbox 904 1410 1126 1455; x_wconf 88' lang='lat' dir='ltr'>Perversio</span> <span class='ocrx_word' id='word_1_166' title='bbox 1144 1410 1259 1454; x_wconf 88' lang='lat' dir='ltr'>enim</span> <span class='ocrx_word' id='word_1_167' title='bbox 1274 1412 1489 1457; x_wconf 85' lang='lat' dir='ltr'>contraria</span> <span class='ocrx_word' id='word_1_168' title='bbox 1523 1417 1533 1479; x_wconf 54' lang='lat' dir='ltr'><em>J</em></span> 
     </span>
     <span class='ocr_line' id='line_1_19' title="bbox 29 1477 1526 1540; baseline 0.001 -18"><span class='ocrx_word' id='word_1_169' title='bbox 29 1502 37 1539; x_wconf 61' lang='lat'>3-</span> <span class='ocrx_word' id='word_1_170' title='bbox 100 1488 164 1523; x_wconf 88' lang='lat' dir='ltr'>est</span> <span class='ocrx_word' id='word_1_171' title='bbox 185 1477 465 1523; x_wconf 89' lang='lat' dir='ltr'>ordinationi.</span> <span class='ocrx_word' id='word_1_172' title='bbox 493 1481 596 1522; x_wconf 85' lang='lat' dir='ltr'>Haec</span> <span class='ocrx_word' id='word_1_173' title='bbox 615 1494 718 1523; x_wconf 92' lang='lat' dir='ltr'>vero</span> <span class='ocrx_word' id='word_1_174' title='bbox 739 1494 836 1538; x_wconf 82' lang='lat' dir='ltr'>quae</span> <span class='ocrx_word' id='word_1_175' title='bbox 860 1479 1050 1523; x_wconf 87' lang='lat' dir='ltr'>tendunt</span> <span class='ocrx_word' id='word_1_176' title='bbox 1069 1495 1181 1534; x_wconf 88' lang='lat' dir='ltr'>esse,</span> <span class='ocrx_word' id='word_1_177' title='bbox 1196 1479 1262 1540; x_wconf 75' lang='lat' dir='ltr'>¹ad</span> <span class='ocrx_word' id='word_1_178' title='bbox 1292 1480 1488 1525; x_wconf 90' lang='lat' dir='ltr'>ordinem</span> <span class='ocrx_word' id='word_1_179' title='bbox 1522 1483 1526 1525; x_wconf 71' lang='grc' dir='ltr'><strong><em>ἓ</em></strong></span> 
     </span>
     <span class='ocr_line' id='line_1_20' title="bbox 28 1546 1526 1608; baseline 0.003 -17"><span class='ocrx_word' id='word_1_180' title='bbox 28 1552 31 1561; x_wconf 86' lang='grc'><em>’</em></span> <span class='ocrx_word' id='word_1_181' title='bbox 101 1547 289 1592; x_wconf 90' lang='lat' dir='ltr'>tendunt</span> <span class='ocrx_word' id='word_1_182' title='bbox 308 1567 316 1593; x_wconf 77' lang='lat'>2</span> <span class='ocrx_word' id='word_1_183' title='bbox 338 1564 469 1608; x_wconf 87' lang='lat' dir='ltr'>quem</span> <span class='ocrx_word' id='word_1_184' title='bbox 488 1564 588 1593; x_wconf 91' lang='lat' dir='ltr'>cum</span> <span class='ocrx_word' id='word_1_185' title='bbox 606 1546 771 1593; x_wconf 86' lang='lat' dir='ltr'>fuerint</span> <span class='ocrx_word' id='word_1_186' title='bbox 788 1557 1037 1604; x_wconf 82' lang='lat' dir='ltr'>consecuta,</span> <span class='ocrx_word' id='word_1_187' title='bbox 1062 1549 1205 1608; x_wconf 89' lang='lat' dir='ltr'>ipsum</span> <span class='ocrx_word' id='word_1_188' title='bbox 1224 1563 1315 1593; x_wconf 90' lang='lat' dir='ltr'>esse</span> <span class='ocrx_word' id='word_1_189' title='bbox 1336 1565 1492 1595; x_wconf 80' lang='lat' dir='ltr'>conse-</span> <span class='ocrx_word' id='word_1_190' title='bbox 1524 1547 1526 1550; x_wconf 69' lang='grc'><strong>’</strong></span> 
     </span>
     <span class='ocr_line' id='line_1_21' title="bbox 100 1619 1490 1679; baseline 0.004 -17"><span class='ocrx_word' id='word_1_191' title='bbox 100 1627 299 1679; x_wconf 89' lang='lat' dir='ltr'>quuntur</span> <span class='ocrx_word' id='word_1_192' title='bbox 318 1654 329 1674; x_wconf 84' lang='lat'>,</span> <span class='ocrx_word' id='word_1_193' title='bbox 367 1628 582 1679; x_wconf 87' lang='lat' dir='ltr'>quantum</span> <span class='ocrx_word' id='word_1_194' title='bbox 623 1619 669 1662; x_wconf 88' lang='lat' dir='ltr'>id</span> <span class='ocrx_word' id='word_1_195' title='bbox 705 1620 903 1663; x_wconf 85' lang='lat' dir='ltr'>creatura</span> <span class='ocrx_word' id='word_1_196' title='bbox 942 1619 1149 1679; x_wconf 83' lang='lat' dir='ltr'>consequi</span> <span class='ocrx_word' id='word_1_197' title='bbox 1180 1627 1336 1679; x_wconf 90' lang='lat' dir='ltr'>potest.</span> <span class='ocrx_word' id='word_1_198' title='bbox 1371 1621 1490 1668; x_wconf 89' lang='lat' dir='ltr'>Ordo</span> 
     </span>
     <span class='ocr_line' id='line_1_22' title="bbox 100 1687 1485 1751; baseline 0.004 -18"><span class='ocrx_word' id='word_1_199' title='bbox 100 1690 217 1734; x_wconf 92' lang='lat' dir='ltr'>enim</span> <span class='ocrx_word' id='word_1_200' title='bbox 240 1690 295 1734; x_wconf 88' lang='lat' dir='ltr'>ad</span> <span class='ocrx_word' id='word_1_201' title='bbox 323 1690 671 1735; x_wconf 88' lang='lat' dir='ltr'>convenientiam</span> <span class='ocrx_word' id='word_1_202' title='bbox 695 1689 928 1750; x_wconf 87' lang='lat' dir='ltr'>quamdam</span> <span class='ocrx_word' id='word_1_203' title='bbox 961 1687 1082 1751; x_wconf 91' lang='lat' dir='ltr'>quod</span> <span class='ocrx_word' id='word_1_204' title='bbox 1115 1690 1287 1735; x_wconf 89' lang='lat' dir='ltr'>ordinat</span> <span class='ocrx_word' id='word_1_205' title='bbox 1314 1691 1485 1751; x_wconf 86' lang='lat' dir='ltr'>redigit.</span> 
     </span>
     <span class='ocr_line' id='line_1_23' title="bbox 98 1760 1489 1821; baseline 0.001 -15"><span class='ocrx_word' id='word_1_206' title='bbox 98 1760 216 1806; x_wconf 91' lang='lat' dir='ltr'>Nihil</span> <span class='ocrx_word' id='word_1_207' title='bbox 238 1769 302 1805; x_wconf 88' lang='lat' dir='ltr'>est</span> <span class='ocrx_word' id='word_1_208' title='bbox 323 1770 467 1805; x_wconf 88' lang='lat' dir='ltr'>autem</span> <span class='ocrx_word' id='word_1_209' title='bbox 484 1776 588 1815; x_wconf 88' lang='lat' dir='ltr'>esse,</span> <span class='ocrx_word' id='word_1_210' title='bbox 609 1776 739 1820; x_wconf 87' lang='lat' dir='ltr'>quam</span> <span class='ocrx_word' id='word_1_211' title='bbox 761 1776 898 1804; x_wconf 89' lang='lat' dir='ltr'>unum</span> <span class='ocrx_word' id='word_1_212' title='bbox 915 1775 1019 1805; x_wconf 91' lang='lat' dir='ltr'>esse.</span> <span class='ocrx_word' id='word_1_213' title='bbox 1041 1763 1195 1820; x_wconf 89' lang='lat' dir='ltr'>Itaque</span> <span class='ocrx_word' id='word_1_214' title='bbox 1211 1761 1256 1804; x_wconf 92' lang='lat' dir='ltr'>in</span> <span class='ocrx_word' id='word_1_215' title='bbox 1273 1771 1489 1821; x_wconf 83' lang='lat' dir='ltr'>quantum</span> 
     </span>
     <span class='ocr_line' id='line_1_24' title="bbox 97 1831 1486 1891; baseline 0.004 -17"><span class='ocrx_word' id='word_1_216' title='bbox 97 1831 295 1891; x_wconf 88' lang='lat' dir='ltr'>quidque</span> <span class='ocrx_word' id='word_1_217' title='bbox 317 1832 530 1875; x_wconf 88' lang='lat' dir='ltr'>unitatem</span> <span class='ocrx_word' id='word_1_218' title='bbox 553 1831 820 1890; x_wconf 80' lang='lat' dir='ltr'>adipiscitur,</span> <span class='ocrx_word' id='word_1_219' title='bbox 846 1832 891 1874; x_wconf 94' lang='lat' dir='ltr'>in</span> <span class='ocrx_word' id='word_1_220' title='bbox 916 1840 1089 1876; x_wconf 92' lang='lat' dir='ltr'>tantum</span> <span class='ocrx_word' id='word_1_221' title='bbox 1111 1841 1189 1876; x_wconf 88' lang='lat' dir='ltr'>est.</span> <span class='ocrx_word' id='word_1_222' title='bbox 1217 1833 1403 1878; x_wconf 86' lang='lat' dir='ltr'>Unitatis</span> <span class='ocrx_word' id='word_1_223' title='bbox 1425 1844 1486 1880; x_wconf 83' lang='grc'>051</span> 
     </span>
     <span class='ocr_line' id='line_1_25' title="bbox 98 1902 1486 1964; baseline 0.004 -19"><span class='ocrx_word' id='word_1_224' title='bbox 98 1902 215 1946; x_wconf 91' lang='lat' dir='ltr'>enim</span> <span class='ocrx_word' id='word_1_225' title='bbox 244 1903 454 1961; x_wconf 87' lang='lat' dir='ltr'>operatio,</span> <span class='ocrx_word' id='word_1_226' title='bbox 495 1902 795 1946; x_wconf 86' lang='lat' dir='ltr'>convenientia</span> <span class='ocrx_word' id='word_1_227' title='bbox 825 1912 868 1946; x_wconf 90' lang='lat' dir='ltr'>et</span> <span class='ocrx_word' id='word_1_228' title='bbox 896 1902 1154 1958; x_wconf 87' lang='lat' dir='ltr'>concordia,</span> <span class='ocrx_word' id='word_1_229' title='bbox 1192 1919 1280 1964; x_wconf 88' lang='lat' dir='ltr'>qua</span> <span class='ocrx_word' id='word_1_230' title='bbox 1308 1914 1411 1949; x_wconf 87' lang='lat' dir='ltr'>sunt</span> <span class='ocrx_word' id='word_1_231' title='bbox 1440 1907 1486 1950; x_wconf 93' lang='lat' dir='ltr'>in</span> 
     </span>
     <span class='ocr_line' id='line_1_26' title="bbox 98 1973 1488 2035; baseline 0.003 -19"><span class='ocrx_word' id='word_1_232' title='bbox 98 1981 313 2033; x_wconf 89' lang='lat' dir='ltr'>quantum</span> <span class='ocrx_word' id='word_1_233' title='bbox 336 1981 454 2026; x_wconf 88' lang='lat' dir='ltr'>sunt,</span> <span class='ocrx_word' id='word_1_234' title='bbox 477 1986 526 2015; x_wconf 91' lang='lat' dir='ltr'>ea</span> <span class='ocrx_word' id='word_1_235' title='bbox 543 1988 641 2032; x_wconf 89' lang='lat' dir='ltr'>quae</span> <span class='ocrx_word' id='word_1_236' title='bbox 662 1973 900 2031; x_wconf 88' lang='lat' dir='ltr'>composita</span> <span class='ocrx_word' id='word_1_237' title='bbox 918 1982 1021 2017; x_wconf 89' lang='lat' dir='ltr'>sunt</span> <span class='ocrx_word' id='word_1_238' title='bbox 1039 1993 1047 2017; x_wconf 92' lang='lat'>:</span> <span class='ocrx_word' id='word_1_239' title='bbox 1067 1988 1168 2017; x_wconf 90' lang='lat' dir='ltr'>nam</span> <span class='ocrx_word' id='word_1_240' title='bbox 1186 1973 1397 2033; x_wconf 86' lang='lat' dir='ltr'>simplicia</span> <span class='ocrx_word' id='word_1_241' title='bbox 1410 1991 1488 2035; x_wconf 89' lang='lat' dir='ltr'>per</span> 
     </span>
     <span class='ocr_line' id='line_1_27' title="bbox 97 2043 1482 2104; baseline 0.001 -16"><span class='ocrx_word' id='word_1_242' title='bbox 97 2059 142 2088; x_wconf 89' lang='lat' dir='ltr'>se</span> <span class='ocrx_word' id='word_1_243' title='bbox 164 2052 288 2099; x_wconf 85' lang='lat' dir='ltr'>sunt,</span> <span class='ocrx_word' id='word_1_244' title='bbox 315 2043 418 2103; x_wconf 91' lang='lat' dir='ltr'>quia</span> <span class='ocrx_word' id='word_1_245' title='bbox 434 2059 523 2087; x_wconf 90' lang='lat' dir='ltr'>una</span> <span class='ocrx_word' id='word_1_246' title='bbox 541 2051 668 2087; x_wconf 89' lang='lat' dir='ltr'>sunt:</span> <span class='ocrx_word' id='word_1_247' title='bbox 689 2058 787 2103; x_wconf 85' lang='lat' dir='ltr'>quae</span> <span class='ocrx_word' id='word_1_248' title='bbox 818 2051 962 2087; x_wconf 89' lang='lat' dir='ltr'>autem</span> <span class='ocrx_word' id='word_1_249' title='bbox 996 2058 1084 2088; x_wconf 92' lang='lat' dir='ltr'>non</span> <span class='ocrx_word' id='word_1_250' title='bbox 1114 2051 1216 2088; x_wconf 88' lang='lat' dir='ltr'>sunt</span> <span class='ocrx_word' id='word_1_251' title='bbox 1245 2044 1454 2104; x_wconf 91' lang='lat' dir='ltr'>simplicia</span> <span class='ocrx_word' id='word_1_252' title='bbox 1471 2082 1482 2103; x_wconf 87' lang='lat'>,</span> 
     </span>
     <span class='ocr_line' id='line_1_28' title="bbox 97 2113 1513 2182; baseline 0.001 -22"><span class='ocrx_word' id='word_1_253' title='bbox 97 2114 329 2165; x_wconf 84' lang='lat' dir='ltr'>concordia</span> <span class='ocrx_word' id='word_1_254' title='bbox 346 2114 535 2174; x_wconf 89' lang='lat' dir='ltr'>partium</span> <span class='ocrx_word' id='word_1_255' title='bbox 553 2113 779 2158; x_wconf 88' lang='lat' dir='ltr'>imitantur</span> <span class='ocrx_word' id='word_1_256' title='bbox 796 2113 1028 2169; x_wconf 89' lang='lat' dir='ltr'>unitatem,</span> <span class='ocrx_word' id='word_1_257' title='bbox 1047 2122 1091 2158; x_wconf 91' lang='grc'>01</span> <span class='ocrx_word' id='word_1_258' title='bbox 1117 2114 1164 2158; x_wconf 87' lang='grc'>111</span> <span class='ocrx_word' id='word_1_259' title='bbox 1189 2122 1362 2159; x_wconf 85' lang='lat' dir='ltr'>tantum</span> <span class='ocrx_word' id='word_1_260' title='bbox 1384 2126 1488 2162; x_wconf 87' lang='lat' dir='ltr'>sunt</span> <span class='ocrx_word' id='word_1_261' title='bbox 1503 2172 1513 2182; x_wconf 27' lang='grc' dir='ltr'>ζ</span> 
     </span>
     <span class='ocr_line' id='line_1_29' title="bbox 97 2184 1487 2245; baseline 0.002 -16"><span class='ocrx_word' id='word_1_262' title='bbox 97 2186 144 2229; x_wconf 88' lang='grc'>111</span> <span class='ocrx_word' id='word_1_263' title='bbox 160 2193 376 2244; x_wconf 90' lang='lat' dir='ltr'>quantum</span> <span class='ocrx_word' id='word_1_264' title='bbox 395 2194 698 2245; x_wconf 85' lang='lat' dir='ltr'>assequuntur.</span> <span class='ocrx_word' id='word_1_265' title='bbox 714 2186 856 2237; x_wconf 88' lang='lat' dir='ltr'>Quare</span> <span class='ocrx_word' id='word_1_266' title='bbox 875 2184 1091 2229; x_wconf 89' lang='lat' dir='ltr'>ordinatio</span> <span class='ocrx_word' id='word_1_267' title='bbox 1108 2199 1198 2230; x_wconf 90' lang='lat' dir='ltr'>esse</span> <span class='ocrx_word' id='word_1_268' title='bbox 1216 2186 1349 2245; x_wconf 86' lang='lat' dir='ltr'>cogit,</span> <span class='ocrx_word' id='word_1_269' title='bbox 1367 2186 1487 2232; x_wconf 86' lang='lat' dir='ltr'>inor·</span> 
     </span>
     <span class='ocr_line' id='line_1_30' title="bbox 97 2256 1514 2321; baseline 0.003 -20"><span class='ocrx_word' id='word_1_270' title='bbox 97 2256 264 2302; x_wconf 89' lang='lat' dir='ltr'>dinatio</span> <span class='ocrx_word' id='word_1_271' title='bbox 280 2272 383 2302; x_wconf 89' lang='lat' dir='ltr'>vero</span> <span class='ocrx_word' id='word_1_272' title='bbox 408 2273 496 2302; x_wconf 92' lang='lat' dir='ltr'>non</span> <span class='ocrx_word' id='word_1_273' title='bbox 511 2272 618 2312; x_wconf 83' lang='lat' dir='ltr'>esse,</span> <span class='ocrx_word' id='word_1_274' title='bbox 639 2273 738 2317; x_wconf 88' lang='lat' dir='ltr'>quae</span> <span class='ocrx_word' id='word_1_275' title='bbox 756 2258 975 2317; x_wconf 90' lang='lat' dir='ltr'>perversio</span> <span class='ocrx_word' id='word_1_276' title='bbox 992 2257 1121 2302; x_wconf 86' lang='lat' dir='ltr'>etiam</span> <span class='ocrx_word' id='word_1_277' title='bbox 1151 2258 1401 2304; x_wconf 87' lang='lat' dir='ltr'>nominatur</span> <span class='ocrx_word' id='word_1_278' title='bbox 1418 2269 1486 2305; x_wconf 86' lang='grc'>31-</span> <span class='ocrx_word' id='word_1_279' title='bbox 1509 2304 1514 2321; x_wconf 88' lang='lat'>-.</span> 
     </span>
     <span class='ocr_line' id='line_1_31' title="bbox 96 2324 1523 2389; baseline 0.004 -18"><span class='ocrx_word' id='word_1_280' title='bbox 96 2342 184 2388; x_wconf 90' lang='lat' dir='ltr'>que</span> <span class='ocrx_word' id='word_1_281' title='bbox 202 2328 439 2388; x_wconf 87' lang='lat' dir='ltr'>corruptio.</span> <span class='ocrx_word' id='word_1_282' title='bbox 465 2328 691 2388; x_wconf 90' lang='lat' dir='ltr'>Quidquid</span> <span class='ocrx_word' id='word_1_283' title='bbox 714 2327 846 2387; x_wconf 84' lang='lat' dir='ltr'>igitur</span> <span class='ocrx_word' id='word_1_284' title='bbox 868 2330 1184 2389; x_wconf 89' lang='lat' dir='ltr'>corrumpitur,</span> <span class='ocrx_word' id='word_1_285' title='bbox 1207 2344 1259 2374; x_wconf 93' lang='grc'>00</span> <span class='ocrx_word' id='word_1_286' title='bbox 1282 2331 1424 2376; x_wconf 86' lang='lat' dir='ltr'>tendit</span> <span class='ocrx_word' id='word_1_287' title='bbox 1436 2341 1488 2377; x_wconf 89' lang='lat' dir='ltr'>ut</span> <span class='ocrx_word' id='word_1_288' title='bbox 1513 2324 1523 2367; x_wconf 66' lang='grc' dir='ltr'><em>ἕ</em></span> 
     </span>
     <span class='ocr_line' id='line_1_32' title="bbox 98 2399 1487 2464; baseline 0.004 -21"><span class='ocrx_word' id='word_1_289' title='bbox 98 2414 189 2444; x_wconf 87' lang='grc'>11011</span> <span class='ocrx_word' id='word_1_290' title='bbox 215 2399 284 2443; x_wconf 88' lang='lat' dir='ltr'>sit.</span> <span class='ocrx_word' id='word_1_291' title='bbox 310 2401 406 2443; x_wconf 88' lang='lat' dir='ltr'>Jam</span> <span class='ocrx_word' id='word_1_292' title='bbox 423 2409 614 2445; x_wconf 87' lang='lat' dir='ltr'>vestrum</span> <span class='ocrx_word' id='word_1_293' title='bbox 636 2408 700 2444; x_wconf 88' lang='lat' dir='ltr'>est</span> <span class='ocrx_word' id='word_1_294' title='bbox 722 2399 1010 2457; x_wconf 89' lang='lat' dir='ltr'>considerare,</span> <span class='ocrx_word' id='word_1_295' title='bbox 1035 2416 1124 2461; x_wconf 90' lang='lat' dir='ltr'>quo</span> <span class='ocrx_word' id='word_1_296' title='bbox 1148 2411 1275 2461; x_wconf 85' lang='lat' dir='ltr'>cogat</span> <span class='ocrx_word' id='word_1_297' title='bbox 1303 2417 1487 2464; x_wconf 90' lang='lat' dir='ltr'>corrup-</span> 
     </span>
     <span class='ocr_line' id='line_1_33' title="bbox 100 2470 1485 2529; baseline 0.004 -16"><span class='ocrx_word' id='word_1_298' title='bbox 100 2470 182 2524; x_wconf 88' lang='lat' dir='ltr'>tio,</span> <span class='ocrx_word' id='word_1_299' title='bbox 210 2477 259 2512; x_wconf 85' lang='lat' dir='ltr'>ut</span> <span class='ocrx_word' id='word_1_300' title='bbox 283 2470 450 2529; x_wconf 88' lang='lat' dir='ltr'>possitis</span> <span class='ocrx_word' id='word_1_301' title='bbox 472 2470 665 2514; x_wconf 88' lang='lat' dir='ltr'>invenire</span> <span class='ocrx_word' id='word_1_302' title='bbox 695 2485 914 2514; x_wconf 89' lang='lat' dir='ltr'>summum</span> <span class='ocrx_word' id='word_1_303' title='bbox 942 2470 1107 2516; x_wconf 89' lang='lat' dir='ltr'>malum</span> <span class='ocrx_word' id='word_1_304' title='bbox 1142 2491 1151 2517; x_wconf 73' lang='grc' dir='ltr'><strong><em>ι</em></strong></span> <span class='ocrx_word' id='word_1_305' title='bbox 1190 2488 1290 2518; x_wconf 89' lang='grc'>113111</span> <span class='ocrx_word' id='word_1_306' title='bbox 1318 2472 1364 2518; x_wconf 90' lang='lat' dir='ltr'>id</span> <span class='ocrx_word' id='word_1_307' title='bbox 1396 2482 1485 2529; x_wconf 85' lang='lat' dir='ltr'>est,</span> 
     </span>
     <span class='ocr_line' id='line_1_34' title="bbox 99 2540 881 2600; baseline 0.001 -16"><span class='ocrx_word' id='word_1_308' title='bbox 99 2555 188 2599; x_wconf 89' lang='lat' dir='ltr'>quo</span> <span class='ocrx_word' id='word_1_309' title='bbox 211 2541 434 2599; x_wconf 88' lang='lat' dir='ltr'>corruptio</span> <span class='ocrx_word' id='word_1_310' title='bbox 457 2540 696 2600; x_wconf 84' lang='lat' dir='ltr'>perducere</span> <span class='ocrx_word' id='word_1_311' title='bbox 713 2542 881 2585; x_wconf 86' lang='lat' dir='ltr'>nititur.</span> 
     </span>
    </p>
   </div>
   <div class='ocr_carea' id='block_1_3' title="bbox 27 1043 40 1655">
    <p class='ocr_par' dir='ltr' id='par_1_11' title="bbox 27 1043 40 1655">
     <span class='ocr_line' id='line_1_35' title="bbox 27 1043 40 1655; baseline 0 0"><span class='ocrx_word' id='word_1_312' title='bbox 27 1043 40 1655; x_wconf 95' lang='lat' dir='ltr'> </span> 
     </span>
    </p>
   </div>
   <div class='ocr_carea' id='block_1_4' title="bbox 11 0 68 2874">
    <p class='ocr_par' dir='ltr' id='par_1_12' title="bbox 11 0 68 2874">
     <span class='ocr_line' id='line_1_36' title="bbox 11 0 68 2874; baseline 0 0"><span class='ocrx_word' id='word_1_313' title='bbox 11 0 68 2874; x_wconf 95' lang='lat' dir='ltr'> </span> 
     </span>
    </p>
   </div>
  </div>
 </body>
</html>
