1729 3143
254 173 308 214 94
682 184 715 209 s.
751 181 981 210 Aucus'rmr
1014 182 1195 210 Enscom

251 257 402 294 testate
423 249 588 308 accepit
611 266 620 291 z
647 255 690 290 et
710 261 800 290 non
821 246 959 291 credis
980 249 1143 304 Regem
1171 246 1247 305 qui
1268 247 1413 291 omnia
1434 247 1626 302 creavit,

248 319 368 379 quod
384 326 541 362 cuncta
559 315 773 374 gubernet
790 324 833 360 et
849 317 1000 375 regat?
1021 317 1250 369 Quomodo
1261 350 1272 371 ,
1292 316 1450 376 inquis,
1471 325 1631 362 cuncta

248 389 463 448 gubernat
485 398 528 431 et
559 386 702 445 regit?
722 389 835 431 Ecce
857 396 978 431 tanta
1005 387 1119 431 mala
1150 387 1264 431 fiunt
1297 387 1340 430 in
1367 389 1534 432 mundo
1550 421 1562 442 ‚
1587 396 1632 431 et

246 475 334 503 non
356 457 562 504 vindicat.
586 458 624 502 Ο
650 457 782 502 homo
801 491 813 512 ‚
843 456 941 501 ideo
969 471 1097 515 negas
1119 458 1210 517 ejus
1231 458 1472 516 potentiam
1491 491 1504 513 ‚
1528 457 1632 517 quia

244 543 447 587 magnam
467 527 540 572 ille
561 527 736 572 exhibet
760 527 1045 588 patientiam?
1065 530 1324 572 Peccantem
1346 527 1526 587 quidem
1546 527 1632 570 im-

242 598 448 656 punitum
476 613 566 643 non
587 598 770 643 dimittit
794 617 804 642 z
828 607 968 643 servat
989 633 1001 654 ‚
1034 607 1110 642 aut
1132 597 1389 658 poenitendo
1408 598 1631 656 corrigen-

241 668 348 713 dum
365 704 377 725 ‚
419 679 495 715 aut
514 669 672 716 ultimo
699 669 866 730 judicio
887 669 1179 729 puniendum.
1211 669 1353 714 Crede
1374 668 1506 723 mihi,
1532 684 1558 713 o
1579 677 1631 712 tu

239 739 434 800 quisquis
455 756 499 785 es
521 741 598 802 qui
629 741 684 785 de
708 740 832 785 malis
858 741 1051 801 quereris
1067 775 1079 796 ,
1109 739 1318 799 quoniam
1340 753 1490 783 omnes
1524 737 1631 782 mali

238 823 403 854 sumus.
432 811 505 866 Si,
539 820 590 856 ut
611 811 674 855 vis
690 846 701 866 ‚
737 814 852 855 Deus
880 809 1004 855 malis
1032 809 1178 854 statim
1199 808 1459 854 retribueret
1480 806 1627 865 mala3

236 878 384 924 nullus
409 891 652 926 remaneret
681 881 757 941 qui
788 880 844 925 de
873 881 957 925 alio
985 889 1293 925 murmuraret.
1322 880 1407 925 Sed
1432 878 1532 923 ideo
1553 876 1630 921 ille

236 951 328 993 Rex
347 965 532 1010 magnus
549 986 560 1006 ‚
585 951 661 1011 qui
679 951 802 996 novit
820 952 1045 1011 quomodo
1060 960 1181 1008 regat
1197 950 1318 1010 quod
1335 949 1518 1003 creavit,
1538 962 1629 992 non

235 1017 387 1075 implet
417 1022 664 1059 voluntates
687 1036 935 1073 perversas,
962 1022 1037 1059 secl
1070 1036 1193 1060 suam
1225 1019 1396 1074 perficit
1427 1027 1594 1059 rectam
1612 1050 1625 1069 ‚

234 1095 284 1130 ut
314 1096 356 1131 te
379 1087 536 1130 doceat
566 1085 823 1144 patientiam
844 1101 983 1130 suam.
1014 1088 1113 1132 Non
1135 1095 1185 1130 tu
1216 1088 1357 1130 Deum
1385 1085 1493 1130 velis
1519 1100 1629 1129 con-

234 1165 400 1200 vertere
424 1156 479 1200 ad
512 1155 647 1200 furias
669 1165 763 1201 tuas
787 1175 796 1200 :
831 1165 952 1215 regat
973 1165 1018 1200 te
1039 1157 1115 1217 qui
1143 1154 1246 1200 fecit
1265 1165 1308 1200 te
1334 1175 1343 1200 :
1368 1170 1470 1200 nam
1490 1156 1526 1200 si
1545 1171 1628 1201 vo-

232 1226 364 1270 lueris
379 1227 472 1286 regi
491 1242 515 1271 a
536 1235 581 1270 te
595 1261 606 1281 ‚
637 1227 781 1271 statim
797 1227 924 1271 cades
941 1241 1018 1286 per
1034 1235 1093 1271 te.
1118 1226 1287 1270 Tandiu
1307 1225 1474 1285 primus
1491 1226 1625 1270 homo

232 1295 306 1340 ille
327 1297 445 1341 stetit
458 1331 469 1352 ,
495 1295 690 1357 quandiu
708 1300 799 1341 'Deo
815 1296 1000 1341 adhaesit
1020 1315 1030 1342 2
1051 1296 1241 1351 dimisit,
1266 1304 1310 1339 et
1327 1295 1527 1340 dimissus
1541 1303 1619 1338 est.

231 1367 383 1411 Voluit
403 1368 588 1427 probare
604 1367 716 1411 vires
731 1383 828 1412 suas
844 1402 855 1422 ‚
881 1371 925 1412 et
940 1368 1107 1412 invenit
1130 1367 1320 1410 miserias
1335 1374 1379 1410 et
1395 1374 1562 1409 nostras
1579 1373 1624 1409 et

231 1453 341 1482 suas.
368 1441 509 1490 Quam
540 1438 707 1482 bonum
728 1437 791 1480 illi
821 1446 957 1490 esset,
983 1436 1019 1479 si
1040 1435 1126 1479 hoc
1159 1434 1320 1480 faceret
1356 1436 1477 1496 quod
1500 1435 1622 1480 Psal-

230 1522 327 1550 mus
349 1506 556 1552 admonet
583 1527 592 1548 z
622 1527 641 1546 «
665 1510 798 1548 Facta
820 1505 867 1548 in
888 1505 1076 1549 Domino
1098 1520 1249 1549 curam
1270 1514 1391 1549 tuam
1411 1540 1424 1559 ‚
1458 1515 1502 1550 et
1529 1506 1621 1564 ipse

232 1595 252 1617 »
278 1585 322 1620 te
343 1575 531 1619 enutriet
549 1577 581 1617 1.
607 1592 628 1614 »
674 1575 717 1619 Si
750 1583 856 1619 tunc
892 1573 967 1618 ille
990 1575 1123 1620 homo
1152 1574 1296 1620 noluit
1318 1590 1408 1619 esse
1429 1583 1584 1620 cautus
1603 1609 1616 1630 ‚

228 1661 346 1691 nunc
368 1646 502 1689 homo
522 1653 672 1688 caveat
689 1643 759 1688 vel
783 1653 998 1703 expertus.

285 1719 365 1761 III.
392 1715 691 1760 Confiteamur
707 1749 717 1769 ‚
750 1714 1042 1773 intelligamus
1063 1714 1226 1759 habere
1247 1729 1326 1759 nos
1347 1718 1511 1773 Regem
1534 1715 1617 1758 im·

227 1786 456 1831 mortalem
479 1795 522 1829 et
542 1785 805 1829 invisibilem
831 1805 840 1830 z
868 1804 887 1827 «
912 1788 1053 1839 Quem
1075 1799 1204 1828 nemo
1226 1784 1455 1828 hominum
1472 1785 1582 1829 vidit
1601 1820 1613 1840 ,

228 1876 249 1899 »
285 1873 364 1902 nec
405 1856 552 1902 videre
580 1857 647 1901 his
676 1856 812 1901 oculis
851 1864 989 1913 potest
1006 1859 1039 1898 ².
1069 1874 1088 1895 »
1129 1854 1328 1914 Apostoli
1360 1856 1455 1900 haec
1478 1856 1614 1900 verba

225 1936 341 1972 sunt.
383 1926 425 1972 Si
461 1942 590 1971 nemo
630 1927 861 1970 hominum
893 1924 1002 1968 vidit
1021 1958 1032 1979 ‚
1072 1924 1297 1984 quomodo
1336 1924 1512 1970 locutus
1549 1934 1614 1970 est

226 2013 325 2042 cum
342 2000 493 2055 Moyse
511 2012 557 2041 os
574 1996 629 2040 ad
647 2012 709 2051 os,
727 1997 837 2040 sicut
854 1995 950 2055 quis
966 1994 1163 2055 loquitur
1180 1994 1234 2039 ad
1255 1995 1443 2040 amicum
1457 1997 1613 2040 suum?

225 2069 358 2113 Irruit
378 2068 561 2128 quaestio
578 2082 667 2111 non
682 2082 828 2126 parva.
849 2066 922 2110 Ait
943 2066 1058 2109 enim
1080 2065 1289 2109 Dominus
1311 2085 1319 2110 z
1345 2084 1366 2108 «
1384 2069 1482 2111 Non
1499 2081 1612 2126 quo·

228 2157 248 2180 »
273 2139 405 2183 modo
440 2154 540 2182 cum
569 2136 659 2182 aliis
687 2152 764 2196 per
794 2137 1023 2196 aenigmata
1040 2171 1051 2191 ‚
1087 2136 1145 2180 ita
1166 2136 1322 2196 loquar
1348 2135 1404 2181 ad
1427 2139 1610 2194 Moysen

227 2228 246 2251 »
272 2208 486 2253 famulum
509 2223 678 2263 meum,
703 2206 777 2252 sed
805 2222 852 2252 os
886 2205 940 2250 ad
971 2222 1017 2251 os
1052 2206 1208 2267 loquar
1228 2207 1292 2250 illi
1317 2207 1349 2250 ³.
1379 2225 1399 2248 »
1424 2209 1481 2251 Et
1502 2208 1609 2252 sub-

220 2281 364 2339 junxit
389 2281 608 2339 Scriptura
630 2295 729 2340 quae
755 2293 886 2337 supra
907 2278 1092 2323 diximus
1118 2296 1128 2323 :
1165 2296 1184 2319 «
1210 2277 1426 2330 Quoniam
1448 2278 1606 2338 loque-

228 2368 248 2391 »
276 2351 404 2394 batur
425 2354 596 2409 Moyses
613 2365 713 2395 cum
734 2353 823 2394 Deo
845 2364 891 2392 os
913 2349 963 2393 sd
985 2364 1032 2393 os
1047 2383 1059 2404 ,
1086 2349 1198 2393 sicut
1215 2348 1312 2407 quis
1334 2347 1530 2408 loquitur
1549 2348 1604 2394 ad

229 2439 249 2462 »
275 2421 460 2465 amicum
482 2436 624 2466 suum.
650 2440 670 2463 »
699 2421 740 2466 Si
764 2435 810 2465 os
831 2419 888 2463 ad
904 2434 949 2464 os
970 2419 1231 2479 loquebatur
1248 2434 1350 2464 cum
1371 2434 1422 2465 eo
1439 2454 1451 2476 ‚
1471 2428 1516 2465 et
1535 2420 1602 2465 vi-

270 2505 283 2525 ¹
302 2505 380 2539 Psal.
397 2516 459 2547 ιιν,
480 2505 533 2537 23.
554 2521 595 2529 -
611 2512 624 2529 ²
648 2516 660 2537 1
679 2505 758 2538 Tim.
786 2515 831 2546 vi,
854 2504 906 2537 16.
920 2520 960 2528 —
976 2502 991 2529 3
1011 2505 1102 2538 Num.
1126 2513 1183 2546 xn,
1202 2506 1234 2537 8.
