1729 3143
603 252 656 279 DE
691 251 942 279 HAEREsnms.
1379 235 1465 277 249

82 319 239 362 sentiat
258 337 266 363 :
287 319 363 363 sed
381 319 539 377 potuit,
560 327 610 361 ut
626 317 727 371 dixi,
747 324 975 374 propterea
992 313 1136 374 putari
1152 327 1309 373 corpus
1327 315 1465 358 Deum

82 387 242 442 dicere,
262 388 363 447 quia
380 403 470 432 non
487 396 549 431 est
572 385 696 440 nihil,
718 400 807 429 non
823 394 887 429 est
902 385 1104 439 inanitas,
1124 398 1213 428 non
1234 392 1298 428 est
1314 398 1469 442 corpo-

80 458 136 501 ris
159 458 228 502 vel
250 459 404 501 animae
423 457 621 517 qualitas,
647 456 723 500 sed
744 455 911 514 ubique
939 464 1077 509 totus,
1103 463 1146 499 et
1168 469 1246 514 per
1271 454 1469 499 locorum

80 530 215 586 spatia
233 527 354 572 nulla
376 528 574 588 partituS,
599 527 645 569 in
666 540 742 569 sua
762 533 909 568 tamen
935 533 1090 568 natura
1112 534 1243 584 atque
1263 524 1467 568 substan—

79 597 138 640 tia
154 597 482 641 immutabiliter
494 603 734 656 permanet.
750 597 847 639 Non
861 608 962 651 ergo
979 593 1079 637 ideo
1097 602 1160 637 est
1178 593 1471 638 Tertullianus

80 665 219 711 factus
235 668 487 724 haereticus3
512 667 586 711 sed
604 667 706 727 quia
724 666 931 709 transiens
950 663 1003 707 ad
1021 664 1336 722 Cataphrygas,
1361 679 1471 724 quos

80 746 180 781 ante
203 738 498 792 destruxerat,
533 738 668 797 coepit
703 737 832 781 etiam
868 734 1080 780 secundas
1112 735 1288 794 nuptias
1320 744 1471 779 contra

78 808 358 866 apostolicam
375 808 616 853 doctrinam
633 818 842 868 tanquam
860 817 1009 866 stupra
1027 805 1236 850 damnare
1248 809 1280 861 ¹,
1298 815 1341 850 et
1357 815 1473 865 post-

76 878 256 921 modum
281 879 411 923 etiam
434 879 489 923 ab
512 880 611 938 ipsis
634 879 809 934 divisus,
832 895 907 923 sua
929 876 1235 922 conventicula
1252 891 1472 935 propaga-

78 947 153 990 vit.
181 947 292 991 Dicit
314 964 416 992 sane
438 949 566 992 etiam
591 950 682 1006 ipse
704 949 867 992 animas
889 948 1121 992 hominum
1143 946 1348 1006 pessimas
1374 953 1473 1004 post

75 1025 260 1060 mortem
278 1018 322 1060 in
339 1016 559 1062 daemones
571 1019 696 1062 verti.

135 1088 397 1129 LXXXVII.
435 1091 512 1131 Est
541 1088 744 1147 quaedam
777 1089 952 1131 haeresis
990 1087 1209 1131 rusticana
1242 1088 1288 1130 in
1317 1099 1473 1144 campo

75 1166 239 1209 nostro,
263 1155 307 1198 id
331 1166 409 1210 est,
437 1158 722 1215 Hipponensi,
748 1157 816 1198 vel
838 1155 982 1212 potius
1001 1152 1109 1196 fuit:
1130 1155 1340 1211 paulatim
1357 1154 1473 1197 enim

75 1224 305 1278 diminuta,
332 1226 377 1268 in
400 1242 484 1268 una
510 1227 663 1283 exigua
687 1224 788 1268 villa
811 1231 1092 1275 remanserat,
1125 1222 1170 1264 in
1188 1239 1275 1280 qua
1292 1223 1473 1281 quidem

74 1293 338 1351 paucissimi,
365 1295 441 1336 sed
463 1309 612 1336 omnes
633 1296 719 1336 hoc
738 1293 934 1345 fuerunt,
955 1291 1030 1350 qui
1054 1305 1203 1334 omnes
1222 1291 1355 1335 modo
1373 1306 1473 1335 cor-

76 1363 179 1405 recti
204 1371 247 1404 et
269 1362 482 1406 Catholici
515 1361 618 1406 faeti
647 1371 770 1415 sunt,
806 1377 887 1405 nec
916 1361 1071 1420 aliquis
1092 1359 1209 1403 illius
1230 1360 1473 1418 supersedit

75 1431 244 1474 erroris.
270 1430 472 1474 Abelonii
490 1432 776 1486 vocabantur,
794 1431 953 1489 punica
968 1429 1254 1473 declinatione
1264 1430 1469 1474 nominis.

77 1503 165 1543 Hos
180 1500 381 1543 nonnulli
402 1501 555 1543 dicunt
571 1516 621 1543 ex
638 1500 728 1543 filio
749 1500 853 1543 Adae
879 1499 1007 1543 fuisse
1029 1499 1291 1554 nominatos,
1310 1500 1386 1558 qui
1408 1509 1472 1544 est

75 1581 254 1614 vocatus
279 1571 388 1614 Abel
408 1591 415 1614 z
442 1571 560 1614 unde
584 1571 818 1614 Abellanos
839 1570 906 1614 vel
921 1570 1146 1614 Abelo‘i'tas
1167 1585 1238 1615 eos
1261 1585 1340 1615 nos
1366 1586 1470 1630 pos-

76 1656 224 1683 sumus
239 1640 396 1684 dicere.
419 1643 514 1684 Non
534 1641 827 1684 miscebantur
841 1641 1063 1695 uxoribus,
1081 1649 1124 1683 et
1140 1641 1200 1684 eis
1217 1650 1364 1684 tamen
1377 1640 1470 1685 sine

75 1709 282 1753 uxoribus
316 1710 461 1752 vivere
489 1719 615 1753 sectae
647 1711 780 1768 ipsius
814 1710 1019 1768 dogmate
1054 1725 1142 1754 non
1174 1710 1347 1754 licebat.
1376 1713 1469 1755 Mas

75 1795 177 1837 ergo
200 1788 242 1822 et
263 1780 445 1823 foemina
470 1780 549 1823 sub
581 1781 864 1823 continentiae
897 1780 1162 1839 professione
1191 1780 1322 1823 simul
1343 1781 1470 1825 habi-

76 1858 214 1892 tantes
257 1864 443 1907 puerum
481 1859 524 1892 et
558 1849 746 1907 puellam
784 1850 862 1893 sibi
899 1850 1167 1908 adoptabant
1198 1851 1243 1893 in
1275 1849 1466 1909 ejusdem

74 1918 396 1978 conjunctionis
419 1928 547 1977 pacto
570 1934 834 1963 successores
858 1935 955 1963 suos
977 1919 1164 1964 futuros.
1189 1923 1331 1965 Morte
1352 1936 1468 1980 prae-

74 1989 216 2031 ventis
247 1989 497 2047 quibusque
532 1989 711 2046 singulis
741 1989 812 2032 alii
843 1991 1165 2047 subrogantur:
1192 1989 1299 2033 dum
1321 1999 1468 2034 tamen

76 2058 165 2101 duo
185 2057 358 2101 duobus
381 2057 560 2115 disparis
578 2074 700 2103 sexus
722 2059 766 2102 in
790 2059 904 2103 illius
923 2062 1079 2104 domus
1101 2060 1304 2104 societate
1318 2075 1468 2104 succe-

75 2127 244 2170 derent.
278 2126 494 2170 Utrolibet
526 2128 688 2187 quippe
719 2139 897 2186 parente
931 2130 1158 2185 defuncto,
1191 2146 1282 2175 uno
1323 2145 1467 2175 rema-

75 2197 214 2250 nenti,
239 2211 378 2255 usque
402 2196 456 2239 ad
479 2197 569 2255 ejus
586 2212 763 2256 quoque
784 2198 954 2242 obitum
977 2200 1054 2243 filii
1072 2201 1332 2245 serviebant.
1366 2204 1468 2246 Post

77 2266 200 2324 cujus
242 2274 425 2308 mortem
469 2265 599 2308 etiam
634 2266 714 2324 ipsi
746 2282 932 2325 puerum
969 2278 1013 2312 et
1042 2269 1234 2328 puellam
1272 2271 1469 2316 similiter

79 2335 361 2393 adoptabant.
386 2338 475 2379 Nec
498 2352 691 2395 unquam
715 2337 772 2380 eis
794 2337 935 2381 defuit
956 2339 1075 2382 unde
1098 2340 1371 2399 adoptarent,
1397 2358 1468 2401 ge·

79 2405 333 2448 nerantibus
359 2406 699 2466 circumquaque
721 2407 891 2462 vicinis,
918 2417 961 2452 et
981 2407 1091 2453 filios
1113 2425 1211 2454 suos
1230 2412 1381 2470 inopes
1408 2412 1463 2457 ad

79 2490 198 2534 spem
217 2474 479 2519 haereditatis
497 2476 646 2520 alienae
662 2476 847 2521 libenter
865 2477 1084 2523 dantibus.

128 2565 138 2581 ¹
161 2559 240 2590 Tim.
261 2570 304 2597 iv,
325 2560 355 2591 3.
