1729 3143
211 215 294 254 246
641 225 672 253 s.
713 225 942 253 Aue-Usum
976 227 1157 256 EPISCOPI

203 295 326 337 istam
342 294 507 337 faciunt
527 291 775 334 Trinitatem
795 310 805 335 ε
824 290 945 335 velut
962 307 1012 335 ex
1026 293 1091 336 his
1104 293 1244 338 tribus
1258 296 1452 353 partibus
1470 312 1591 342 com-

204 363 373 422 pleatur
394 365 523 413 Deus,
555 375 634 403 nco
656 360 709 403 sit
727 359 943 418 perfectus
966 362 1011 405 in
1040 377 1084 406 se
1110 363 1220 421 ipso,
1253 363 1325 408 vel
1355 367 1496 421 Pater,
1518 366 1590 412 vel

207 434 357 486 Filius,
376 431 445 475 vel
465 431 648 489 Spiritus
664 440 852 476 sanctus.

259 503 436 545 LXXV.
470 499 566 544 Alia
587 510 666 556 est,
691 516 791 560 quae
813 501 918 546 dicit
940 518 1099 562 aquam
1120 518 1212 548 non
1228 520 1251 548 a
1270 507 1362 549 Deo
1383 515 1592 561 creatam,

200 572 275 616 sed
290 572 328 613 ei
345 585 515 630 semper
529 569 661 615 fuisse
676 581 954 616 coaeternam.

230 641 234 650 '
256 641 456 684 LXXVI.
492 639 588 685 Alia
607 641 715 686 dicit
741 657 899 701 corpus
917 643 1105 687 hominis
1120 677 1132 699 ‚
1162 659 1252 688 non
1279 645 1485 700 animam,
1505 659 1596 690 esse

195 710 429 769 imaginem
446 711 538 755 Dei.

259 783 485 826 LXXVII.
522 781 619 827 Alia
640 781 744 825 dicit
767 796 858 826 esse
886 783 1228 827 innumerabiles
1251 783 1463 839 mundos,
1483 785 1595 829 sicut

198 852 362 912 opinati
379 861 482 896 sunt
498 851 677 912 quidam
694 851 943 911 philosophi
961 854 1175 911 gentium.

256 924 502 966 LXXVIII.
525 922 620 966 Alia
637 922 946 967 sceleratorum
965 924 1128 966 animas
1149 924 1344 967 converti
1364 923 1411 966 in
1428 923 1596 968 daemo-

196 1007 273 1037 nes
289 993 420 1048 dicit,·
438 1002 482 1037 et
502 993 548 1036 in
570 1007 759 1052 quaeque
780 987 983 1037 animalia
1005 993 1092 1037 suis
1109 993 1272 1037 meritis
1295 1007 1504 1051 congrua.

252 1065 455 1107 LXXIX.
492 1063 605 1118 Alia,
625 1063 917 1108 descendente
930 1064 986 1108 ad
998 1063 1160 1108 inferos
1172 1064 1345 1108 Christo
1359 1063 1596 1108 credidisse

193 1133 457 1187 incredulos,
478 1142 523 1174 et
540 1145 690 1174 omnes
707 1133 863 1174 exinde
879 1134 1091 1178 existimat
1107 1133 1327 1179 liberatos.

252 1204 434 1245 LXXX.
470 1200 583 1254 Alia,
604 1200 865 1257 sempiterne
879 1211 1034 1246 natum
1049 1220 1139 1248 non
1152 1205 1402 1263 intelligens
1415 1201 1594 1258 Filium,

197 1279 324 1331 putat
353 1269 473 1313 illam
502 1268 774 1313 nativitatem
806 1271 1039 1328 sumpsisse
1059 1289 1082 1317 a
1100 1283 1296 1329 tempore
1324 1273 1497 1314 initium
1519 1291 1528 1316 ι
1553 1280 1598 1316 et

196 1351 345 1386 tamen
359 1339 509 1384 volens
522 1348 787 1383 coaeternum
802 1340 918 1383 Patri
932 1340 1091 1383 Filium
1108 1341 1324 1395 confiteri,
1341 1340 1460 1400 apud
1472 1341 1597 1386 illum

199 1410 331 1454 fuisse
374 1417 610 1467 antequam
638 1408 693 1452 de
720 1408 796 1453 illo
826 1418 1076 1452 nasceretur
1109 1411 1322 1455 existimat
1340 1432 1351 1467 3
1392 1412 1475 1455 hoc
1513 1420 1593 1467 est,

199 1494 368 1538 semper
391 1493 491 1521 eum
514 1477 661 1534 fuisse,
687 1487 990 1523 verumtamen
1011 1494 1180 1538 semper
1202 1495 1303 1524 eum
1326 1480 1488 1524 Filium
1505 1496 1597 1525 non

201 1550 350 1605 fuisse,
386 1549 462 1593 sed
484 1564 536 1592 ex
560 1565 650 1609 quo
680 1550 735 1593 de
764 1548 840 1594 illo
862 1558 990 1594 natus
1011 1559 1076 1594 est
1097 1551 1258 1595 Filium
1282 1565 1372 1595 esse
1395 1551 1593 1609 coepisse.

201 1623 288 1666 Has
302 1621 486 1664 haereses
508 1620 657 1679 putavi
680 1620 725 1663 in
747 1620 830 1664 hoc
844 1621 965 1679 Opus
987 1635 1134 1663 meum
1156 1621 1211 1664 de
1234 1620 1438 1665 Philastri
1454 1623 1598 1680 Opere

201 1689 537 1736 transferendas.
555 1693 610 1733 Et
624 1690 726 1734 alias
742 1689 922 1749 quidem
938 1694 1030 1747 ipse
1050 1700 1380 1746 commemorat,
1397 1690 1472 1735 sed
1489 1691 1598 1735 mihi

205 1759 477 1821 appellandae
510 1761 694 1805 haereses
723 1776 814 1805 non
846 1760 1065 1805 videntur.
1106 1763 1417 1821 Quascumque
1451 1771 1598 1806 autem

204 1833 296 1876 sine
331 1831 583 1876 nominibus
617 1831 758 1890 posui,
794 1846 874 1875 nec
906 1832 998 1889 ipse
1028 1846 1179 1876 earum
1211 1833 1389 1876 nomina
1431 1846 1598 1876 memo-

205 1902 331 1946 ravit.

264 1972 468 2022 LXXXI.
505 1969 802 2014 Luciferianos
830 1985 854 2013 a
882 1969 1085 2014 Lucifero
1118 1969 1366 2015 Caralitano
1394 1970 1598 2029 episcopo

206 2052 390 2098 exortos,
430 2051 474 2086 et
508 2041 736 2086 celebriter
767 2041 1031 2096 nominatos,
1071 2056 1152 2084 nec
1188 2040 1477 2099 Epiphanius,
1517 2055 1599 2085 nec

206 2114 419 2159 Philaster
465 2112 578 2157 inter
627 2112 852 2156 haereticos
893 2112 1066 2170 posuit:
1115 2110 1246 2155 credo
1290 2110 1598 2156 tantummodo
1648 2145 1656 2153 .
1716 2102 1719 2115 '

209 2184 407 2238 schisma,
442 2198 532 2226 non
559 2182 759 2225 haeresim
786 2197 858 2225 eos
886 2180 1154 2238 condidisse,
1186 2180 1429 2225 credentes.
1465 2180 1598 2239 Apud

209 2254 445 2315 quemdam
467 2261 630 2307 tamen,
655 2253 779 2311 cujus
801 2266 961 2296 nomen
994 2251 1040 2294 in
1072 2250 1225 2295 eodem
1256 2250 1346 2309 ejus
1374 2250 1597 2308 Opusculo

210 2342 299 2370 non
316 2325 479 2379 inveni,
507 2324 552 2368 in
568 2324 780 2368 haereticis
802 2322 1100 2368 Luciferianos
1122 2320 1284 2381 positos
1305 2320 1389 2378 legi
1406 2335 1484 2380 per
1502 2321 1598 2365 haec

205 2395 365 2440 verba:
387 2414 408 2436 «
424 2394 702 2449 Luciferiani,
727 2394 886 2453 inquit,
907 2407 1008 2437 cum
1029 2399 1204 2436 teneant
1225 2391 1271 2434 in
1293 2390 1498 2435 omnibus
1518 2405 1596 2435 ca·-

211 2464 476 2523 »mtholicam
492 2464 734 2518 veritatem,
760 2463 807 2507 in
828 2463 945 2507 hunc
963 2475 1152 2506 errorem
1171 2459 1474 2504 stultissimum
1491 2475 1595 2519 pro-

214 2553 233 2576 »
268 2533 493 2588 labuntur,
524 2542 574 2577 ut
600 2531 958 2591 animamssssdicant
979 2527 1346 2589 exffitransfusione
1373 2530 1595 2588 generari3
