<?xml version="1.0" encoding="UTF-8"?>
<!DOCTYPE html PUBLIC "-//W3C//DTD XHTML 1.0 Transitional//EN"
    "http://www.w3.org/TR/xhtml1/DTD/xhtml1-transitional.dtd">
<html xmlns="http://www.w3.org/1999/xhtml" xml:lang="en" lang="en">
 <head>
  <title>
</title>
<meta http-equiv="Content-Type" content="text/html;charset=utf-8" />
  <meta name='ocr-system' content='tesseract 3.04.00' />
  <meta name='ocr-capabilities' content='ocr_page ocr_carea ocr_par ocr_line ocrx_word'/>
</head>
<body>
  <div class='ocr_page' id='page_1' title='image "./operaomniaaccura27auguuoft/operaomniaaccura27auguuoft_0389.png"; bbox 0 0 1729 3143; ppageno 0'>
   <div class='ocr_carea' id='block_1_1' title="bbox 412 208 1458 271">
    <p class='ocr_par' dir='ltr' id='par_1_1' title="bbox 412 208 1458 271">
     <span class='ocr_line' id='line_1_1' title="bbox 412 208 1458 271; baseline -0.015 -7"><span class='ocrx_word' id='word_1_1' title='bbox 412 238 464 263; x_wconf 78' lang='lat' dir='ltr'>m:</span> <span class='ocrx_word' id='word_1_2' title='bbox 497 237 646 264; x_wconf 71' lang='lat' dir='ltr'>Lmizno</span> <span class='ocrx_word' id='word_1_3' title='bbox 679 234 897 271; x_wconf 59' lang='lat' dir='ltr'>Aristrato,</span> <span class='ocrx_word' id='word_1_4' title='bbox 934 233 1013 258; x_wconf 76' lang='lat' dir='ltr'>Lm.</span> <span class='ocrx_word' id='word_1_5' title='bbox 1051 230 1116 257; x_wconf 88' lang='lat'>111.</span> <span class='ocrx_word' id='word_1_6' title='bbox 1376 208 1458 250; x_wconf 82' lang='lat'>377</span> 
     </span>
    </p>
   </div>
   <div class='ocr_carea' id='block_1_2' title="bbox 82 287 1478 2608">
    <p class='ocr_par' dir='ltr' id='par_1_2' title="bbox 82 287 1471 1136">
     <span class='ocr_line' id='line_1_2' title="bbox 83 287 1462 362; baseline -0.012 -14"><span class='ocrx_word' id='word_1_7' title='bbox 83 303 280 348; x_wconf 88' lang='lat' dir='ltr'>diabolus</span> <span class='ocrx_word' id='word_1_8' title='bbox 299 338 309 358; x_wconf 88' lang='lat'>,</span> <span class='ocrx_word' id='word_1_9' title='bbox 329 301 515 362; x_wconf 85' lang='lat' dir='ltr'>idipsum</span> <span class='ocrx_word' id='word_1_10' title='bbox 532 302 571 345; x_wconf 94' lang='lat' dir='ltr'>ei</span> <span class='ocrx_word' id='word_1_11' title='bbox 586 300 723 346; x_wconf 87' lang='lat' dir='ltr'>valuit</span> <span class='ocrx_word' id='word_1_12' title='bbox 740 298 795 343; x_wconf 90' lang='lat' dir='ltr'>ad</span> <span class='ocrx_word' id='word_1_13' title='bbox 811 295 1095 357; x_wconf 84' lang='lat' dir='ltr'>reparandam</span> <span class='ocrx_word' id='word_1_14' title='bbox 1113 291 1292 338; x_wconf 85' lang='lat' dir='ltr'>salutem</span> <span class='ocrx_word' id='word_1_15' title='bbox 1309 324 1319 344; x_wconf 87' lang='lat'>,</span> <span class='ocrx_word' id='word_1_16' title='bbox 1343 287 1462 349; x_wconf 88' lang='lat' dir='ltr'>quod</span> 
     </span>
     <span class='ocr_line' id='line_1_3' title="bbox 83 365 1461 434; baseline -0.011 -15"><span class='ocrx_word' id='word_1_17' title='bbox 83 375 268 434; x_wconf 75' lang='lat' dir='ltr'>principi</span> <span class='ocrx_word' id='word_1_18' title='bbox 290 374 420 434; x_wconf 83' lang='lat' dir='ltr'>hujus</span> <span class='ocrx_word' id='word_1_19' title='bbox 442 371 596 417; x_wconf 89' lang='lat' dir='ltr'>mundi</span> <span class='ocrx_word' id='word_1_20' title='bbox 611 407 623 427; x_wconf 91' lang='lat'>‚</span> <span class='ocrx_word' id='word_1_21' title='bbox 653 371 783 430; x_wconf 88' lang='lat' dir='ltr'>patris</span> <span class='ocrx_word' id='word_1_22' title='bbox 800 384 946 413; x_wconf 87' lang='lat' dir='ltr'>rerum</span> <span class='ocrx_word' id='word_1_23' title='bbox 968 366 1130 412; x_wconf 86' lang='lat' dir='ltr'>scilicet</span> <span class='ocrx_word' id='word_1_24' title='bbox 1146 365 1278 424; x_wconf 81' lang='lat' dir='ltr'>hujus</span> <span class='ocrx_word' id='word_1_25' title='bbox 1296 370 1461 406; x_wconf 85' lang='lat' dir='ltr'>morta-</span> 
     </span>
     <span class='ocr_line' id='line_1_4' title="bbox 82 438 1460 504; baseline -0.009 -16"><span class='ocrx_word' id='word_1_26' title='bbox 82 445 133 489; x_wconf 90' lang='lat' dir='ltr'>lis</span> <span class='ocrx_word' id='word_1_27' title='bbox 150 454 281 504; x_wconf 89' lang='lat' dir='ltr'>atque</span> <span class='ocrx_word' id='word_1_28' title='bbox 298 445 459 488; x_wconf 86' lang='lat' dir='ltr'>infimae</span> <span class='ocrx_word' id='word_1_29' title='bbox 474 479 485 500; x_wconf 86' lang='lat'>‚</span> <span class='ocrx_word' id='word_1_30' title='bbox 510 445 594 488; x_wconf 90' lang='lat' dir='ltr'>hoc</span> <span class='ocrx_word' id='word_1_31' title='bbox 618 450 705 495; x_wconf 87' lang='lat' dir='ltr'>est,</span> <span class='ocrx_word' id='word_1_32' title='bbox 730 439 914 500; x_wconf 85' lang='lat' dir='ltr'>principi</span> <span class='ocrx_word' id='word_1_33' title='bbox 936 438 1132 483; x_wconf 88' lang='lat' dir='ltr'>omnium</span> <span class='ocrx_word' id='word_1_34' title='bbox 1154 442 1432 496; x_wconf 89' lang='lat' dir='ltr'>peccatorum</span> <span class='ocrx_word' id='word_1_35' title='bbox 1449 467 1460 487; x_wconf 88' lang='lat'>,</span> 
     </span>
     <span class='ocr_line' id='line_1_5' title="bbox 84 502 1466 575; baseline -0.009 -16"><span class='ocrx_word' id='word_1_36' title='bbox 84 524 127 560; x_wconf 89' lang='lat' dir='ltr'>et</span> <span class='ocrx_word' id='word_1_37' title='bbox 147 515 383 575; x_wconf 85' lang='lat' dir='ltr'>praeposito</span> <span class='ocrx_word' id='word_1_38' title='bbox 403 513 553 559; x_wconf 90' lang='lat' dir='ltr'>mortis</span> <span class='ocrx_word' id='word_1_39' title='bbox 571 548 582 568; x_wconf 84' lang='lat'>,</span> <span class='ocrx_word' id='word_1_40' title='bbox 607 525 744 571; x_wconf 91' lang='lat' dir='ltr'>usque</span> <span class='ocrx_word' id='word_1_41' title='bbox 762 509 817 554; x_wconf 90' lang='lat' dir='ltr'>ad</span> <span class='ocrx_word' id='word_1_42' title='bbox 834 507 1140 553; x_wconf 79' lang='lat' dir='ltr'>mortalitatem</span> <span class='ocrx_word' id='word_1_43' title='bbox 1160 505 1298 551; x_wconf 89' lang='lat' dir='ltr'>carnis</span> <span class='ocrx_word' id='word_1_44' title='bbox 1317 502 1466 549; x_wconf 88' lang='lat' dir='ltr'>addic-</span> 
     </span>
     <span class='ocr_line' id='line_1_6' title="bbox 82 574 1466 630; baseline -0.008 -1"><span class='ocrx_word' id='word_1_45' title='bbox 82 594 152 628; x_wconf 92' lang='lat' dir='ltr'>tus</span> <span class='ocrx_word' id='word_1_46' title='bbox 170 593 248 628; x_wconf 89' lang='lat' dir='ltr'>est.</span> <span class='ocrx_word' id='word_1_47' title='bbox 276 588 341 628; x_wconf 90' lang='lat' dir='ltr'>Ita</span> <span class='ocrx_word' id='word_1_48' title='bbox 359 584 473 628; x_wconf 83' lang='lat' dir='ltr'>enim</span> <span class='ocrx_word' id='word_1_49' title='bbox 497 580 758 627; x_wconf 86' lang='lat' dir='ltr'>conscientia</span> <span class='ocrx_word' id='word_1_50' title='bbox 775 577 1050 623; x_wconf 83' lang='lat' dir='ltr'>mortalitatis</span> <span class='ocrx_word' id='word_1_51' title='bbox 1069 575 1246 621; x_wconf 90' lang='lat' dir='ltr'>timidus</span> <span class='ocrx_word' id='word_1_52' title='bbox 1262 611 1274 630; x_wconf 88' lang='lat'>,</span> <span class='ocrx_word' id='word_1_53' title='bbox 1299 584 1342 620; x_wconf 90' lang='lat' dir='ltr'>et</span> <span class='ocrx_word' id='word_1_54' title='bbox 1359 590 1382 619; x_wconf 92' lang='lat' dir='ltr'>a</span> <span class='ocrx_word' id='word_1_55' title='bbox 1402 574 1466 618; x_wconf 86' lang='lat' dir='ltr'>vi-</span> 
     </span>
     <span class='ocr_line' id='line_1_7' title="bbox 82 647 1467 714; baseline -0.007 -15"><span class='ocrx_word' id='word_1_56' title='bbox 82 654 249 699; x_wconf 89' lang='lat' dir='ltr'>lissimis</span> <span class='ocrx_word' id='word_1_57' title='bbox 273 663 316 698; x_wconf 91' lang='lat' dir='ltr'>et</span> <span class='ocrx_word' id='word_1_58' title='bbox 338 653 628 714; x_wconf 82' lang='lat' dir='ltr'>abjectissimis</span> <span class='ocrx_word' id='word_1_59' title='bbox 651 651 798 696; x_wconf 87' lang='lat' dir='ltr'>bestiis</span> <span class='ocrx_word' id='word_1_60' title='bbox 815 650 886 695; x_wconf 91' lang='lat' dir='ltr'>vel</span> <span class='ocrx_word' id='word_1_61' title='bbox 907 650 1037 694; x_wconf 90' lang='lat' dir='ltr'>etiam</span> <span class='ocrx_word' id='word_1_62' title='bbox 1058 647 1354 693; x_wconf 85' lang='lat' dir='ltr'>minutissimis</span> <span class='ocrx_word' id='word_1_63' title='bbox 1371 660 1467 690; x_wconf 92' lang='lat' dir='ltr'>mo-</span> 
     </span>
     <span class='ocr_line' id='line_1_8' title="bbox 83 718 1469 786; baseline -0.006 -16"><span class='ocrx_word' id='word_1_64' title='bbox 83 726 224 771; x_wconf 89' lang='lat' dir='ltr'>lestias</span> <span class='ocrx_word' id='word_1_65' title='bbox 245 735 377 786; x_wconf 90' lang='lat' dir='ltr'>atque</span> <span class='ocrx_word' id='word_1_66' title='bbox 400 726 627 770; x_wconf 90' lang='lat' dir='ltr'>interitum</span> <span class='ocrx_word' id='word_1_67' title='bbox 650 721 935 768; x_wconf 83' lang='lat' dir='ltr'>reformidans</span> <span class='ocrx_word' id='word_1_68' title='bbox 950 757 961 777; x_wconf 88' lang='lat'>,</span> <span class='ocrx_word' id='word_1_69' title='bbox 990 722 1266 780; x_wconf 87' lang='lat' dir='ltr'>incertusque</span> <span class='ocrx_word' id='word_1_70' title='bbox 1293 718 1469 763; x_wconf 87' lang='lat' dir='ltr'>futuro-</span> 
     </span>
     <span class='ocr_line' id='line_1_9' title="bbox 84 789 1464 852; baseline -0.006 -12"><span class='ocrx_word' id='word_1_71' title='bbox 84 812 181 841; x_wconf 87' lang='lat' dir='ltr'>rum</span> <span class='ocrx_word' id='word_1_72' title='bbox 199 831 210 852; x_wconf 87' lang='lat'>,</span> <span class='ocrx_word' id='word_1_73' title='bbox 238 804 281 840; x_wconf 94' lang='lat' dir='ltr'>et</span> <span class='ocrx_word' id='word_1_74' title='bbox 297 795 469 841; x_wconf 88' lang='lat' dir='ltr'>illicitas</span> <span class='ocrx_word' id='word_1_75' title='bbox 488 795 690 840; x_wconf 88' lang='lat' dir='ltr'>cohibere</span> <span class='ocrx_word' id='word_1_76' title='bbox 713 793 883 838; x_wconf 86' lang='lat' dir='ltr'>laetitias</span> <span class='ocrx_word' id='word_1_77' title='bbox 901 828 912 848; x_wconf 91' lang='lat'>,</span> <span class='ocrx_word' id='word_1_78' title='bbox 938 801 981 837; x_wconf 86' lang='lat' dir='ltr'>et</span> <span class='ocrx_word' id='word_1_79' title='bbox 999 791 1184 837; x_wconf 82' lang='lat' dir='ltr'>maxime</span> <span class='ocrx_word' id='word_1_80' title='bbox 1199 789 1464 850; x_wconf 81' lang='lat' dir='ltr'>superbiam,</span> 
     </span>
     <span class='ocr_line' id='line_1_10' title="bbox 83 860 1466 927; baseline -0.006 -16"><span class='ocrx_word' id='word_1_81' title='bbox 83 868 206 927; x_wconf 86' lang='lat' dir='ltr'>cujus</span> <span class='ocrx_word' id='word_1_82' title='bbox 227 868 503 927; x_wconf 88' lang='lat' dir='ltr'>persuasione</span> <span class='ocrx_word' id='word_1_83' title='bbox 527 866 718 926; x_wconf 88' lang='lat' dir='ltr'>dejectus</span> <span class='ocrx_word' id='word_1_84' title='bbox 736 873 825 920; x_wconf 86' lang='lat' dir='ltr'>est,</span> <span class='ocrx_word' id='word_1_85' title='bbox 851 873 894 909; x_wconf 87' lang='lat' dir='ltr'>et</span> <span class='ocrx_word' id='word_1_86' title='bbox 923 879 1011 924; x_wconf 93' lang='lat' dir='ltr'>quo</span> <span class='ocrx_word' id='word_1_87' title='bbox 1043 879 1133 908; x_wconf 92' lang='lat' dir='ltr'>uno</span> <span class='ocrx_word' id='word_1_88' title='bbox 1165 863 1272 906; x_wconf 85' lang='lat' dir='ltr'>vitio</span> <span class='ocrx_word' id='word_1_89' title='bbox 1301 860 1466 904; x_wconf 81' lang='lat' dir='ltr'>miseri·</span> 
     </span>
     <span class='ocr_line' id='line_1_11' title="bbox 84 930 1470 996; baseline -0.006 -14"><span class='ocrx_word' id='word_1_90' title='bbox 84 938 242 982; x_wconf 88' lang='lat' dir='ltr'>cordiae</span> <span class='ocrx_word' id='word_1_91' title='bbox 258 938 471 982; x_wconf 86' lang='lat' dir='ltr'>medicina</span> <span class='ocrx_word' id='word_1_92' title='bbox 489 937 721 996; x_wconf 84' lang='lat' dir='ltr'>respuitur,</span> <span class='ocrx_word' id='word_1_93' title='bbox 744 934 944 993; x_wconf 83' lang='lat' dir='ltr'>frangere</span> <span class='ocrx_word' id='word_1_94' title='bbox 960 934 1196 978; x_wconf 87' lang='lat' dir='ltr'>consuevit.</span> <span class='ocrx_word' id='word_1_95' title='bbox 1220 930 1337 986; x_wconf 87' lang='lat' dir='ltr'>Quid</span> <span class='ocrx_word' id='word_1_96' title='bbox 1354 931 1470 974; x_wconf 90' lang='lat' dir='ltr'>enirn</span> 
     </span>
     <span class='ocr_line' id='line_1_12' title="bbox 86 1001 1471 1066; baseline -0.005 -15"><span class='ocrx_word' id='word_1_97' title='bbox 86 1016 174 1052; x_wconf 89' lang='lat' dir='ltr'>tam</span> <span class='ocrx_word' id='word_1_98' title='bbox 197 1023 305 1066; x_wconf 89' lang='lat' dir='ltr'>opus</span> <span class='ocrx_word' id='word_1_99' title='bbox 331 1007 498 1050; x_wconf 89' lang='lat' dir='ltr'>habens</span> <span class='ocrx_word' id='word_1_100' title='bbox 523 1005 813 1050; x_wconf 86' lang='lat' dir='ltr'>misericordia</span> <span class='ocrx_word' id='word_1_101' title='bbox 833 1019 964 1064; x_wconf 87' lang='lat' dir='ltr'>quam</span> <span class='ocrx_word' id='word_1_102' title='bbox 987 1004 1146 1047; x_wconf 81' lang='lat' dir='ltr'>miser?</span> <span class='ocrx_word' id='word_1_103' title='bbox 1177 1005 1234 1047; x_wconf 90' lang='lat' dir='ltr'>Et</span> <span class='ocrx_word' id='word_1_104' title='bbox 1255 1001 1363 1062; x_wconf 88' lang='lat' dir='ltr'>quid</span> <span class='ocrx_word' id='word_1_105' title='bbox 1383 1010 1471 1045; x_wconf 85' lang='lat' dir='ltr'>tam</span> 
     </span>
     <span class='ocr_line' id='line_1_13' title="bbox 85 1074 1196 1136; baseline -0.004 -16"><span class='ocrx_word' id='word_1_106' title='bbox 85 1077 316 1136; x_wconf 86' lang='lat' dir='ltr'>indignum</span> <span class='ocrx_word' id='word_1_107' title='bbox 341 1075 630 1121; x_wconf 88' lang='lat' dir='ltr'>misericordia</span> <span class='ocrx_word' id='word_1_108' title='bbox 651 1090 782 1136; x_wconf 88' lang='lat' dir='ltr'>quam</span> <span class='ocrx_word' id='word_1_109' title='bbox 805 1074 1017 1134; x_wconf 90' lang='lat' dir='ltr'>superbus</span> <span class='ocrx_word' id='word_1_110' title='bbox 1039 1075 1196 1118; x_wconf 78' lang='lat' dir='ltr'>miser?</span> 
     </span>
    </p>

    <p class='ocr_par' dir='ltr' id='par_1_3' title="bbox 85 1143 1478 2608">
     <span class='ocr_line' id='line_1_14' title="bbox 144 1143 1473 1205; baseline -0.002 -16"><span class='ocrx_word' id='word_1_111' title='bbox 144 1149 285 1190; x_wconf 85' lang='lat' dir='ltr'><strong>XXX.</strong></span> <span class='ocrx_word' id='word_1_112' title='bbox 311 1149 375 1189; x_wconf 81' lang='lat' dir='ltr'>Ex</span> <span class='ocrx_word' id='word_1_113' title='bbox 398 1162 486 1205; x_wconf 92' lang='lat' dir='ltr'>quo</span> <span class='ocrx_word' id='word_1_114' title='bbox 518 1145 685 1189; x_wconf 88' lang='lat' dir='ltr'>factum</span> <span class='ocrx_word' id='word_1_115' title='bbox 717 1154 810 1201; x_wconf 90' lang='lat' dir='ltr'>est,</span> <span class='ocrx_word' id='word_1_116' title='bbox 845 1154 896 1189; x_wconf 90' lang='lat' dir='ltr'>ut</span> <span class='ocrx_word' id='word_1_117' title='bbox 926 1144 1035 1189; x_wconf 90' lang='lat' dir='ltr'>illud</span> <span class='ocrx_word' id='word_1_118' title='bbox 1068 1145 1144 1189; x_wconf 89' lang='lat' dir='ltr'>Dei</span> <span class='ocrx_word' id='word_1_119' title='bbox 1173 1143 1368 1188; x_wconf 83' lang='lat' dir='ltr'>Verbum</span> <span class='ocrx_word' id='word_1_120' title='bbox 1396 1157 1473 1202; x_wconf 90' lang='lat' dir='ltr'>per</span> 
     </span>
     <span class='ocr_line' id='line_1_15' title="bbox 85 1213 1473 1276; baseline -0.002 -15"><span class='ocrx_word' id='word_1_121' title='bbox 85 1215 206 1276; x_wconf 88' lang='lat' dir='ltr'>quod</span> <span class='ocrx_word' id='word_1_122' title='bbox 234 1216 349 1261; x_wconf 87' lang='lat' dir='ltr'>facta</span> <span class='ocrx_word' id='word_1_123' title='bbox 377 1225 480 1259; x_wconf 86' lang='lat' dir='ltr'>sunt</span> <span class='ocrx_word' id='word_1_124' title='bbox 507 1217 676 1269; x_wconf 90' lang='lat' dir='ltr'>omnia,</span> <span class='ocrx_word' id='word_1_125' title='bbox 709 1225 752 1260; x_wconf 91' lang='lat' dir='ltr'>et</span> <span class='ocrx_word' id='word_1_126' title='bbox 784 1231 874 1276; x_wconf 88' lang='lat' dir='ltr'>quo</span> <span class='ocrx_word' id='word_1_127' title='bbox 906 1216 1068 1260; x_wconf 88' lang='lat' dir='ltr'>fruitur</span> <span class='ocrx_word' id='word_1_128' title='bbox 1106 1215 1244 1259; x_wconf 90' lang='lat' dir='ltr'>omnis</span> <span class='ocrx_word' id='word_1_129' title='bbox 1278 1213 1473 1272; x_wconf 85' lang='lat' dir='ltr'>angelica</span> 
     </span>
     <span class='ocr_line' id='line_1_16' title="bbox 88 1284 1474 1346; baseline -0.002 -15"><span class='ocrx_word' id='word_1_130' title='bbox 88 1286 314 1331; x_wconf 87' lang='lat' dir='ltr'>beatitudo</span> <span class='ocrx_word' id='word_1_131' title='bbox 334 1321 345 1341; x_wconf 90' lang='lat'>,</span> <span class='ocrx_word' id='word_1_132' title='bbox 369 1301 507 1346; x_wconf 88' lang='lat' dir='ltr'>usque</span> <span class='ocrx_word' id='word_1_133' title='bbox 529 1284 583 1329; x_wconf 88' lang='lat' dir='ltr'>ad</span> <span class='ocrx_word' id='word_1_134' title='bbox 604 1286 816 1329; x_wconf 88' lang='lat' dir='ltr'>miseriam</span> <span class='ocrx_word' id='word_1_135' title='bbox 839 1295 1030 1330; x_wconf 89' lang='lat' dir='ltr'>nostram</span> <span class='ocrx_word' id='word_1_136' title='bbox 1052 1285 1327 1330; x_wconf 89' lang='lat' dir='ltr'>clementiam</span> <span class='ocrx_word' id='word_1_137' title='bbox 1351 1299 1474 1328; x_wconf 89' lang='lat' dir='ltr'>suam</span> 
     </span>
     <span class='ocr_line' id='line_1_17' title="bbox 85 1354 1469 1418; baseline -0.002 -17"><span class='ocrx_word' id='word_1_138' title='bbox 85 1358 349 1418; x_wconf 80' lang='lat' dir='ltr'>porrigeret,</span> <span class='ocrx_word' id='word_1_139' title='bbox 375 1366 418 1401; x_wconf 91' lang='lat' dir='ltr'>et</span> <span class='ocrx_word' id='word_1_140' title='bbox 444 1356 636 1400; x_wconf 91' lang='lat' dir='ltr'>Verbum</span> <span class='ocrx_word' id='word_1_141' title='bbox 659 1371 758 1400; x_wconf 90' lang='lat' dir='ltr'>caro</span> <span class='ocrx_word' id='word_1_142' title='bbox 779 1356 925 1411; x_wconf 84' lang='lat' dir='ltr'>fieret,</span> <span class='ocrx_word' id='word_1_143' title='bbox 956 1365 998 1400; x_wconf 89' lang='lat' dir='ltr'>et</span> <span class='ocrx_word' id='word_1_144' title='bbox 1026 1356 1243 1400; x_wconf 87' lang='lat' dir='ltr'>habitaret</span> <span class='ocrx_word' id='word_1_145' title='bbox 1261 1354 1308 1398; x_wconf 92' lang='lat' dir='ltr'>in</span> <span class='ocrx_word' id='word_1_146' title='bbox 1329 1354 1469 1399; x_wconf 89' lang='lat' dir='ltr'>nobis.</span> 
     </span>
     <span class='ocr_line' id='line_1_18' title="bbox 89 1426 1471 1488; baseline -0.003 -15"><span class='ocrx_word' id='word_1_147' title='bbox 89 1429 158 1474; x_wconf 88' lang='lat' dir='ltr'>Sic</span> <span class='ocrx_word' id='word_1_148' title='bbox 190 1429 305 1472; x_wconf 88' lang='lat' dir='ltr'>enim</span> <span class='ocrx_word' id='word_1_149' title='bbox 337 1436 480 1488; x_wconf 90' lang='lat' dir='ltr'>posset</span> <span class='ocrx_word' id='word_1_150' title='bbox 516 1442 673 1487; x_wconf 89' lang='lat' dir='ltr'>panem</span> <span class='ocrx_word' id='word_1_151' title='bbox 709 1426 976 1485; x_wconf 83' lang='lat' dir='ltr'>Angelorum</span> <span class='ocrx_word' id='word_1_152' title='bbox 1010 1427 1144 1472; x_wconf 89' lang='lat' dir='ltr'>homo</span> <span class='ocrx_word' id='word_1_153' title='bbox 1180 1426 1444 1471; x_wconf 85' lang='lat' dir='ltr'>manducare</span> <span class='ocrx_word' id='word_1_154' title='bbox 1460 1460 1471 1480; x_wconf 79' lang='grc'>,</span> 
     </span>
     <span class='ocr_line' id='line_1_19' title="bbox 87 1497 1475 1559; baseline -0.003 -15"><span class='ocrx_word' id='word_1_155' title='bbox 87 1500 286 1545; x_wconf 88' lang='lat' dir='ltr'>nondum</span> <span class='ocrx_word' id='word_1_156' title='bbox 305 1498 480 1559; x_wconf 79' lang='lat' dir='ltr'>Angelis</span> <span class='ocrx_word' id='word_1_157' title='bbox 500 1499 753 1558; x_wconf 84' lang='lat' dir='ltr'>adaequatus</span> <span class='ocrx_word' id='word_1_158' title='bbox 771 1534 781 1551; x_wconf 90' lang='lat'>‚</span> <span class='ocrx_word' id='word_1_159' title='bbox 808 1499 842 1542; x_wconf 90' lang='lat' dir='ltr'>si</span> <span class='ocrx_word' id='word_1_160' title='bbox 863 1498 986 1557; x_wconf 89' lang='lat' dir='ltr'>panis</span> <span class='ocrx_word' id='word_1_161' title='bbox 1003 1498 1092 1558; x_wconf 91' lang='lat' dir='ltr'>ipse</span> <span class='ocrx_word' id='word_1_162' title='bbox 1118 1497 1384 1556; x_wconf 80' lang='lat' dir='ltr'>Angelorum</span> <span class='ocrx_word' id='word_1_163' title='bbox 1400 1498 1475 1541; x_wconf 91' lang='lat' dir='ltr'>ho-</span> 
     </span>
     <span class='ocr_line' id='line_1_20' title="bbox 87 1568 1477 1630; baseline -0.003 -15"><span class='ocrx_word' id='word_1_164' title='bbox 87 1571 278 1615; x_wconf 91' lang='lat' dir='ltr'>minibus</span> <span class='ocrx_word' id='word_1_165' title='bbox 301 1570 552 1630; x_wconf 90' lang='lat' dir='ltr'>dignaretur</span> <span class='ocrx_word' id='word_1_166' title='bbox 570 1569 748 1629; x_wconf 87' lang='lat' dir='ltr'>aequari.</span> <span class='ocrx_word' id='word_1_167' title='bbox 775 1571 863 1614; x_wconf 89' lang='lat' dir='ltr'>Nec</span> <span class='ocrx_word' id='word_1_168' title='bbox 885 1569 943 1613; x_wconf 88' lang='lat' dir='ltr'>sic</span> <span class='ocrx_word' id='word_1_169' title='bbox 968 1568 1192 1614; x_wconf 88' lang='lat' dir='ltr'>descendit</span> <span class='ocrx_word' id='word_1_170' title='bbox 1214 1568 1268 1612; x_wconf 87' lang='lat' dir='ltr'>ad</span> <span class='ocrx_word' id='word_1_171' title='bbox 1289 1583 1367 1612; x_wconf 90' lang='lat' dir='ltr'>nos</span> <span class='ocrx_word' id='word_1_172' title='bbox 1386 1603 1396 1623; x_wconf 85' lang='lat'>,</span> <span class='ocrx_word' id='word_1_173' title='bbox 1427 1576 1477 1611; x_wconf 92' lang='lat' dir='ltr'>ut</span> 
     </span>
     <span class='ocr_line' id='line_1_21' title="bbox 87 1638 1476 1699; baseline -0.003 -13"><span class='ocrx_word' id='word_1_174' title='bbox 87 1641 183 1686; x_wconf 94' lang='lat' dir='ltr'>illos</span> <span class='ocrx_word' id='word_1_175' title='bbox 206 1641 445 1699; x_wconf 78' lang='lat' dir='ltr'>desereret3</span> <span class='ocrx_word' id='word_1_176' title='bbox 471 1641 546 1686; x_wconf 91' lang='lat' dir='ltr'>sed</span> <span class='ocrx_word' id='word_1_177' title='bbox 563 1641 693 1685; x_wconf 90' lang='lat' dir='ltr'>simul</span> <span class='ocrx_word' id='word_1_178' title='bbox 708 1640 876 1699; x_wconf 87' lang='lat' dir='ltr'>integer</span> <span class='ocrx_word' id='word_1_179' title='bbox 892 1639 976 1684; x_wconf 90' lang='lat' dir='ltr'>illis</span> <span class='ocrx_word' id='word_1_180' title='bbox 992 1675 1002 1694; x_wconf 85' lang='lat'>‚</span> <span class='ocrx_word' id='word_1_181' title='bbox 1027 1640 1196 1698; x_wconf 88' lang='lat' dir='ltr'>integer</span> <span class='ocrx_word' id='word_1_182' title='bbox 1212 1638 1358 1694; x_wconf 82' lang='lat' dir='ltr'>nobis,</span> <span class='ocrx_word' id='word_1_183' title='bbox 1380 1638 1476 1683; x_wconf 88' lang='lat' dir='ltr'>illos</span> 
     </span>
     <span class='ocr_line' id='line_1_22' title="bbox 89 1709 1476 1772; baseline -0.001 -16"><span class='ocrx_word' id='word_1_184' title='bbox 89 1713 344 1757; x_wconf 88' lang='lat' dir='ltr'>intrinsecus</span> <span class='ocrx_word' id='word_1_185' title='bbox 365 1728 544 1772; x_wconf 89' lang='lat' dir='ltr'>pascens</span> <span class='ocrx_word' id='word_1_186' title='bbox 566 1727 643 1772; x_wconf 89' lang='lat' dir='ltr'>per</span> <span class='ocrx_word' id='word_1_187' title='bbox 664 1711 709 1755; x_wconf 90' lang='lat' dir='ltr'>id</span> <span class='ocrx_word' id='word_1_188' title='bbox 735 1711 856 1772; x_wconf 86' lang='lat' dir='ltr'>quod</span> <span class='ocrx_word' id='word_1_189' title='bbox 878 1715 991 1756; x_wconf 90' lang='lat' dir='ltr'>Deus</span> <span class='ocrx_word' id='word_1_190' title='bbox 1014 1720 1104 1766; x_wconf 88' lang='lat' dir='ltr'>est,</span> <span class='ocrx_word' id='word_1_191' title='bbox 1139 1726 1217 1755; x_wconf 88' lang='lat' dir='ltr'>nos</span> <span class='ocrx_word' id='word_1_192' title='bbox 1239 1709 1476 1755; x_wconf 87' lang='lat' dir='ltr'>forinsecus</span> 
     </span>
     <span class='ocr_line' id='line_1_23' title="bbox 90 1781 1472 1844; baseline -0.001 -16"><span class='ocrx_word' id='word_1_193' title='bbox 90 1782 329 1829; x_wconf 89' lang='lat' dir='ltr'>admonens</span> <span class='ocrx_word' id='word_1_194' title='bbox 343 1799 419 1843; x_wconf 88' lang='lat' dir='ltr'>per</span> <span class='ocrx_word' id='word_1_195' title='bbox 431 1783 476 1828; x_wconf 90' lang='lat' dir='ltr'>id</span> <span class='ocrx_word' id='word_1_196' title='bbox 491 1782 610 1844; x_wconf 91' lang='lat' dir='ltr'>quod</span> <span class='ocrx_word' id='word_1_197' title='bbox 627 1798 704 1827; x_wconf 88' lang='lat' dir='ltr'>nos</span> <span class='ocrx_word' id='word_1_198' title='bbox 722 1797 870 1827; x_wconf 90' lang='lat' dir='ltr'>sumus</span> <span class='ocrx_word' id='word_1_199' title='bbox 884 1817 895 1838; x_wconf 87' lang='lat'>,</span> <span class='ocrx_word' id='word_1_200' title='bbox 916 1782 1094 1827; x_wconf 90' lang='lat' dir='ltr'>idoneos</span> <span class='ocrx_word' id='word_1_201' title='bbox 1111 1782 1217 1828; x_wconf 85' lang='lat' dir='ltr'>facit</span> <span class='ocrx_word' id='word_1_202' title='bbox 1231 1798 1308 1842; x_wconf 85' lang='lat' dir='ltr'>per</span> <span class='ocrx_word' id='word_1_203' title='bbox 1324 1781 1472 1837; x_wconf 84' lang='lat' dir='ltr'>fidem,</span> 
     </span>
     <span class='ocr_line' id='line_1_24' title="bbox 90 1852 1476 1914; baseline 0 -17"><span class='ocrx_word' id='word_1_204' title='bbox 90 1868 198 1914; x_wconf 92' lang='lat' dir='ltr'>quos</span> <span class='ocrx_word' id='word_1_205' title='bbox 233 1869 309 1913; x_wconf 89' lang='lat' dir='ltr'>per</span> <span class='ocrx_word' id='word_1_206' title='bbox 336 1854 520 1913; x_wconf 88' lang='lat' dir='ltr'>speciem</span> <span class='ocrx_word' id='word_1_207' title='bbox 543 1862 690 1913; x_wconf 88' lang='lat' dir='ltr'>pascat</span> <span class='ocrx_word' id='word_1_208' title='bbox 713 1852 953 1913; x_wconf 83' lang='lat' dir='ltr'>aequaliter.</span> <span class='ocrx_word' id='word_1_209' title='bbox 981 1853 1091 1906; x_wconf 89' lang='lat' dir='ltr'>Quia</span> <span class='ocrx_word' id='word_1_210' title='bbox 1115 1853 1232 1897; x_wconf 90' lang='lat' dir='ltr'>enim</span> <span class='ocrx_word' id='word_1_211' title='bbox 1254 1852 1476 1897; x_wconf 86' lang='lat' dir='ltr'>rationalis</span> 
     </span>
     <span class='ocr_line' id='line_1_25' title="bbox 90 1923 1473 1984; baseline -0.001 -15"><span class='ocrx_word' id='word_1_212' title='bbox 90 1934 285 1969; x_wconf 86' lang='lat' dir='ltr'>creatura</span> <span class='ocrx_word' id='word_1_213' title='bbox 317 1926 462 1969; x_wconf 89' lang='lat' dir='ltr'>Verbo</span> <span class='ocrx_word' id='word_1_214' title='bbox 494 1924 571 1969; x_wconf 91' lang='lat' dir='ltr'>illo</span> <span class='ocrx_word' id='word_1_215' title='bbox 600 1934 808 1984; x_wconf 90' lang='lat' dir='ltr'>tanquam</span> <span class='ocrx_word' id='word_1_216' title='bbox 839 1923 1005 1983; x_wconf 89' lang='lat' dir='ltr'>optimo</span> <span class='ocrx_word' id='word_1_217' title='bbox 1033 1925 1131 1969; x_wconf 92' lang='lat' dir='ltr'>cibo</span> <span class='ocrx_word' id='word_1_218' title='bbox 1154 1940 1231 1968; x_wconf 90' lang='lat' dir='ltr'>suo</span> <span class='ocrx_word' id='word_1_219' title='bbox 1253 1925 1473 1983; x_wconf 87' lang='lat' dir='ltr'>pascitur:</span> 
     </span>
     <span class='ocr_line' id='line_1_26' title="bbox 89 1995 1478 2056; baseline -0.001 -16"><span class='ocrx_word' id='word_1_220' title='bbox 89 1996 283 2041; x_wconf 90' lang='lat' dir='ltr'>humana</span> <span class='ocrx_word' id='word_1_221' title='bbox 300 2005 445 2040; x_wconf 85' lang='lat' dir='ltr'>autem</span> <span class='ocrx_word' id='word_1_222' title='bbox 467 1997 610 2040; x_wconf 89' lang='lat' dir='ltr'>anima</span> <span class='ocrx_word' id='word_1_223' title='bbox 631 1996 851 2040; x_wconf 86' lang='lat' dir='ltr'>rationalis</span> <span class='ocrx_word' id='word_1_224' title='bbox 868 2005 931 2040; x_wconf 91' lang='lat' dir='ltr'>est</span> <span class='ocrx_word' id='word_1_225' title='bbox 951 2032 961 2051; x_wconf 90' lang='lat'>‚</span> <span class='ocrx_word' id='word_1_226' title='bbox 988 2012 1086 2056; x_wconf 84' lang='lat' dir='ltr'>quae</span> <span class='ocrx_word' id='word_1_227' title='bbox 1108 1995 1364 2040; x_wconf 88' lang='lat' dir='ltr'>mortalibus</span> <span class='ocrx_word' id='word_1_228' title='bbox 1385 1996 1478 2040; x_wconf 89' lang='lat' dir='ltr'>vin-</span> 
     </span>
     <span class='ocr_line' id='line_1_27' title="bbox 91 2066 1475 2126; baseline 0 -15"><span class='ocrx_word' id='word_1_229' title='bbox 91 2067 198 2112; x_wconf 90' lang='lat' dir='ltr'>culis</span> <span class='ocrx_word' id='word_1_230' title='bbox 230 2067 393 2126; x_wconf 88' lang='lat' dir='ltr'>peccati</span> <span class='ocrx_word' id='word_1_231' title='bbox 428 2082 557 2126; x_wconf 86' lang='lat' dir='ltr'>poena</span> <span class='ocrx_word' id='word_1_232' title='bbox 581 2067 837 2121; x_wconf 84' lang='lat' dir='ltr'>tenebatur,</span> <span class='ocrx_word' id='word_1_233' title='bbox 865 2067 919 2111; x_wconf 87' lang='lat' dir='ltr'>ad</span> <span class='ocrx_word' id='word_1_234' title='bbox 950 2068 1035 2112; x_wconf 86' lang='lat' dir='ltr'>hoc</span> <span class='ocrx_word' id='word_1_235' title='bbox 1069 2068 1368 2112; x_wconf 86' lang='lat' dir='ltr'>diminutionis</span> <span class='ocrx_word' id='word_1_236' title='bbox 1404 2066 1475 2111; x_wconf 88' lang='lat' dir='ltr'>re-</span> 
     </span>
     <span class='ocr_line' id='line_1_28' title="bbox 92 2137 1475 2197; baseline 0 -15"><span class='ocrx_word' id='word_1_237' title='bbox 92 2137 243 2193; x_wconf 84' lang='lat' dir='ltr'>dacta,</span> <span class='ocrx_word' id='word_1_238' title='bbox 268 2147 318 2181; x_wconf 92' lang='lat' dir='ltr'>ut</span> <span class='ocrx_word' id='word_1_239' title='bbox 335 2152 411 2196; x_wconf 88' lang='lat' dir='ltr'>per</span> <span class='ocrx_word' id='word_1_240' title='bbox 428 2138 696 2197; x_wconf 86' lang='lat' dir='ltr'>conjecturas</span> <span class='ocrx_word' id='word_1_241' title='bbox 713 2152 858 2181; x_wconf 89' lang='lat' dir='ltr'>rerum</span> <span class='ocrx_word' id='word_1_242' title='bbox 872 2137 1107 2182; x_wconf 88' lang='lat' dir='ltr'>visibilium</span> <span class='ocrx_word' id='word_1_243' title='bbox 1123 2139 1178 2183; x_wconf 92' lang='lat' dir='ltr'>ad</span> <span class='ocrx_word' id='word_1_244' title='bbox 1193 2137 1475 2197; x_wconf 89' lang='lat' dir='ltr'>intelligenda</span> 
     </span>
     <span class='ocr_line' id='line_1_29' title="bbox 91 2208 1477 2266; baseline 0.002 -14"><span class='ocrx_word' id='word_1_245' title='bbox 91 2208 323 2253; x_wconf 88' lang='lat' dir='ltr'>invisibilia</span> <span class='ocrx_word' id='word_1_246' title='bbox 345 2209 557 2252; x_wconf 88' lang='lat' dir='ltr'>niteretur</span> <span class='ocrx_word' id='word_1_247' title='bbox 577 2229 588 2266; x_wconf 81' lang='lat'>3</span> <span class='ocrx_word' id='word_1_248' title='bbox 613 2208 735 2252; x_wconf 90' lang='lat' dir='ltr'>cibus</span> <span class='ocrx_word' id='word_1_249' title='bbox 768 2209 986 2254; x_wconf 90' lang='lat' dir='ltr'>rationalis</span> <span class='ocrx_word' id='word_1_250' title='bbox 1018 2219 1227 2255; x_wconf 85' lang='lat' dir='ltr'>creaturae</span> <span class='ocrx_word' id='word_1_251' title='bbox 1251 2208 1390 2254; x_wconf 90' lang='lat' dir='ltr'>factus</span> <span class='ocrx_word' id='word_1_252' title='bbox 1413 2219 1477 2255; x_wconf 90' lang='lat' dir='ltr'>est</span> 
     </span>
     <span class='ocr_line' id='line_1_30' title="bbox 90 2277 1476 2337; baseline 0.003 -15"><span class='ocrx_word' id='word_1_253' title='bbox 90 2277 269 2323; x_wconf 87' lang='lat' dir='ltr'>visibilis</span> <span class='ocrx_word' id='word_1_254' title='bbox 284 2314 294 2334; x_wconf 92' lang='lat'>‚</span> <span class='ocrx_word' id='word_1_255' title='bbox 320 2294 409 2323; x_wconf 85' lang='lat' dir='ltr'>non</span> <span class='ocrx_word' id='word_1_256' title='bbox 426 2279 765 2324; x_wconf 85' lang='lat' dir='ltr'>commutatione</span> <span class='ocrx_word' id='word_1_257' title='bbox 786 2288 953 2324; x_wconf 87' lang='lat' dir='ltr'>naturae</span> <span class='ocrx_word' id='word_1_258' title='bbox 975 2296 1064 2325; x_wconf 86' lang='lat' dir='ltr'>suae</span> <span class='ocrx_word' id='word_1_259' title='bbox 1079 2317 1090 2337; x_wconf 88' lang='lat'>,</span> <span class='ocrx_word' id='word_1_260' title='bbox 1116 2282 1190 2326; x_wconf 90' lang='lat' dir='ltr'>sed</span> <span class='ocrx_word' id='word_1_261' title='bbox 1206 2282 1358 2326; x_wconf 89' lang='lat' dir='ltr'>habitu</span> <span class='ocrx_word' id='word_1_262' title='bbox 1376 2296 1476 2326; x_wconf 89' lang='lat' dir='ltr'>nos-</span> 
     </span>
     <span class='ocr_line' id='line_1_31' title="bbox 93 2350 1470 2405; baseline 0.001 -11"><span class='ocrx_word' id='word_1_263' title='bbox 93 2358 199 2404; x_wconf 83' lang='lat' dir='ltr'>trae,</span> <span class='ocrx_word' id='word_1_264' title='bbox 237 2358 286 2393; x_wconf 90' lang='lat' dir='ltr'>ut</span> <span class='ocrx_word' id='word_1_265' title='bbox 319 2350 501 2395; x_wconf 88' lang='lat' dir='ltr'>visibilia</span> <span class='ocrx_word' id='word_1_266' title='bbox 535 2359 771 2405; x_wconf 80' lang='lat' dir='ltr'>sectantes,</span> <span class='ocrx_word' id='word_1_267' title='bbox 806 2351 860 2395; x_wconf 90' lang='lat' dir='ltr'>ad</span> <span class='ocrx_word' id='word_1_268' title='bbox 891 2367 934 2395; x_wconf 92' lang='lat' dir='ltr'>se</span> <span class='ocrx_word' id='word_1_269' title='bbox 955 2352 1214 2397; x_wconf 89' lang='lat' dir='ltr'>invisibilem</span> <span class='ocrx_word' id='word_1_270' title='bbox 1236 2362 1470 2398; x_wconf 86' lang='lat' dir='ltr'>revocaret.</span> 
     </span>
     <span class='ocr_line' id='line_1_32' title="bbox 96 2420 1474 2483; baseline 0.003 -19"><span class='ocrx_word' id='word_1_271' title='bbox 96 2420 163 2464; x_wconf 88' lang='lat' dir='ltr'>Sic</span> <span class='ocrx_word' id='word_1_272' title='bbox 186 2435 286 2463; x_wconf 89' lang='lat' dir='ltr'>eum</span> <span class='ocrx_word' id='word_1_273' title='bbox 309 2420 448 2464; x_wconf 89' lang='lat' dir='ltr'>anima</span> <span class='ocrx_word' id='word_1_274' title='bbox 468 2456 477 2475; x_wconf 90' lang='lat'>‚</span> <span class='ocrx_word' id='word_1_275' title='bbox 509 2436 640 2480; x_wconf 89' lang='lat' dir='ltr'>quem</span> <span class='ocrx_word' id='word_1_276' title='bbox 664 2422 916 2480; x_wconf 87' lang='lat' dir='ltr'>superbiens</span> <span class='ocrx_word' id='word_1_277' title='bbox 937 2423 1054 2467; x_wconf 90' lang='lat' dir='ltr'>intus</span> <span class='ocrx_word' id='word_1_278' title='bbox 1076 2423 1308 2483; x_wconf 89' lang='lat' dir='ltr'>reliquerat</span> <span class='ocrx_word' id='word_1_279' title='bbox 1326 2459 1336 2477; x_wconf 93' lang='lat'>‚</span> <span class='ocrx_word' id='word_1_280' title='bbox 1371 2423 1474 2468; x_wconf 86' lang='lat' dir='ltr'>foris</span> 
     </span>
     <span class='ocr_line' id='line_1_33' title="bbox 94 2489 1470 2551; baseline 0.004 -18"><span class='ocrx_word' id='word_1_281' title='bbox 94 2489 304 2534; x_wconf 90' lang='lat' dir='ltr'>humilem</span> <span class='ocrx_word' id='word_1_282' title='bbox 337 2490 529 2546; x_wconf 81' lang='lat' dir='ltr'>invenit,</span> <span class='ocrx_word' id='word_1_283' title='bbox 559 2491 778 2536; x_wconf 87' lang='lat' dir='ltr'>imitatura</span> <span class='ocrx_word' id='word_1_284' title='bbox 807 2493 896 2551; x_wconf 90' lang='lat' dir='ltr'>ejus</span> <span class='ocrx_word' id='word_1_285' title='bbox 917 2492 1208 2538; x_wconf 88' lang='lat' dir='ltr'>humilitatem</span> <span class='ocrx_word' id='word_1_286' title='bbox 1229 2493 1440 2539; x_wconf 88' lang='lat' dir='ltr'>visibilem</span> <span class='ocrx_word' id='word_1_287' title='bbox 1460 2529 1470 2549; x_wconf 86' lang='lat'>‚</span> 
     </span>
     <span class='ocr_line' id='line_1_34' title="bbox 96 2560 1006 2608; baseline 0.005 -5"><span class='ocrx_word' id='word_1_288' title='bbox 96 2569 138 2604; x_wconf 89' lang='lat' dir='ltr'>et</span> <span class='ocrx_word' id='word_1_289' title='bbox 160 2560 210 2606; x_wconf 88' lang='lat' dir='ltr'>ad</span> <span class='ocrx_word' id='word_1_290' title='bbox 230 2560 491 2606; x_wconf 86' lang='lat' dir='ltr'>invisibilem</span> <span class='ocrx_word' id='word_1_291' title='bbox 509 2561 784 2607; x_wconf 88' lang='lat' dir='ltr'>altitudinem</span> <span class='ocrx_word' id='word_1_292' title='bbox 802 2563 1006 2608; x_wconf 88' lang='lat' dir='ltr'>reditura.</span> 
     </span>
    </p>
   </div>
  </div>
 </body>
</html>
