1729 3143
419 259 501 286 Lm.
538 260 585 285 ιι.
622 260 675 286 DE
707 259 891 287 moranus
922 257 1262 287 MAMCHAEORUM.
1445 245 1530 287 589·

153 336 331 383 quoque
369 321 555 368 dubium
579 326 667 368 est¹
691 359 701 379 ,
726 339 854 368 nemo
886 325 976 369 fere
1010 323 1064 369 de
1096 322 1305 369 scarabeis
1324 321 1528 376 dubitat,

152 393 262 452 quin
289 391 344 436 de
377 393 481 438 fimo
512 394 556 437 in
588 394 719 454 pilam
758 395 993 439 rotundato
1031 394 1085 439 ab
1116 394 1183 438 his
1216 402 1346 453 atque
1374 392 1534 438 obruto

152 462 353 507 existant.
380 465 483 508 Haec
512 463 645 523 igitur
666 464 900 509 animantia
921 474 964 509 et
986 464 1067 509 alia
1093 479 1192 524 quae
1213 462 1415 524 persequi
1436 462 1534 507 lon-

153 548 258 593 gum
280 543 343 578 est
362 568 372 590 ‚
397 533 635 580 sordidiora
656 544 771 580 certe
789 535 954 580 debetis
976 535 1143 594 opinari
1163 570 1173 590 ‚
1199 550 1331 595 quam
1353 533 1536 594 pedicu-

152 603 216 649 los
249 614 413 650 vestros
435 624 443 650 :
470 615 513 650 et
545 614 688 651 tamen
723 605 795 650 illa
829 605 1024 651 occidere
1051 604 1172 650 nefas
1193 605 1314 651 vobis
1335 603 1534 659 videtur,

152 675 219 720 his
242 685 389 721 autem
412 692 588 737 parcere
606 676 789 722 stultum
810 696 819 721 z
843 677 922 721 nisi
938 676 1049 722 forte
1071 675 1192 737 quod
1208 685 1310 722 sunt
1327 676 1422 721 haec
1441 675 1538 720 ani-

153 744 282 791 malia
302 761 435 806 parva
451 781 463 805 ,
488 747 780 792 contemnitis.
809 749 919 792 Sane
941 747 974 790 si
997 747 1055 791 ita
1077 756 1140 791 est
1160 781 1171 802 ,
1200 756 1250 791 ut
1271 744 1430 790 animal
1450 760 1540 806 quo

152 817 327 862 brevius
356 825 420 862 est
435 851 446 872 ‚
472 833 523 862 eo
546 817 838 876 contemptius
861 831 951 862 esse
973 815 1129 862 debeat
1147 852 1157 872 ,
1188 831 1360 862 necesse
1383 824 1448 862 est
1468 831 1542 861 ca-

153 886 318 931 melum
339 885 507 931 homini
531 885 787 945 praeferatis.

213 958 371 1002 LXIV.
410 958 507 1001 Huc
539 955 706 1001 accedit
730 956 805 1002 illa
829 955 1022 1015 gradatio
1037 991 1048 1012 ‚
1078 973 1177 1017 quae
1198 972 1300 1002 cum
1321 972 1395 1002 vos
1417 957 1541 1002 audi-

154 1043 246 1072 rem
265 1062 275 1082 ,
302 1042 379 1072 nos
401 1042 516 1086 saepe
536 1027 745 1072 turbavit.
772 1025 901 1073 Nulla
918 1027 1032 1071 enim
1050 1043 1178 1072 causa
1198 1036 1262 1072 est
1277 1062 1288 1083 ‚
1315 1043 1393 1073 cur
1410 1041 1542 1087 prop-

155 1106 220 1141 ter
247 1112 431 1157 parvum
453 1097 644 1157 corporis
668 1097 897 1142 modulum
912 1133 927 1153 ,
951 1096 1084 1157 pulex
1106 1097 1328 1142 necandus
1349 1097 1429 1152 sit,
1453 1112 1543 1142 non

155 1167 286 1212 etiam
317 1182 465 1212 musca
496 1183 596 1227 quae
626 1168 673 1211 in
702 1167 802 1212 faba
825 1167 1032 1227 gignitur.
1067 1170 1123 1212 Et
1146 1168 1180 1212 si
1202 1169 1322 1224 haec,
1347 1183 1426 1214 cur
1454 1181 1544 1212 non

155 1238 285 1281 etiam
321 1237 402 1282 ista
439 1237 570 1297 paulo
607 1237 790 1297 amplior
809 1272 820 1293 ‚
861 1239 985 1298 cujus
1017 1247 1132 1282 certe
1153 1236 1288 1282 foetus
1319 1238 1462 1283 minor
1483 1245 1548 1283 est

94 1338 98 1342 -
155 1323 288 1368 quam
330 1306 419 1352 illa.
462 1310 556 1352 Hoc
594 1309 723 1352 etiam
759 1309 980 1369 sequitur,
1025 1318 1076 1353 ut
1116 1309 1205 1368 apis
1237 1323 1415 1369 quoque
1453 1309 1550 1354 sine

154 1378 283 1438 culpa
315 1378 553 1438 perimatur
573 1412 584 1433 ‚
630 1379 752 1438 cujus
783 1378 930 1438 pullus
953 1380 1053 1424 huic
1081 1394 1241 1424 muscae
1272 1388 1544 1439 coaequatur.

155 1448 267 1493 Inde
301 1447 356 1492 ad
391 1450 569 1492 locustae
603 1447 775 1508 pullum
814 1458 857 1493 et
887 1448 1096 1495 locustam
1118 1484 1129 1504 ,
1159 1449 1262 1493 inde
1290 1448 1345 1494 ad
1373 1448 1547 1508 pullum

154 1519 289 1563 muris
324 1527 368 1563 et
398 1533 584 1562 murem.
621 1521 677 1563 Et
709 1534 764 1563 ne
796 1519 978 1578 longum
1011 1520 1195 1576 faciam,
1227 1535 1372 1565 nonne
1393 1519 1548 1565 videtis

155 1589 222 1634 his
247 1587 453 1648 gradibus
486 1588 541 1632 ad
568 1587 853 1648 elephantum
882 1590 1126 1649 perveniri,
1151 1599 1202 1634 ut
1222 1589 1400 1635 omnino
1422 1605 1548 1634 recu·

156 1660 239 1706 sari
259 1674 349 1704 non
371 1659 504 1719 possis
523 1659 746 1718 ingentem
764 1658 884 1704 illam
903 1658 1094 1705 belluam
1111 1661 1202 1704 sine
1225 1659 1353 1720 culpa
1375 1675 1418 1704 se
1440 1660 1548 1705 occi-

157 1729 260 1775 dere
281 1765 291 1785 ,
328 1729 523 1790 quisquis
547 1738 726 1789 propter
751 1729 984 1788 parvulum
1011 1745 1168 1790 corpus
1199 1729 1555 1775 interfectionem·

158 1800 312 1860 pulicis
334 1808 564 1859 peccatum
596 1814 686 1844 esse
707 1815 796 1843 non
825 1802 981 1859 putat?
1003 1799 1088 1845 Sed
1105 1800 1196 1859 jam
1225 1798 1354 1844 etiam
1382 1800 1437 1845 de
1465 1801 1549 1845 hu-

153 1869 350 1931 jusmodi
367 1869 492 1927 nugis
514 1870 615 1914 satis
640 1867 805 1913 dictum
827 1869 1030 1914 arbitror.

219 1942 352 1985 LXV.
381 1943 531 1984 Restat
552 1938 823 1998 signaculum
842 1940 959 1983 sinus
975 1973 986 1994 ‚
1010 1939 1055 1984 in
1075 1954 1164 1999 quo
1181 1939 1368 1983 multum
1384 1939 1552 1985 incerta

160 2021 226 2057 est
256 2011 429 2057 castitas
457 2019 612 2055 vestra.
638 2013 737 2056 Non
764 2010 879 2054 enim
906 2009 1190 2055 concubitum
1207 2045 1218 2064 ,
1243 2010 1318 2054 sed
1339 2019 1389 2054 ut
1420 2010 1551 2070 longe

161 2091 263 2127 ante
287 2082 341 2125 ab
377 2079 586 2141 Apostolo
610 2080 777 2124 dictum
811 2089 901 2135 est,
942 2095 1041 2124 vere
1076 2080 1248 2140 nuptias
1277 2080 1514 2140 prohibetis
1534 2116 1546 2136 2

161 2169 261 2214 quae
285 2151 380 2197 talis
401 2151 542 2211 operis
563 2166 651 2195 una
673 2160 736 2196 est
757 2151 938 2196 honesta
956 2149 1164 2195 defensio.
1193 2151 1272 2195 Hic
1290 2166 1378 2195 non
1393 2150 1550 2196 dubito

162 2239 239 2269 vos
261 2238 351 2268 esse
374 2221 633 2267 clamaturos
649 2256 659 2276 ‚
686 2221 980 2280 invidiamque
1003 2219 1193 2265 facturos
1214 2220 1400 2265 dicendo
1419 2256 1429 2277 ,
1454 2236 1548 2265 cas-

164 2296 332 2339 titatem
377 2293 610 2355 perfectam
649 2308 724 2338 vos
760 2293 1041 2337 vehementer
1076 2292 1380 2337 commendare
1418 2301 1550 2353 atque

162 2365 369 2421 laudare,
401 2381 490 2410 non
524 2374 666 2409 tamen
696 2364 867 2423 nuptias
896 2363 1125 2423 prohibere
1151 2382 1161 2408 ;
1192 2363 1548 2424 quandoquidem

167 2436 384 2483 auditores
405 2437 534 2481 vestri
556 2471 566 2492 ,
592 2450 779 2496 quorum
804 2434 918 2494 apud
941 2450 1016 2480 vos
1043 2433 1258 2479 secundus
1279 2444 1342 2479 est
1368 2435 1545 2493 gradus,

166 2508 326 2554 ducere
344 2517 474 2567 atque
498 2508 656 2551 habere
684 2522 768 2551 non
791 2505 1103 2565 prohibeantur
1126 2520 1292 2551 uxores.
1320 2507 1427 2558 Quae
1447 2520 1548 2551 cum

215 2602 224 2618 ²
250 2606 262 2627 1
286 2597 429 2627 Retract.
451 2605 522 2636 cap.
544 2604 599 2636 vn,
619 2605 652 2625 n.
672 2592 704 2625 6.
720 2610 759 2615 —
776 2600 788 2616 ²
811 2603 823 2624 1
847 2592 927 2624 Tim.
949 2602 992 2633 iv,
1014 2590 1045 2623 3.
