1729 3143
229 245 284 284 36
666 248 700 278 s.
736 246 965 275 AUGUSTIM
999 246 1180 273 Errscom

225 319 387 364 credite
419 317 614 361 habitare
644 314 867 359 Christum
888 313 932 356 in
955 311 1129 356 dextera
1152 310 1229 355 Dei
1253 310 1416 354 Patris:
1441 309 1501 353 ibi
1523 317 1602 353 est.

221 393 310 435 Nec
332 388 447 432 dicat
467 386 590 431 vobis
612 399 686 428 cor
707 391 900 427 vestrum
922 402 930 427 :
955 382 1071 436 Quid
1094 382 1208 440 agit?
1227 380 1369 426 Nolite
1391 394 1602 439 quaerere,

217 457 337 518 quod
357 472 446 501 non
466 456 566 498 licet
582 452 778 498 invenire
795 471 804 497 z
827 452 890 495 ibi
907 461 986 506 est,
1007 452 1168 496 sufficit
1188 450 1325 495 vobis.
1349 452 1505 493 Beatus
1523 457 1602 503 est,

214 537 258 572 et
272 544 295 571 a
313 524 599 579 beatitudine,
620 538 720 584 quae
740 522 915 567 dextera
935 522 1072 566 Patris
1089 530 1285 574 vocatur,
1311 521 1443 578 ipsius
1468 518 1605 562 beati-

212 596 372 640 tudinis
393 608 555 638 nomen
576 602 656 648 est,
681 592 855 636 dextera
880 591 1032 635 Patris.
1057 593 1168 636 Nam
1184 591 1217 634 si
1232 589 1462 634 carnaliter
1480 602 1604 631 acce-

214 664 423 723 perimus3
444 664 547 722 quia
570 662 691 707 sedet
711 662 766 706 ad
788 661 1008 704 dexteram
1032 660 1182 719 patris,
1207 659 1281 703 ille
1303 660 1384 702 erit
1407 657 1463 701 ad
1479 657 1604 700 sinis-

210 745 337 778 tram.
363 732 590 793 Numquid
605 731 668 776 fas
680 741 744 776 est
760 741 810 775 ut
824 732 884 775 sic
900 730 998 776 illos
1015 745 1346 789 componamus,
1369 727 1530 772 Filium
1549 726 1603 770 ad

209 804 446 859 dexteram,
466 807 637 848 Patrem
650 802 706 846 ad
722 802 966 846 sinistram?
979 802 1047 845 Ibi
1061 801 1200 846 omnis
1215 799 1391 844 dextera
1408 807 1486 851 est,
1502 795 1607 855 quia

209 874 329 918 nulla
347 875 408 917 ibi
427 883 490 917 est
507 873 691 918 miseria.

264 947 365 988 XII.
403 943 513 988 Inde
534 953 746 988 venturus
773 942 970 1002 judicare
1001 942 1121 987 vivos
1143 951 1187 986 et
1207 951 1418 987 mortuos.
1456 941 1606 997 Vivos,

205 1014 283 1073 qui
318 1012 616 1072 superfuerint
634 1032 643 1057 ι
675 1021 888 1067 mortuos,
924 1012 1001 1071 qui
1035 1012 1349 1070 praecesserint.
1387 1014 1535 1055 Potest
1556 1021 1600 1055 et

203 1085 264 1128 sic
297 1082 480 1140 intelligi
499 1103 508 1127 ι
534 1084 682 1136 Vivos‚
715 1083 855 1141 justos
873 1101 882 1126 :
909 1090 1122 1135 mortuos,
1156 1081 1354 1140 injustos.
1386 1083 1605 1140 Utrosque

201 1154 318 1197 enim
334 1154 518 1212 judicat,
541 1168 618 1197 sua
639 1152 799 1210 cuique
816 1151 1078 1195 retribuens.
1106 1153 1130 1192 J
1135 1151 1241 1192 ustis
1264 1150 1460 1194 dicturus
1478 1160 1542 1194 est
1560 1150 1607 1194 in

199 1222 366 1283 judicio
385 1239 394 1264 :
416 1238 434 1261 «
453 1219 627 1272 Venite,
653 1219 876 1263 benedicti
895 1219 1030 1262 Patris
1050 1218 1152 1272 mei,
1174 1218 1382 1276 percipite
1402 1234 1603 1277 regnum,

207 1310 227 1333 »
263 1289 384 1350 quod
407 1288 531 1332 vobis
554 1296 754 1345 paratum
773 1296 836 1330 est
858 1288 912 1330 ab
935 1287 1060 1331 initio
1078 1287 1274 1330 mundi¹.
1295 1305 1315 1327 »
1335 1287 1404 1331 Ad
1421 1289 1504 1331 hoc
1526 1303 1602 1332 vos

202 1369 369 1421 parate,
394 1359 488 1401 haec
510 1365 694 1416 sperate,
722 1364 951 1414 propterea
973 1357 1121 1410 vivite,
1148 1365 1191 1400 θῖ
1208 1357 1268 1400 sic
1291 1357 1440 1411 vivite,
1464 1372 1602 1416 prop-

204 1441 321 1475 terea
345 1427 525 1480 credite,
550 1436 779 1484 propterea
803 1425 1099 1483 baptizamini,
1121 1434 1170 1468 ut
1192 1426 1324 1483 possit
1347 1427 1468 1470 vobis
1488 1427 1599 1472 dici:

206 1521 226 1543 «
262 1500 435 1552 Venite,
475 1496 696 1540 benedicti
726 1495 864 1539 Patris
889 1495 991 1550 mei,
1016 1496 1225 1554 percipite
1255 1510 1453 1553 regnum,
1479 1497 1601 1557 quod

209 1591 227 1613 »
263 1570 385 1615 vobis
401 1577 601 1627 paratum
611 1565 1026 1610 estaconstitutione
1040 1565 1208 1609 mundi.
1225 1584 1244 1607 ³)
1264 1567 1452 1611 Sinistris
1467 1568 1603 1626 quid?

208 1661 228 1682 «
265 1643 329 1683 Ite
344 1638 389 1681 in
406 1638 549 1695 ignem
570 1645 801 1689 aeternum,
822 1635 898 1693 qui
915 1644 1092 1692 paratus
1106 1644 1170 1679 est
1183 1635 1360 1681 diabolo
1379 1646 1422 1680 et
1439 1637 1602 1696 angelis

208 1730 227 1752 »
264 1712 301 1769 ej
310 1725 357 1752 us
369 1712 402 1751 ¹².
425 1726 445 1747 »
468 1707 536 1752 Sic
549 1705 867 1766 judicabuntur
885 1720 908 1748 a
925 1705 1100 1750 Christo
1119 1705 1206 1750 vivi
1224 1715 1267 1750 et
1279 1708 1458 1751 mortui.
1475 1709 1601 1753 Dicta

204 1790 267 1824 est
294 1779 432 1837 prima
462 1778 553 1821 sine
577 1785 772 1834 tempore
795 1774 995 1819 nativitas
1017 1775 1195 1829 Christi,
1220 1775 1335 1819 dicta
1359 1786 1421 1820 est
1444 1776 1527 1821 alia
1553 1779 1599 1821 in

207 1848 479 1909 plenitudine
497 1846 705 1904 temporis
727 1844 781 1888 de
802 1844 970 1903 virgine
988 1844 1187 1888 nativitas
1205 1846 1382 1900 Christi,
1402 1846 1516 1891 dicta
1537 1858 1601 1892 est

206 1919 342 1979 passio
357 1917 533 1970 Christi,
555 1915 721 1959 dictum
740 1923 803 1958 est
820 1914 1037 1975 judicium
1055 1915 1229 1959 Christi.
1250 1918 1405 1959 Totum
1431 1917 1598 1960 dictum

208 1999 287 2043 est,
314 1988 434 2048 quod
456 1986 690 2030 dicendum
712 1994 803 2028 erat
817 1984 871 2028 de
887 1985 1076 2039 Christo,
1102 1984 1212 2028 Filio
1237 1986 1312 2028 Dei
1335 1987 1482 2041 unico,
1509 1990 1597 2030 Do—

209 2061 327 2103 mino
344 2067 491 2101 nostro
510 2076 518 2100 :
547 2055 622 2100 sed
645 2055 843 2099 nondum
863 2053 1057 2113 perfecta
1078 2063 1142 2098 est
1165 2055 1365 2098 Trinitas.

268 2131 392 2173 XIII.
424 2127 626 2186 Sequitur
634 2126 680 2169 in
691 2123 924 2183 Symbolo:
941 2127 996 2169 Et
1008 2125 1053 2168 in
1064 2125 1270 2184 Spiritum
1284 2135 1498 2171 sanctum.
1514 2131 1600 2174 Ista

211 2200 394 2243 Trinitas
407 2212 520 2241 unus
536 2200 664 2250 Deus,
678 2211 765 2240 una
779 2204 949 2250 natura,
966 2210 1052 2239 una
1065 2195 1322 2250 substantia,
1340 2212 1426 2240 una
1439 2211 1600 2256 poten-

210 2270 285 2323 tia,
302 2283 468 2313 summa
480 2266 717 2326 aequalitas,
734 2264 854 2308 nulla
870 2265 1039 2320 divisio,
1051 2265 1171 2309 nulla
1188 2266 1428 2321 diversitas,
1442 2283 1599 2327 perpe-

214 2349 285 2382 tua
307 2339 504 2383 charitas.
532 2337 673 2381 Vultis
691 2351 814 2380 nosse
836 2335 957 2395 quod
980 2339 1093 2381 Deus
1111 2345 1174 2380 est
1194 2336 1378 2394 Spiritus
1399 2342 1600 2384 sanctus?

210 2409 382 2465 Baptiza
390 2409 507 2461 mini,
519 2417 562 2451 et
575 2406 786 2465 templum
799 2408 890 2466 ejus
900 2407 1029 2451 eritis.
1042 2406 1273 2466 Apostolus
1283 2406 1408 2452 dicit:
1426 2428 1443 2449 «
1455 2411 1598 2455 Nesci-

217 2496 236 2517 »
257 2479 306 2520 tis
318 2477 417 2534 quia
431 2486 757 2534 corporavestra
766 2475 977 2533 templum
988 2477 1032 2520 in
1044 2476 1166 2521 vobis
1176 2485 1238 2519 est
1249 2477 1591 2534 Spiritussancti,

262 2570 268 2583 ¹
292 2569 483 2598 5i2»t1!2.xxv
517 2567 569 2606 34
592 2583 627 2588 --
654 2574 664 2587 ²
684 2566 764 2596 llud.
786 2565 839 2605 4¹·
