1729 3143
336 246 419 275 Lm.
454 247 485 273 Ι.
520 247 574 273 DE
606 247 790 274 MORIBUS
824 246 1022 274 ECCLESIAE
1051 246 1308 273 CATHOLIGAE.
1433 234 1516 275 519

135 309 316 368 longum
339 319 428 364 est,
451 319 494 354 et
513 309 596 354 alio
618 310 793 354 festinat
825 311 976 354 oratio.
1006 310 1097 354 Tali
1130 320 1274 354 tamen
1306 310 1517 369 principio

136 379 374 423 constituto
392 413 402 433 ‚
433 379 663 439 exequitur
691 379 836 423 omnia
854 413 864 434 ‚
889 380 1129 425 vanitantes
1149 395 1239 423 esse
1258 394 1330 423 eos
1352 380 1428 439 qui
1446 395 1513 423 re-

135 449 216 492 bus
243 449 493 508 hujusmodi
520 448 749 493 falluntur.
786 448 979 508 Idipsum
1010 459 1154 494 autem
1186 465 1276 509 quo
1303 448 1516 494 falluntur

136 519 370 565 vanitatem
391 534 550 563 vocans
565 554 575 574 ‚
601 534 690 564 non
707 520 827 579 quod
852 520 1061 564 Deusista
1083 536 1173 565 non
1190 520 1414 576 creaverit,
1439 521 1517 566 sed

134 589 236 649 quia
263 589 476 648 subjicere
498 604 541 633 se
562 589 759 634 homines
786 588 943 633 volunt
970 589 1020 633 iis
1054 590 1183 634 rebus
1215 605 1292 650 per
1314 599 1516 650 peccata,

132 675 233 719 quae
253 659 338 703 illis
356 674 434 718 per
455 669 570 704 recte
597 660 711 704 facta
739 658 886 704 divina
908 659 1004 719 lege
1025 660 1232 721 subjectae
1258 670 1376 706 sunt.
1401 662 1518 714 Quid

0 748 4 752 ·
71 773 75 775 Α
132 738 196 774 est
217 729 330 773 enim
353 727 472 775 aliud
488 764 499 784 ‚
527 728 645 774 falsis
667 730 794 774 bonis
814 728 940 774 illudi
960 738 1091 789 atque
1123 730 1289 785 decipi,
1320 746 1453 788 quam
1473 740 1517 775 te

129 800 224 860 ipso
255 799 458 845 inferiora
478 835 488 855 ,
529 800 726 845 miranda
764 809 807 844 et
839 800 1084 859 appetenda
1116 796 1351 841 arbitrari?
1372 799 1517 846 Habet

129 871 263 929 igitur
282 872 347 915 vir
367 880 613 926 temperans
634 872 680 910 in
702 864 1001 926 hujuscemodi
1033 867 1164 911 rebus
1196 868 1452 914 mortalibus
1472 880 1516 915 et

129 937 396 993 fluentibus,
422 938 523 982 vitae
543 936 738 996 regulam
764 945 953 997 utroque
977 939 1252 984 Testamento
1274 939 1512 1000 firmatam3

129 1018 181 1053 ut
201 1023 353 1053 eorum
381 1008 491 1052 nihil
518 1007 694 1065 diligat,
728 1006 838 1050 nihil
863 1022 940 1066 per
967 1022 1011 1051 se
1039 1009 1336 1067 appetendum
1356 1019 1482 1069 putet
1500 1045 1512 1066 ‚

130 1078 206 1123 sed
225 1077 279 1122 ad
300 1078 399 1122 vitae
420 1078 551 1137 hujus
574 1086 703 1137 atque
721 1077 964 1121 officiorum
986 1078 1282 1123 necessitatem
1297 1088 1511 1139 quantum

130 1156 195 1193 sat
217 1157 282 1191 est
308 1155 511 1206 usurpet,
542 1147 704 1191 utentis
738 1146 976 1202 modestia,
1006 1163 1094 1192 non
1126 1149 1307 1193 amantis
1335 1149 1511 1194 affectu.

131 1219 236 1262 Haec
269 1215 384 1261 dicta
413 1216 498 1260 sint
529 1215 584 1260 de
616 1216 901 1276 temperantia
933 1232 1013 1276 pro
1041 1232 1186 1262 rerum
1215 1217 1514 1276 magnitudine

117 1287 351 1344 rbreviter3
394 1301 475 1345 pro
516 1285 716 1330 instituto
754 1294 903 1331 tamen
944 1301 1074 1346 opere
1116 1286 1294 1332 fortasse
1325 1287 1514 1347 opiosius

131 1372 262 1418 quam
285 1356 532 1417 oportebat.

96 1426 99 1427 ⁷
190 1429 283 1472 XL.
309 1430 372 1472 De
388 1426 648 1472 fortitudine
665 1441 768 1471 vero
788 1440 879 1471 non
891 1425 1029 1471 multa
1049 1425 1233 1471 dicenda
1245 1436 1363 1472 sunt.
1379 1430 1513 1474 Amor

130 1513 321 1558 namque
349 1497 422 1542 ille
453 1496 508 1542 de
536 1512 625 1557 quo
651 1496 898 1557 loquimur,
924 1511 1054 1557 quem
1082 1505 1172 1541 tota
1194 1497 1420 1542 sanctitate
1441 1498 1513 1543 in-

129 1569 401 1613 flammatum
425 1583 515 1612 esse
532 1576 704 1627 oportet
721 1567 765 1611 in
786 1570 923 1611 Deum
939 1602 950 1624 ‚
974 1567 1021 1611 in
1041 1582 1131 1612 non
1153 1567 1406 1627 appetendis
1422 1568 1513 1613 istis

128 1647 374 1697 temperans
389 1672 400 1693 ,
425 1638 471 1682 in
492 1636 739 1682 amittendis
761 1636 884 1682 fortis
905 1646 1102 1682 vocatur.
1132 1637 1217 1683 Sed
1238 1638 1351 1683 inter
1368 1639 1513 1684 omnia

127 1723 227 1769 quae
248 1709 294 1752 in
316 1708 396 1752 hac
417 1708 505 1752 vita
523 1706 801 1766 possidentur
816 1742 828 1763 ,
852 1722 1010 1766 corpus
1027 1708 1195 1752 homini
1216 1708 1514 1766 gravissimum

128 1778 355 1824 vinculum
377 1787 461 1833 est,
491 1778 734 1838 justissimis
756 1778 834 1822 Dei
856 1778 1026 1837 legibus
1043 1813 1053 1833 ‚
1078 1788 1256 1838 propter
1284 1779 1513 1839 antiquum

128 1858 383 1910 peccatum,
418 1864 508 1909 quo
542 1848 652 1892 nihil
679 1858 743 1893 est
771 1849 827 1893 ad
854 1848 1184 1908 praedicandum
1206 1850 1379 1905 notius,
1404 1850 1513 1894 nihil

129 1920 184 1965 ad
204 1920 541 1978 intelligendum
573 1920 791 1964 secretius.
822 1922 915 1964 Hoc
947 1935 1049 1978 ergo
1077 1919 1301 1964 vinculum
1331 1935 1386 1963 ne
1406 1935 1514 1965 con-

64 1981 75 1986 ..
127 1991 319 2036 cutiatur
342 1999 472 2049 atque
494 1998 699 2045 vexetur,
728 1989 887 2034 laboris
919 1999 962 2035 et
993 1989 1182 2048 doloris3
1215 2005 1270 2034 ne
1292 1989 1512 2039 auferatur

129 2070 260 2121 atque
294 2060 556 2119 perimatur,
597 2059 748 2104 mortis
785 2069 948 2104 terrore
982 2059 1172 2104 animam
1201 2059 1358 2120 quatit.
1383 2062 1513 2105 Amat

2 2144 6 2149 '
72 2149 73 2153 ¹
128 2133 245 2177 enim
268 2130 380 2176 illud
401 2132 445 2176 vi
473 2131 799 2176 consuetudinis
816 2166 828 2186 ‚
864 2146 955 2176 non
976 2129 1245 2190 intelligens,
1270 2131 1303 2174 si
1325 2145 1377 2175 eo
1399 2130 1512 2176 bene

128 2212 260 2263 atque
277 2203 462 2247 scienter
481 2210 630 2246 utatur
645 2236 657 2256 ‚
688 2201 1048 2246 resurrectionem
1070 2199 1513 2260 reformationemque

127 2275 218 2333 ejus
245 2288 327 2333 ope
349 2288 398 2318 ac
419 2273 514 2331 lege
535 2272 679 2316 divina
701 2273 792 2316 sine
814 2272 904 2316 ulla
924 2271 1119 2317 molestia
1148 2272 1234 2332 juri
1261 2287 1340 2317 suo
1361 2271 1514 2316 subdi-

127 2352 217 2388 tam
239 2343 333 2388 fore
360 2362 368 2388 :
395 2342 470 2387 sed
492 2358 591 2388 cum
615 2357 658 2386 se
680 2343 763 2386 hoc
786 2357 931 2387 amore
949 2351 1038 2386 tota
1060 2343 1105 2386 in
1128 2345 1266 2386 Deum
1281 2350 1511 2387 converte-

128 2415 200 2469 rit,
224 2414 291 2457 his
312 2413 496 2472 cognitis
528 2421 712 2458 mortem
748 2428 838 2458 non
875 2411 1006 2458 modo
1030 2421 1306 2467 contemnet,
1331 2426 1511 2457 verum-

128 2485 261 2529 etiam
282 2483 559 2529 desiderabit.
908 2502 913 2503 ⁷

186 2555 302 2598 XLI.
341 2554 425 2599 Sed
443 2563 574 2600 restat
593 2569 692 2599 cum
709 2552 859 2598 dolore
882 2564 1037 2610 magna
1059 2551 1294 2597 conflictio.
1315 2551 1432 2598 Nihil
1446 2559 1510 2595 est
