1729 3143
175 271 242 287 m

1159 281 1544 300 mmmm

486 483 1242 555 ANNOTATIONES.

377 957 632 998 Amvonzmo
653 953 718 1009 (1)
738 960 782 996 et
802 953 867 1010 (2)
886 951 977 997 vid.
997 967 1097 1013 pag.
1124 958 1180 999 40
1199 964 1242 1000 et
1264 962 1362 1001 109.

570 1122 827 1165 ΑΝΝοΤΑΤΙο
847 1121 912 1179 (3)
931 1134 1027 1180 pag.
1054 1127 1153 1166 207.

232 1280 530 1327 Meminerunt
550 1279 828 1326 Marcellinus
850 1289 894 1326 et
915 1283 1099 1341 Prosper
1119 1281 1165 1326 in
1186 1282 1351 1328 Chron.
1381 1292 1425 1328 et
1445 1286 1559 1329 Pau-

175 1352 244 1398 lus
263 1351 475 1399 diaconus
496 1352 574 1397 lib.
598 1370 697 1397 xm.
723 1352 875 1398 Refert
895 1352 1104 1399 Batonius
1124 1351 1179 1397 ad
1199 1368 1363 1398 annum
1385 1360 1485 1400 396.

589 1526 845 1568 ΑΝΝΟΤΑΤΙΟ
861 1524 929 1581 (4)
947 1537 1045 1583 pag.
1071 1527 1171 1568 214.

234 1692 505 1752 Epiphanius
532 1691 799 1737 Constantiae
827 1706 903 1735 seu
929 1691 1157 1736 Salaminae
1179 1693 1234 1735 *in
1255 1693 1403 1752 Cypro
1425 1692 1567 1737 insula

175 1763 432 1823 episcopus,
462 1763 666 1807 humanis
699 1762 829 1806 rebus
860 1771 1086 1821 exemptus
1120 1771 1184 1806 est
1210 1762 1379 1806 circiter
1403 1778 1567 1807 annum

175 1834 339 1882 Christi
367 1838 468 1880 403.
505 1834 645 1893 Ipsius
667 1833 872 1878 adversus
903 1833 1121 1891 octoginta
1155 1834 1339 1878 haereses
1372 1834 1568 1878 immensi

176 1906 356 1966 Operis,
395 1904 519 1966 quod
549 1904 782 1950 Panarium
817 1904 1056 1963 inscripsit,
1093 1906 1267 1951 nonnisi
1301 1906 1490 1966 epitome
1523 1915 1567 1950 et

179 1976 563 2039 Anacephalaeosis
592 1974 837 2035 Augustino
857 1975 1046 2034 cognita.

576 2147 833 2195 Amo‘rmo
859 2147 923 2206 (5)
951 2158 1053 2207 pag.
1076 2147 1178 2190 215.

237 2319 463 2364 Haeresum
483 2317 703 2363 indiculus
722 2318 777 2363 ab
800 2317 946 2379 aliquo
965 2315 1037 2361 hic
1064 2314 1256 2375 adjectus
1276 2322 1341 2360 est
1367 2333 1376 2360 :
1398 2315 1560 2375 reperi-

180 2390 319 2437 turin
347 2389 566 2450 plerisque
588 2392 713 2436 MSS.
740 2386 830 2434 non
861 2390 945 2434 hoc
975 2387 1096 2442 loco,
1120 2385 1195 2431 sed
1221 2386 1266 2430 in
1295 2385 1440 2431 fronte
1457 2386 1559 2431 libri

182 2472 284 2509 ante
305 2461 606 2523 praefationem
640 2461 893 2516 collocatu3‚
925 2475 1024 2504 cum
1048 2457 1296 2519 hujusmodi
1323 2458 1453 2506 titulo
1481 2478 1490 2504 ε
1513 2458 1561 2504 in

183 2532 276 2580 hoc
297 2531 418 2579 libro
439 2542 542 2579 zstoe
564 2531 769 2579 hoereses
790 2530 1103 2577 continentur.
