<?xml version="1.0" encoding="UTF-8"?>
<!DOCTYPE html PUBLIC "-//W3C//DTD XHTML 1.0 Transitional//EN"
    "http://www.w3.org/TR/xhtml1/DTD/xhtml1-transitional.dtd">
<html xmlns="http://www.w3.org/1999/xhtml" xml:lang="en" lang="en">
 <head>
  <title>
</title>
<meta http-equiv="Content-Type" content="text/html;charset=utf-8" />
  <meta name='ocr-system' content='tesseract 3.04.00' />
  <meta name='ocr-capabilities' content='ocr_page ocr_carea ocr_par ocr_line ocrx_word'/>
</head>
<body>
  <div class='ocr_page' id='page_1' title='image "./operaomniaaccura27auguuoft/operaomniaaccura27auguuoft_0257.png"; bbox 0 0 1729 3143; ppageno 0'>
   <div class='ocr_carea' id='block_1_1' title="bbox 615 223 1475 266">
    <p class='ocr_par' dir='ltr' id='par_1_1' title="bbox 615 223 1475 266">
     <span class='ocr_line' id='line_1_1' title="bbox 615 223 1475 266; baseline -0.006 0"><span class='ocrx_word' id='word_1_1' title='bbox 615 240 669 266; x_wconf 71' lang='lat' dir='ltr'>m:</span> <span class='ocrx_word' id='word_1_2' title='bbox 705 238 953 265; x_wconf 76' lang='lat' dir='ltr'>HAEREsfflUs.</span> <span class='ocrx_word' id='word_1_3' title='bbox 1391 223 1475 262; x_wconf 78' lang='lat'>245</span> 
     </span>
    </p>
   </div>
   <div class='ocr_carea' id='block_1_2' title="bbox 96 300 1498 2600">
    <p class='ocr_par' dir='ltr' id='par_1_2' title="bbox 96 300 1495 1544">
     <span class='ocr_line' id='line_1_2' title="bbox 96 300 1477 366; baseline -0.005 -16"><span class='ocrx_word' id='word_1_4' title='bbox 96 306 171 366; x_wconf 89' lang='lat' dir='ltr'>qui</span> <span class='ocrx_word' id='word_1_5' title='bbox 186 304 482 350; x_wconf 83' lang='lat' dir='ltr'>Mathematici</span> <span class='ocrx_word' id='word_1_6' title='bbox 495 303 629 363; x_wconf 81' lang='lat' dir='ltr'>vulgo</span> <span class='ocrx_word' id='word_1_7' title='bbox 643 301 931 362; x_wconf 81' lang='lat' dir='ltr'>appellantur,</span> <span class='ocrx_word' id='word_1_8' title='bbox 952 301 1262 347; x_wconf 76' lang='lat' dir='ltr'>constituentes</span> <span class='ocrx_word' id='word_1_9' title='bbox 1274 300 1321 343; x_wconf 92' lang='lat' dir='ltr'>in</span> <span class='ocrx_word' id='word_1_10' title='bbox 1337 300 1477 359; x_wconf 87' lang='lat' dir='ltr'>capite</span> 
     </span>
     <span class='ocr_line' id='line_1_3' title="bbox 99 371 1480 431; baseline -0.005 -10"><span class='ocrx_word' id='word_1_11' title='bbox 99 376 303 431; x_wconf 78' lang='lat' dir='ltr'>Arietem,</span> <span class='ocrx_word' id='word_1_12' title='bbox 318 379 508 420; x_wconf 85' lang='lat' dir='ltr'><strong>Taurum</strong></span> <span class='ocrx_word' id='word_1_13' title='bbox 520 376 565 418; x_wconf 91' lang='lat' dir='ltr'>in</span> <span class='ocrx_word' id='word_1_14' title='bbox 576 373 756 427; x_wconf 85' lang='lat' dir='ltr'>cervice,</span> <span class='ocrx_word' id='word_1_15' title='bbox 769 373 973 416; x_wconf 87' lang='lat' dir='ltr'>Geminos</span> <span class='ocrx_word' id='word_1_16' title='bbox 984 373 1029 416; x_wconf 92' lang='lat' dir='ltr'>in</span> <span class='ocrx_word' id='word_1_17' title='bbox 1041 371 1247 426; x_wconf 88' lang='lat' dir='ltr'>humeris,</span> <span class='ocrx_word' id='word_1_18' title='bbox 1261 372 1480 415; x_wconf 84' lang='lat' dir='ltr'>Cancrum</span> 
     </span>
     <span class='ocr_line' id='line_1_4' title="bbox 97 441 1480 506; baseline -0.003 -17"><span class='ocrx_word' id='word_1_19' title='bbox 97 447 142 489; x_wconf 92' lang='lat' dir='ltr'>in</span> <span class='ocrx_word' id='word_1_20' title='bbox 178 455 367 506; x_wconf 88' lang='lat' dir='ltr'>pectore,</span> <span class='ocrx_word' id='word_1_21' title='bbox 403 455 446 490; x_wconf 90' lang='lat' dir='ltr'>et</span> <span class='ocrx_word' id='word_1_22' title='bbox 477 453 632 490; x_wconf 84' lang='lat' dir='ltr'>caetera</span> <span class='ocrx_word' id='word_1_23' title='bbox 664 442 920 487; x_wconf 91' lang='lat' dir='ltr'>nominatim</span> <span class='ocrx_word' id='word_1_24' title='bbox 943 443 1064 501; x_wconf 85' lang='lat' dir='ltr'>signa</span> <span class='ocrx_word' id='word_1_25' title='bbox 1084 451 1400 501; x_wconf 87' lang='lat' dir='ltr'>percurrentes,</span> <span class='ocrx_word' id='word_1_26' title='bbox 1425 441 1480 485; x_wconf 92' lang='lat' dir='ltr'>ad</span> 
     </span>
     <span class='ocr_line' id='line_1_5' title="bbox 96 511 1480 576; baseline -0.003 -16"><span class='ocrx_word' id='word_1_27' title='bbox 96 516 265 575; x_wconf 86' lang='lat' dir='ltr'>plantas</span> <span class='ocrx_word' id='word_1_28' title='bbox 293 531 430 576; x_wconf 89' lang='lat' dir='ltr'>usque</span> <span class='ocrx_word' id='word_1_29' title='bbox 456 514 731 574; x_wconf 88' lang='lat' dir='ltr'>perveniunt,</span> <span class='ocrx_word' id='word_1_30' title='bbox 757 527 864 572; x_wconf 92' lang='lat' dir='ltr'>quas</span> <span class='ocrx_word' id='word_1_31' title='bbox 886 512 1080 556; x_wconf 88' lang='lat' dir='ltr'>Piscibus</span> <span class='ocrx_word' id='word_1_32' title='bbox 1111 513 1334 568; x_wconf 89' lang='lat' dir='ltr'>tribuunt,</span> <span class='ocrx_word' id='word_1_33' title='bbox 1359 511 1480 572; x_wconf 90' lang='lat' dir='ltr'>quod</span> 
     </span>
     <span class='ocr_line' id='line_1_6' title="bbox 96 581 1482 643; baseline -0.004 -14"><span class='ocrx_word' id='word_1_34' title='bbox 96 585 299 629; x_wconf 90' lang='lat' dir='ltr'>ultimum</span> <span class='ocrx_word' id='word_1_35' title='bbox 331 586 503 643; x_wconf 85' lang='lat' dir='ltr'>signum</span> <span class='ocrx_word' id='word_1_36' title='bbox 525 584 581 627; x_wconf 90' lang='lat' dir='ltr'>ab</span> <span class='ocrx_word' id='word_1_37' title='bbox 605 582 828 641; x_wconf 80' lang='lat' dir='ltr'>astrologis</span> <span class='ocrx_word' id='word_1_38' title='bbox 860 591 1156 641; x_wconf 90' lang='lat' dir='ltr'>nuncupatur.</span> <span class='ocrx_word' id='word_1_39' title='bbox 1190 585 1294 626; x_wconf 86' lang='lat' dir='ltr'>Haec</span> <span class='ocrx_word' id='word_1_40' title='bbox 1326 591 1370 626; x_wconf 88' lang='lat' dir='ltr'>et</span> <span class='ocrx_word' id='word_1_41' title='bbox 1400 581 1482 625; x_wconf 90' lang='lat' dir='ltr'>alia</span> 
     </span>
     <span class='ocr_line' id='line_1_7' title="bbox 97 651 1485 712; baseline -0.002 -13"><span class='ocrx_word' id='word_1_42' title='bbox 97 655 311 709; x_wconf 79' lang='lat' dir='ltr'>fabulosa,</span> <span class='ocrx_word' id='word_1_43' title='bbox 343 670 468 708; x_wconf 83' lang='lat' dir='ltr'>vana,</span> <span class='ocrx_word' id='word_1_44' title='bbox 494 653 715 711; x_wconf 83' lang='lat' dir='ltr'>sacrilega,</span> <span class='ocrx_word' id='word_1_45' title='bbox 740 669 840 712; x_wconf 87' lang='lat' dir='ltr'>quae</span> <span class='ocrx_word' id='word_1_46' title='bbox 861 654 1060 712; x_wconf 88' lang='lat' dir='ltr'>persequi</span> <span class='ocrx_word' id='word_1_47' title='bbox 1082 651 1263 711; x_wconf 84' lang='lat' dir='ltr'>longum</span> <span class='ocrx_word' id='word_1_48' title='bbox 1286 662 1366 706; x_wconf 90' lang='lat' dir='ltr'>est,</span> <span class='ocrx_word' id='word_1_49' title='bbox 1391 654 1485 696; x_wconf 84' lang='lat' dir='ltr'>hae-</span> 
     </span>
     <span class='ocr_line' id='line_1_8' title="bbox 99 724 1485 784; baseline -0.002 -15"><span class='ocrx_word' id='word_1_50' title='bbox 99 727 200 769; x_wconf 90' lang='lat' dir='ltr'>resis</span> <span class='ocrx_word' id='word_1_51' title='bbox 221 727 298 769; x_wconf 89' lang='lat' dir='ltr'>ista</span> <span class='ocrx_word' id='word_1_52' title='bbox 319 726 522 768; x_wconf 87' lang='lat' dir='ltr'>contexit.</span> <span class='ocrx_word' id='word_1_53' title='bbox 548 726 708 768; x_wconf 89' lang='lat' dir='ltr'>Carnes</span> <span class='ocrx_word' id='word_1_54' title='bbox 729 733 932 784; x_wconf 86' lang='lat' dir='ltr'>tanquam</span> <span class='ocrx_word' id='word_1_55' title='bbox 950 724 1198 768; x_wconf 90' lang='lat' dir='ltr'>immundas</span> <span class='ocrx_word' id='word_1_56' title='bbox 1218 739 1333 768; x_wconf 89' lang='lat' dir='ltr'>escas</span> <span class='ocrx_word' id='word_1_57' title='bbox 1355 724 1485 767; x_wconf 90' lang='lat' dir='ltr'>etiam</span> 
     </span>
     <span class='ocr_line' id='line_1_9' title="bbox 99 793 1490 854; baseline -0.002 -16"><span class='ocrx_word' id='word_1_58' title='bbox 99 795 187 853; x_wconf 87' lang='lat' dir='ltr'>ipsa</span> <span class='ocrx_word' id='word_1_59' title='bbox 206 793 395 838; x_wconf 88' lang='lat' dir='ltr'>devitat:</span> <span class='ocrx_word' id='word_1_60' title='bbox 416 795 637 853; x_wconf 86' lang='lat' dir='ltr'>conjuges,</span> <span class='ocrx_word' id='word_1_61' title='bbox 654 793 811 854; x_wconf 90' lang='lat' dir='ltr'>quibus</span> <span class='ocrx_word' id='word_1_62' title='bbox 828 794 911 838; x_wconf 91' lang='lat' dir='ltr'>hoc</span> <span class='ocrx_word' id='word_1_63' title='bbox 925 793 1088 837; x_wconf 89' lang='lat' dir='ltr'>malum</span> <span class='ocrx_word' id='word_1_64' title='bbox 1104 795 1296 852; x_wconf 89' lang='lat' dir='ltr'>potuerit</span> <span class='ocrx_word' id='word_1_65' title='bbox 1313 808 1490 852; x_wconf 87' lang='lat' dir='ltr'>persua-</span> 
     </span>
     <span class='ocr_line' id='line_1_10' title="bbox 99 862 1490 923; baseline -0.002 -16"><span class='ocrx_word' id='word_1_66' title='bbox 99 864 217 918; x_wconf 90' lang='lat' dir='ltr'>dere,</span> <span class='ocrx_word' id='word_1_67' title='bbox 243 863 508 923; x_wconf 80' lang='lat' dir='ltr'>disjungens.</span> <span class='ocrx_word' id='word_1_68' title='bbox 530 873 572 908; x_wconf 91' lang='lat' dir='ltr'>et</span> <span class='ocrx_word' id='word_1_69' title='bbox 592 864 705 908; x_wconf 90' lang='lat' dir='ltr'>viros</span> <span class='ocrx_word' id='word_1_70' title='bbox 729 879 753 907; x_wconf 91' lang='lat' dir='ltr'>a</span> <span class='ocrx_word' id='word_1_71' title='bbox 772 863 1022 908; x_wconf 90' lang='lat' dir='ltr'>nolentibus</span> <span class='ocrx_word' id='word_1_72' title='bbox 1039 863 1248 918; x_wconf 86' lang='lat' dir='ltr'>foeminis,</span> <span class='ocrx_word' id='word_1_73' title='bbox 1275 872 1318 906; x_wconf 86' lang='lat' dir='ltr'>et</span> <span class='ocrx_word' id='word_1_74' title='bbox 1340 862 1490 906; x_wconf 87' lang='lat' dir='ltr'>foemi-</span> 
     </span>
     <span class='ocr_line' id='line_1_11' title="bbox 100 933 1489 994; baseline -0.003 -16"><span class='ocrx_word' id='word_1_75' title='bbox 100 950 177 978; x_wconf 92' lang='lat' dir='ltr'>nas</span> <span class='ocrx_word' id='word_1_76' title='bbox 199 950 222 978; x_wconf 90' lang='lat' dir='ltr'>a</span> <span class='ocrx_word' id='word_1_77' title='bbox 244 935 493 978; x_wconf 85' lang='lat' dir='ltr'>nolentibus</span> <span class='ocrx_word' id='word_1_78' title='bbox 510 935 625 977; x_wconf 88' lang='lat' dir='ltr'>viris.</span> <span class='ocrx_word' id='word_1_79' title='bbox 643 935 876 993; x_wconf 90' lang='lat' dir='ltr'>Opificium</span> <span class='ocrx_word' id='word_1_80' title='bbox 896 935 1059 994; x_wconf 87' lang='lat' dir='ltr'>quippe</span> <span class='ocrx_word' id='word_1_81' title='bbox 1076 935 1215 979; x_wconf 90' lang='lat' dir='ltr'>omnis</span> <span class='ocrx_word' id='word_1_82' title='bbox 1237 933 1377 977; x_wconf 89' lang='lat' dir='ltr'>carnis</span> <span class='ocrx_word' id='word_1_83' title='bbox 1400 946 1489 975; x_wconf 91' lang='lat' dir='ltr'>non</span> 
     </span>
     <span class='ocr_line' id='line_1_12' title="bbox 101 1002 1491 1063; baseline -0.001 -16"><span class='ocrx_word' id='word_1_84' title='bbox 101 1008 190 1047; x_wconf 90' lang='lat' dir='ltr'>Deo</span> <span class='ocrx_word' id='word_1_85' title='bbox 227 1004 344 1047; x_wconf 90' lang='lat' dir='ltr'>bono</span> <span class='ocrx_word' id='word_1_86' title='bbox 378 1013 420 1047; x_wconf 94' lang='lat' dir='ltr'>et</span> <span class='ocrx_word' id='word_1_87' title='bbox 451 1019 569 1058; x_wconf 87' lang='lat' dir='ltr'>vero,</span> <span class='ocrx_word' id='word_1_88' title='bbox 603 1004 677 1047; x_wconf 90' lang='lat' dir='ltr'>sed</span> <span class='ocrx_word' id='word_1_89' title='bbox 705 1004 906 1063; x_wconf 84' lang='lat' dir='ltr'>malignis</span> <span class='ocrx_word' id='word_1_90' title='bbox 941 1004 1099 1062; x_wconf 86' lang='lat' dir='ltr'>angelis</span> <span class='ocrx_word' id='word_1_91' title='bbox 1133 1004 1336 1047; x_wconf 87' lang='lat' dir='ltr'>tribuunt</span> <span class='ocrx_word' id='word_1_92' title='bbox 1357 1021 1365 1046; x_wconf 91' lang='lat'>:</span> <span class='ocrx_word' id='word_1_93' title='bbox 1405 1002 1491 1046; x_wconf 91' lang='lat' dir='ltr'>hoc</span> 
     </span>
     <span class='ocr_line' id='line_1_13' title="bbox 98 1073 1488 1134; baseline 0 -18"><span class='ocrx_word' id='word_1_94' title='bbox 98 1073 355 1117; x_wconf 84' lang='lat' dir='ltr'>versutiores</span> <span class='ocrx_word' id='word_1_95' title='bbox 373 1074 502 1117; x_wconf 88' lang='lat' dir='ltr'>etiam</span> <span class='ocrx_word' id='word_1_96' title='bbox 524 1074 775 1118; x_wconf 82' lang='lat' dir='ltr'>Manichaeis</span> <span class='ocrx_word' id='word_1_97' title='bbox 793 1074 913 1134; x_wconf 88' lang='lat' dir='ltr'>quod</span> <span class='ocrx_word' id='word_1_98' title='bbox 933 1074 1040 1117; x_wconf 89' lang='lat' dir='ltr'>nihil</span> <span class='ocrx_word' id='word_1_99' title='bbox 1068 1074 1391 1132; x_wconf 88' lang='lat' dir='ltr'>Scripturarum</span> <span class='ocrx_word' id='word_1_100' title='bbox 1413 1087 1488 1116; x_wconf 86' lang='lat' dir='ltr'>ca-</span> 
     </span>
     <span class='ocr_line' id='line_1_14' title="bbox 99 1143 1492 1201; baseline -0.001 -15"><span class='ocrx_word' id='word_1_101' title='bbox 99 1144 352 1187; x_wconf 86' lang='lat' dir='ltr'>nonicarum</span> <span class='ocrx_word' id='word_1_102' title='bbox 392 1143 646 1201; x_wconf 85' lang='lat' dir='ltr'>repudiant,</span> <span class='ocrx_word' id='word_1_103' title='bbox 682 1143 809 1186; x_wconf 85' lang='lat' dir='ltr'>simul</span> <span class='ocrx_word' id='word_1_104' title='bbox 844 1156 942 1183; x_wconf 90' lang='lat' dir='ltr'>cum</span> <span class='ocrx_word' id='word_1_105' title='bbox 984 1144 1258 1198; x_wconf 89' lang='lat' dir='ltr'>Apocryphis</span> <span class='ocrx_word' id='word_1_106' title='bbox 1297 1143 1492 1200; x_wconf 85' lang='lat' dir='ltr'>legentes</span> 
     </span>
     <span class='ocr_line' id='line_1_15' title="bbox 100 1207 1494 1262; baseline -0.001 -7"><span class='ocrx_word' id='word_1_107' title='bbox 100 1213 244 1256; x_wconf 81' lang='lat' dir='ltr'>omnia</span> <span class='ocrx_word' id='word_1_108' title='bbox 264 1221 307 1255; x_wconf 87' lang='lat' dir='ltr'>et</span> <span class='ocrx_word' id='word_1_109' title='bbox 328 1213 374 1255; x_wconf 89' lang='lat' dir='ltr'>in</span> <span class='ocrx_word' id='word_1_110' title='bbox 397 1215 696 1256; x_wconf 88' lang='lat' dir='ltr'>auctoritatem</span> <span class='ocrx_word' id='word_1_111' title='bbox 721 1218 956 1262; x_wconf 88' lang='lat' dir='ltr'>sumentes,</span> <span class='ocrx_word' id='word_1_112' title='bbox 982 1207 1057 1251; x_wconf 87' lang='lat' dir='ltr'>scd</span> <span class='ocrx_word' id='word_1_113' title='bbox 1079 1209 1123 1251; x_wconf 93' lang='lat' dir='ltr'>in</span> <span class='ocrx_word' id='word_1_114' title='bbox 1141 1225 1240 1253; x_wconf 89' lang='lat' dir='ltr'>suos</span> <span class='ocrx_word' id='word_1_115' title='bbox 1257 1225 1407 1254; x_wconf 90' lang='lat' dir='ltr'>sensus</span> <span class='ocrx_word' id='word_1_116' title='bbox 1428 1211 1494 1254; x_wconf 89' lang='lat' dir='ltr'>al-</span> 
     </span>
     <span class='ocr_line' id='line_1_16' title="bbox 102 1278 1495 1338; baseline -0.001 -14"><span class='ocrx_word' id='word_1_117' title='bbox 102 1281 379 1338; x_wconf 83' lang='lat' dir='ltr'>legorizando</span> <span class='ocrx_word' id='word_1_118' title='bbox 409 1291 626 1324; x_wconf 81' lang='lat' dir='ltr'>vertentes</span> <span class='ocrx_word' id='word_1_119' title='bbox 658 1278 872 1338; x_wconf 86' lang='lat' dir='ltr'>quidquid</span> <span class='ocrx_word' id='word_1_120' title='bbox 894 1279 939 1321; x_wconf 86' lang='lat' dir='ltr'>in</span> <span class='ocrx_word' id='word_1_121' title='bbox 962 1279 1118 1321; x_wconf 83' lang='lat' dir='ltr'>sanctis</span> <span class='ocrx_word' id='word_1_122' title='bbox 1131 1278 1271 1321; x_wconf 89' lang='lat' dir='ltr'>Libris</span> <span class='ocrx_word' id='word_1_123' title='bbox 1288 1288 1352 1322; x_wconf 90' lang='lat' dir='ltr'>est</span> <span class='ocrx_word' id='word_1_124' title='bbox 1372 1279 1495 1338; x_wconf 90' lang='lat' dir='ltr'>quod</span> 
     </span>
     <span class='ocr_line' id='line_1_17' title="bbox 101 1347 1493 1394; baseline -0.001 -1"><span class='ocrx_word' id='word_1_125' title='bbox 101 1365 252 1394; x_wconf 89' lang='lat' dir='ltr'>eorum</span> <span class='ocrx_word' id='word_1_126' title='bbox 285 1358 451 1393; x_wconf 84' lang='lat' dir='ltr'>evertat</span> <span class='ocrx_word' id='word_1_127' title='bbox 480 1362 684 1391; x_wconf 88' lang='lat' dir='ltr'>errorem.</span> <span class='ocrx_word' id='word_1_128' title='bbox 712 1351 774 1391; x_wconf 92' lang='lat' dir='ltr'>De</span> <span class='ocrx_word' id='word_1_129' title='bbox 809 1348 981 1392; x_wconf 87' lang='lat' dir='ltr'>Christo</span> <span class='ocrx_word' id='word_1_130' title='bbox 1007 1347 1295 1391; x_wconf 78' lang='lat' dir='ltr'>sabellianam</span> <span class='ocrx_word' id='word_1_131' title='bbox 1331 1358 1493 1393; x_wconf 90' lang='lat' dir='ltr'>sectam</span> 
     </span>
     <span class='ocr_line' id='line_1_18' title="bbox 102 1416 1490 1476; baseline -0.001 -12"><span class='ocrx_word' id='word_1_132' title='bbox 102 1429 272 1474; x_wconf 91' lang='lat' dir='ltr'>tenent,</span> <span class='ocrx_word' id='word_1_133' title='bbox 305 1418 509 1462; x_wconf 90' lang='lat' dir='ltr'>eumdem</span> <span class='ocrx_word' id='word_1_134' title='bbox 540 1418 682 1476; x_wconf 89' lang='lat' dir='ltr'>ipsum</span> <span class='ocrx_word' id='word_1_135' title='bbox 706 1432 795 1460; x_wconf 87' lang='lat' dir='ltr'>esse</span> <span class='ocrx_word' id='word_1_136' title='bbox 817 1416 1008 1461; x_wconf 86' lang='lat' dir='ltr'>dicentes</span> <span class='ocrx_word' id='word_1_137' title='bbox 1030 1432 1120 1461; x_wconf 91' lang='lat' dir='ltr'>non</span> <span class='ocrx_word' id='word_1_138' title='bbox 1141 1417 1281 1462; x_wconf 88' lang='lat' dir='ltr'>solum</span> <span class='ocrx_word' id='word_1_139' title='bbox 1313 1418 1490 1473; x_wconf 85' lang='lat' dir='ltr'>Filium,</span> 
     </span>
     <span class='ocr_line' id='line_1_19' title="bbox 100 1486 1033 1544; baseline -0.004 -11"><span class='ocrx_word' id='word_1_140' title='bbox 100 1490 177 1533; x_wconf 91' lang='lat' dir='ltr'>sed</span> <span class='ocrx_word' id='word_1_141' title='bbox 194 1490 323 1532; x_wconf 86' lang='lat' dir='ltr'>etiam</span> <span class='ocrx_word' id='word_1_142' title='bbox 342 1492 513 1531; x_wconf 88' lang='lat' dir='ltr'>Patrem</span> <span class='ocrx_word' id='word_1_143' title='bbox 531 1496 574 1530; x_wconf 90' lang='lat' dir='ltr'>et</span> <span class='ocrx_word' id='word_1_144' title='bbox 594 1486 802 1544; x_wconf 85' lang='lat' dir='ltr'>Spiritum</span> <span class='ocrx_word' id='word_1_145' title='bbox 820 1495 1033 1530; x_wconf 76' lang='lat' dir='ltr'>sanctum,</span> 
     </span>
    </p>

    <p class='ocr_par' dir='ltr' id='par_1_3' title="bbox 101 1556 1496 1954">
     <span class='ocr_line' id='line_1_20' title="bbox 159 1556 1490 1617; baseline -0.002 -14"><span class='ocrx_word' id='word_1_146' title='bbox 159 1561 320 1603; x_wconf 88' lang='lat' dir='ltr'>LXXI.</span> <span class='ocrx_word' id='word_1_147' title='bbox 355 1558 469 1602; x_wconf 88' lang='lat' dir='ltr'>Dicit</span> <span class='ocrx_word' id='word_1_148' title='bbox 500 1557 711 1601; x_wconf 86' lang='lat' dir='ltr'>Philaster</span> <span class='ocrx_word' id='word_1_149' title='bbox 752 1571 841 1600; x_wconf 93' lang='lat' dir='ltr'>esse</span> <span class='ocrx_word' id='word_1_150' title='bbox 876 1556 981 1601; x_wconf 90' lang='lat' dir='ltr'>alios</span> <span class='ocrx_word' id='word_1_151' title='bbox 1009 1557 1256 1611; x_wconf 87' lang='lat' dir='ltr'>haereticos,</span> <span class='ocrx_word' id='word_1_152' title='bbox 1286 1558 1362 1617; x_wconf 88' lang='lat' dir='ltr'>qui</span> <span class='ocrx_word' id='word_1_153' title='bbox 1390 1573 1490 1602; x_wconf 90' lang='lat' dir='ltr'>cum</span> 
     </span>
     <span class='ocr_line' id='line_1_21' title="bbox 101 1626 1495 1687; baseline -0.001 -14"><span class='ocrx_word' id='word_1_154' title='bbox 101 1628 351 1673; x_wconf 86' lang='lat' dir='ltr'>bominibus</span> <span class='ocrx_word' id='word_1_155' title='bbox 366 1643 455 1671; x_wconf 92' lang='lat' dir='ltr'>non</span> <span class='ocrx_word' id='word_1_156' title='bbox 473 1635 653 1670; x_wconf 92' lang='lat' dir='ltr'>sumunt</span> <span class='ocrx_word' id='word_1_157' title='bbox 667 1641 804 1669; x_wconf 86' lang='lat' dir='ltr'>escas:</span> <span class='ocrx_word' id='word_1_158' title='bbox 825 1627 900 1669; x_wconf 93' lang='lat' dir='ltr'>sed</span> <span class='ocrx_word' id='word_1_159' title='bbox 913 1634 1059 1669; x_wconf 89' lang='lat' dir='ltr'>utrum</span> <span class='ocrx_word' id='word_1_160' title='bbox 1074 1641 1175 1670; x_wconf 91' lang='lat' dir='ltr'>cum</span> <span class='ocrx_word' id='word_1_161' title='bbox 1189 1626 1280 1670; x_wconf 89' lang='lat' dir='ltr'>aliis</span> <span class='ocrx_word' id='word_1_162' title='bbox 1292 1628 1364 1686; x_wconf 90' lang='lat' dir='ltr'>qui</span> <span class='ocrx_word' id='word_1_163' title='bbox 1384 1629 1495 1687; x_wconf 91' lang='lat' dir='ltr'>ejus-</span> 
     </span>
     <span class='ocr_line' id='line_1_22' title="bbox 102 1697 1494 1756; baseline -0.001 -13"><span class='ocrx_word' id='word_1_164' title='bbox 102 1700 201 1743; x_wconf 91' lang='lat' dir='ltr'>dem</span> <span class='ocrx_word' id='word_1_165' title='bbox 215 1708 342 1742; x_wconf 83' lang='lat' dir='ltr'>sectae</span> <span class='ocrx_word' id='word_1_166' title='bbox 355 1713 442 1741; x_wconf 91' lang='lat' dir='ltr'>non</span> <span class='ocrx_word' id='word_1_167' title='bbox 462 1706 579 1751; x_wconf 90' lang='lat' dir='ltr'>sunt,</span> <span class='ocrx_word' id='word_1_168' title='bbox 599 1712 655 1740; x_wconf 90' lang='lat' dir='ltr'>an</span> <span class='ocrx_word' id='word_1_169' title='bbox 673 1697 802 1740; x_wconf 91' lang='lat' dir='ltr'>etiam</span> <span class='ocrx_word' id='word_1_170' title='bbox 820 1697 933 1740; x_wconf 91' lang='lat' dir='ltr'>inter</span> <span class='ocrx_word' id='word_1_171' title='bbox 950 1712 994 1741; x_wconf 90' lang='lat' dir='ltr'>se</span> <span class='ocrx_word' id='word_1_172' title='bbox 1013 1698 1126 1756; x_wconf 90' lang='lat' dir='ltr'>ipsos</span> <span class='ocrx_word' id='word_1_173' title='bbox 1143 1697 1189 1741; x_wconf 91' lang='lat' dir='ltr'>id</span> <span class='ocrx_word' id='word_1_174' title='bbox 1204 1698 1382 1752; x_wconf 84' lang='lat' dir='ltr'>faciant,</span> <span class='ocrx_word' id='word_1_175' title='bbox 1404 1714 1494 1743; x_wconf 90' lang='lat' dir='ltr'>non</span> 
     </span>
     <span class='ocr_line' id='line_1_23' title="bbox 102 1767 1493 1828; baseline 0.001 -16"><span class='ocrx_word' id='word_1_176' title='bbox 102 1770 317 1828; x_wconf 86' lang='lat' dir='ltr'>exprimit.</span> <span class='ocrx_word' id='word_1_177' title='bbox 334 1768 447 1812; x_wconf 91' lang='lat' dir='ltr'>Dicit</span> <span class='ocrx_word' id='word_1_178' title='bbox 463 1768 593 1812; x_wconf 85' lang='lat' dir='ltr'>etiam</span> <span class='ocrx_word' id='word_1_179' title='bbox 611 1781 683 1811; x_wconf 88' lang='lat' dir='ltr'>eos</span> <span class='ocrx_word' id='word_1_180' title='bbox 699 1768 754 1811; x_wconf 93' lang='lat' dir='ltr'>de</span> <span class='ocrx_word' id='word_1_181' title='bbox 772 1769 898 1811; x_wconf 87' lang='lat' dir='ltr'>Patre</span> <span class='ocrx_word' id='word_1_182' title='bbox 915 1776 958 1811; x_wconf 90' lang='lat' dir='ltr'>et</span> <span class='ocrx_word' id='word_1_183' title='bbox 975 1767 1085 1812; x_wconf 90' lang='lat' dir='ltr'>Filio</span> <span class='ocrx_word' id='word_1_184' title='bbox 1104 1776 1235 1823; x_wconf 89' lang='lat' dir='ltr'>recte,</span> <span class='ocrx_word' id='word_1_185' title='bbox 1256 1768 1311 1812; x_wconf 87' lang='lat' dir='ltr'>de</span> <span class='ocrx_word' id='word_1_186' title='bbox 1331 1769 1493 1828; x_wconf 91' lang='lat' dir='ltr'>Spiritu</span> 
     </span>
     <span class='ocr_line' id='line_1_24' title="bbox 103 1836 1496 1897; baseline 0 -13"><span class='ocrx_word' id='word_1_187' title='bbox 103 1849 248 1884; x_wconf 86' lang='lat' dir='ltr'>autem</span> <span class='ocrx_word' id='word_1_188' title='bbox 269 1848 416 1882; x_wconf 88' lang='lat' dir='ltr'>sancto</span> <span class='ocrx_word' id='word_1_189' title='bbox 439 1854 528 1883; x_wconf 93' lang='lat' dir='ltr'>non</span> <span class='ocrx_word' id='word_1_190' title='bbox 553 1836 766 1882; x_wconf 90' lang='lat' dir='ltr'>catholice</span> <span class='ocrx_word' id='word_1_191' title='bbox 788 1852 958 1897; x_wconf 89' lang='lat' dir='ltr'>sapere,</span> <span class='ocrx_word' id='word_1_192' title='bbox 991 1838 1113 1897; x_wconf 91' lang='lat' dir='ltr'>quod</span> <span class='ocrx_word' id='word_1_193' title='bbox 1134 1853 1235 1882; x_wconf 87' lang='lat' dir='ltr'>eum</span> <span class='ocrx_word' id='word_1_194' title='bbox 1259 1839 1496 1897; x_wconf 88' lang='lat' dir='ltr'>opinentur</span> 
     </span>
     <span class='ocr_line' id='line_1_25' title="bbox 103 1918 464 1954; baseline -0.006 0"><span class='ocrx_word' id='word_1_195' title='bbox 103 1924 192 1954; x_wconf 89' lang='lat' dir='ltr'>esse</span> <span class='ocrx_word' id='word_1_196' title='bbox 207 1918 464 1953; x_wconf 88' lang='lat' dir='ltr'>creaturam.</span> 
     </span>
    </p>

    <p class='ocr_par' dir='ltr' id='par_1_4' title="bbox 102 1977 1492 2232">
     <span class='ocr_line' id='line_1_26' title="bbox 162 1977 1492 2037; baseline 0.001 -15"><span class='ocrx_word' id='word_1_197' title='bbox 162 1980 344 2022; x_wconf 85' lang='lat' dir='ltr'>LXXII.</span> <span class='ocrx_word' id='word_1_198' title='bbox 380 1981 416 2022; x_wconf 87' lang='lat' dir='ltr'>A</span> <span class='ocrx_word' id='word_1_199' title='bbox 435 1978 645 2022; x_wconf 88' lang='lat' dir='ltr'>Rhetorio</span> <span class='ocrx_word' id='word_1_200' title='bbox 662 1977 855 2037; x_wconf 91' lang='lat' dir='ltr'>quodam</span> <span class='ocrx_word' id='word_1_201' title='bbox 873 1986 1064 2022; x_wconf 85' lang='lat' dir='ltr'>exortam</span> <span class='ocrx_word' id='word_1_202' title='bbox 1081 1977 1281 2022; x_wconf 85' lang='lat' dir='ltr'>haeresim</span> <span class='ocrx_word' id='word_1_203' title='bbox 1299 1978 1405 2023; x_wconf 91' lang='lat' dir='ltr'>dicit</span> <span class='ocrx_word' id='word_1_204' title='bbox 1421 1980 1492 2023; x_wconf 92' lang='lat' dir='ltr'>ni-</span> 
     </span>
     <span class='ocr_line' id='line_1_27' title="bbox 104 2047 1491 2107; baseline 0.001 -16"><span class='ocrx_word' id='word_1_205' title='bbox 104 2049 240 2091; x_wconf 90' lang='lat' dir='ltr'>mium</span> <span class='ocrx_word' id='word_1_206' title='bbox 263 2047 471 2090; x_wconf 87' lang='lat' dir='ltr'>mirabilis</span> <span class='ocrx_word' id='word_1_207' title='bbox 491 2048 707 2101; x_wconf 84' lang='lat' dir='ltr'>vanitatis,</span> <span class='ocrx_word' id='word_1_208' title='bbox 728 2063 828 2107; x_wconf 84' lang='lat' dir='ltr'>quae</span> <span class='ocrx_word' id='word_1_209' title='bbox 851 2062 1001 2092; x_wconf 91' lang='lat' dir='ltr'>omnes</span> <span class='ocrx_word' id='word_1_210' title='bbox 1022 2048 1247 2093; x_wconf 82' lang='lat' dir='ltr'>haereticos</span> <span class='ocrx_word' id='word_1_211' title='bbox 1264 2057 1379 2092; x_wconf 90' lang='lat' dir='ltr'>recte</span> <span class='ocrx_word' id='word_1_212' title='bbox 1396 2064 1491 2092; x_wconf 88' lang='lat' dir='ltr'>am-</span> 
     </span>
     <span class='ocr_line' id='line_1_28' title="bbox 102 2117 1492 2178; baseline 0.001 -16"><span class='ocrx_word' id='word_1_213' title='bbox 102 2118 270 2171; x_wconf 79' lang='lat' dir='ltr'>bulare,</span> <span class='ocrx_word' id='word_1_214' title='bbox 291 2127 334 2161; x_wconf 88' lang='lat' dir='ltr'>et</span> <span class='ocrx_word' id='word_1_215' title='bbox 349 2132 450 2161; x_wconf 88' lang='lat' dir='ltr'>vera</span> <span class='ocrx_word' id='word_1_216' title='bbox 470 2117 614 2161; x_wconf 89' lang='lat' dir='ltr'>dicere</span> <span class='ocrx_word' id='word_1_217' title='bbox 633 2117 842 2162; x_wconf 86' lang='lat' dir='ltr'>affirmat:</span> <span class='ocrx_word' id='word_1_218' title='bbox 869 2117 989 2178; x_wconf 91' lang='lat' dir='ltr'>quod</span> <span class='ocrx_word' id='word_1_219' title='bbox 1006 2119 1065 2163; x_wconf 92' lang='lat' dir='ltr'>ita</span> <span class='ocrx_word' id='word_1_220' title='bbox 1082 2127 1146 2163; x_wconf 90' lang='lat' dir='ltr'>est</span> <span class='ocrx_word' id='word_1_221' title='bbox 1163 2118 1416 2174; x_wconf 88' lang='lat' dir='ltr'>absurdum,</span> <span class='ocrx_word' id='word_1_222' title='bbox 1441 2129 1492 2164; x_wconf 89' lang='lat' dir='ltr'>ut</span> 
     </span>
     <span class='ocr_line' id='line_1_29' title="bbox 104 2187 712 2232; baseline -0.003 0"><span class='ocrx_word' id='word_1_223' title='bbox 104 2189 210 2232; x_wconf 91' lang='lat' dir='ltr'>mihi</span> <span class='ocrx_word' id='word_1_224' title='bbox 225 2187 480 2231; x_wconf 87' lang='lat' dir='ltr'>incredibile</span> <span class='ocrx_word' id='word_1_225' title='bbox 497 2187 712 2231; x_wconf 87' lang='lat' dir='ltr'>videatur.</span> 
     </span>
    </p>

    <p class='ocr_par' dir='ltr' id='par_1_5' title="bbox 105 2257 1489 2386">
     <span class='ocr_line' id='line_1_30' title="bbox 163 2257 1489 2316; baseline 0.004 -16"><span class='ocrx_word' id='word_1_226' title='bbox 163 2260 369 2300; x_wconf 88' lang='lat' dir='ltr'>LXXIII.</span> <span class='ocrx_word' id='word_1_227' title='bbox 406 2257 500 2300; x_wconf 81' lang='lat' dir='ltr'>Alia</span> <span class='ocrx_word' id='word_1_228' title='bbox 514 2266 577 2301; x_wconf 87' lang='lat' dir='ltr'>est</span> <span class='ocrx_word' id='word_1_229' title='bbox 590 2257 778 2311; x_wconf 83' lang='lat' dir='ltr'>haeresis,</span> <span class='ocrx_word' id='word_1_230' title='bbox 795 2272 894 2316; x_wconf 84' lang='lat' dir='ltr'>quae</span> <span class='ocrx_word' id='word_1_231' title='bbox 912 2258 1016 2302; x_wconf 91' lang='lat' dir='ltr'>dicit</span> <span class='ocrx_word' id='word_1_232' title='bbox 1034 2259 1079 2302; x_wconf 92' lang='lat' dir='ltr'>in</span> <span class='ocrx_word' id='word_1_233' title='bbox 1100 2260 1272 2304; x_wconf 89' lang='lat' dir='ltr'>Christo</span> <span class='ocrx_word' id='word_1_234' title='bbox 1283 2260 1489 2306; x_wconf 87' lang='lat' dir='ltr'>Divinita-</span> 
     </span>
     <span class='ocr_line' id='line_1_31' title="bbox 105 2326 1193 2386; baseline 0.002 -16"><span class='ocrx_word' id='word_1_235' title='bbox 105 2336 192 2370; x_wconf 90' lang='lat' dir='ltr'>tem</span> <span class='ocrx_word' id='word_1_236' title='bbox 208 2326 411 2379; x_wconf 85' lang='lat' dir='ltr'>doluisse,</span> <span class='ocrx_word' id='word_1_237' title='bbox 429 2341 529 2370; x_wconf 91' lang='lat' dir='ltr'>cum</span> <span class='ocrx_word' id='word_1_238' title='bbox 545 2327 751 2385; x_wconf 84' lang='lat' dir='ltr'>figeretur</span> <span class='ocrx_word' id='word_1_239' title='bbox 767 2342 866 2370; x_wconf 85' lang='lat' dir='ltr'>caro</span> <span class='ocrx_word' id='word_1_240' title='bbox 882 2328 974 2386; x_wconf 87' lang='lat' dir='ltr'>ejus</span> <span class='ocrx_word' id='word_1_241' title='bbox 988 2327 1033 2371; x_wconf 93' lang='lat' dir='ltr'>in</span> <span class='ocrx_word' id='word_1_242' title='bbox 1050 2344 1193 2373; x_wconf 88' lang='lat' dir='ltr'>cruce.</span> 
     </span>
    </p>

    <p class='ocr_par' dir='ltr' id='par_1_6' title="bbox 107 2396 1498 2600">
     <span class='ocr_line' id='line_1_32' title="bbox 169 2396 1498 2456; baseline 0.004 -16"><span class='ocrx_word' id='word_1_243' title='bbox 169 2399 363 2440; x_wconf 86' lang='lat' dir='ltr'>LXXIV.</span> <span class='ocrx_word' id='word_1_244' title='bbox 401 2400 476 2441; x_wconf 92' lang='lat' dir='ltr'>Est</span> <span class='ocrx_word' id='word_1_245' title='bbox 500 2397 598 2451; x_wconf 80' lang='lat' dir='ltr'>alia,</span> <span class='ocrx_word' id='word_1_246' title='bbox 626 2413 726 2456; x_wconf 84' lang='lat' dir='ltr'>quae</span> <span class='ocrx_word' id='word_1_247' title='bbox 745 2396 985 2440; x_wconf 88' lang='lat' dir='ltr'>triformem</span> <span class='ocrx_word' id='word_1_248' title='bbox 1012 2398 1071 2442; x_wconf 92' lang='lat' dir='ltr'>sic</span> <span class='ocrx_word' id='word_1_249' title='bbox 1101 2399 1248 2443; x_wconf 89' lang='lat' dir='ltr'>asserit</span> <span class='ocrx_word' id='word_1_250' title='bbox 1269 2403 1424 2454; x_wconf 88' lang='lat' dir='ltr'>Deum,</span> <span class='ocrx_word' id='word_1_251' title='bbox 1449 2411 1498 2445; x_wconf 90' lang='lat' dir='ltr'>ut</span> 
     </span>
     <span class='ocr_line' id='line_1_33' title="bbox 107 2466 1495 2530; baseline 0.004 -21"><span class='ocrx_word' id='word_1_252' title='bbox 107 2466 307 2527; x_wconf 80' lang='lat' dir='ltr'>quaedam</span> <span class='ocrx_word' id='word_1_253' title='bbox 329 2481 426 2524; x_wconf 78' lang='lat' dir='ltr'>pars</span> <span class='ocrx_word' id='word_1_254' title='bbox 444 2467 533 2525; x_wconf 86' lang='lat' dir='ltr'>ejus</span> <span class='ocrx_word' id='word_1_255' title='bbox 549 2467 600 2510; x_wconf 88' lang='lat' dir='ltr'>sit</span> <span class='ocrx_word' id='word_1_256' title='bbox 620 2470 761 2520; x_wconf 86' lang='lat' dir='ltr'>Pater,</span> <span class='ocrx_word' id='word_1_257' title='bbox 783 2467 984 2525; x_wconf 84' lang='lat' dir='ltr'>quaedam</span> <span class='ocrx_word' id='word_1_258' title='bbox 1003 2467 1155 2521; x_wconf 82' lang='lat' dir='ltr'>Filius,</span> <span class='ocrx_word' id='word_1_259' title='bbox 1178 2469 1377 2528; x_wconf 84' lang='lat' dir='ltr'>quaedam</span> <span class='ocrx_word' id='word_1_260' title='bbox 1398 2472 1495 2530; x_wconf 85' lang='lat' dir='ltr'>Spi-</span> 
     </span>
     <span class='ocr_line' id='line_1_34' title="bbox 107 2536 1491 2600; baseline 0.003 -20"><span class='ocrx_word' id='word_1_261' title='bbox 107 2537 214 2581; x_wconf 81' lang='lat' dir='ltr'>ritus</span> <span class='ocrx_word' id='word_1_262' title='bbox 245 2547 433 2590; x_wconf 77' lang='lat' dir='ltr'>sanctus,</span> <span class='ocrx_word' id='word_1_263' title='bbox 460 2538 543 2581; x_wconf 84' lang='lat' dir='ltr'>hoc</span> <span class='ocrx_word' id='word_1_264' title='bbox 571 2547 649 2591; x_wconf 85' lang='lat' dir='ltr'>est,</span> <span class='ocrx_word' id='word_1_265' title='bbox 682 2536 798 2595; x_wconf 85' lang='lat' dir='ltr'>quod</span> <span class='ocrx_word' id='word_1_266' title='bbox 836 2538 910 2580; x_wconf 81' lang='lat' dir='ltr'>Dei</span> <span class='ocrx_word' id='word_1_267' title='bbox 943 2538 1069 2580; x_wconf 77' lang='lat' dir='ltr'>unius</span> <span class='ocrx_word' id='word_1_268' title='bbox 1097 2547 1237 2596; x_wconf 86' lang='lat' dir='ltr'>partes</span> <span class='ocrx_word' id='word_1_269' title='bbox 1266 2540 1365 2595; x_wconf 87' lang='lat' dir='ltr'>sint,</span> <span class='ocrx_word' id='word_1_270' title='bbox 1391 2557 1491 2600; x_wconf 83' lang='lat' dir='ltr'>quae</span> 
     </span>
    </p>
   </div>
  </div>
 </body>
</html>
