1729 3143
223 214 306 253 378
652 224 686 250 s.
721 220 952 249 Aueus‘nm
982 221 1163 251 ssrrscom

279 290 444 335 XXXI.
466 289 611 345 Atque
626 284 821 329 Verbum
839 283 917 329 Dei
933 285 1087 331 unicus
1102 286 1181 331 Dei
1198 286 1332 332 Filius
1345 323 1357 344 ‚
1378 289 1601 336 diabolum

220 375 353 422 quem
375 371 541 414 semper
553 355 644 400 sub
666 355 836 415 legibus
853 359 939 400 suis
957 356 1113 402 habuit
1134 367 1176 402 et
1197 358 1379 403 habebit
1395 394 1406 415 ,
1425 360 1601 413 homine

220 432 398 477 indutus
417 428 543 472 etiam
566 427 731 471 homini
754 427 1002 487 subjugavit
1022 447 1031 473 :
1051 428 1161 473 nihil
1183 429 1222 473 ei
1244 439 1503 491 extorquens
1516 432 1604 477 vio-

219 504 338 547 lento
360 500 612 555 dominatu,
637 499 712 544 sed
735 516 941 560 superans
962 515 1059 544 eum
1084 500 1179 560 lege
1195 502 1404 561 justitiae3
1427 512 1476 547 ut
1497 519 1606 563 quo-

220 574 332 617 niam
355 571 538 617 foemina
560 571 740 631 decepta
755 606 767 626 ,
794 581 837 616 et
859 572 1028 631 dejecto
1051 587 1127 631 per
1150 570 1375 616 foeminam
1398 574 1490 618 viro
1511 589 1606 619 om-

218 658 318 687 nem
345 642 511 703 prolem
539 641 665 702 primi
687 641 872 686 hominis
894 651 1101 702 tanquam
1128 643 1412 703 peccatricem
1441 643 1606 702 legibus
1655 646 1661 648 “
1708 675 1714 695 ,

217 714 368 760 mortis
384 749 395 770 ‚
424 714 636 759 malitiosa
658 715 839 774 quidem
862 714 1050 759 nocendi
1073 715 1339 774 cupiditate,
1364 716 1439 759 sed
1460 725 1607 761 tamen
1645 748 1647 750 -

214 789 312 848 jure
332 786 577 847 aequissimo
598 786 875 841 vindicabat,
901 785 1055 829 tandiu
1085 796 1273 845 potestas
1300 788 1390 845 ejus
1413 786 1603 842 valeret,

219 858 358 903 donec
387 857 651 902 interficeret
673 860 875 908 Justuin‚
916 855 960 899 in
992 871 1081 915 quo
1113 855 1222 899 nihil
1255 856 1438 915 dignum
1468 866 1607 901 morte

217 938 362 991 posset
392 930 648 982 ostendere,
683 944 773 971 non
805 927 945 970 solum
980 927 1083 987 quia
1110 927 1200 970 sine
1233 928 1412 972 crimine
1444 929 1607 973 occisus

217 1010 306 1056 est,
332 999 407 1045 sed
433 999 562 1043 etiam
585 998 687 1058 quia
708 997 799 1041 sine
820 996 1004 1041 libidine
1028 1006 1155 1041 natus
1177 1015 1185 1041 :
1211 997 1282 1042 cui
1303 998 1610 1057 subjugaverat

217 1072 291 1117 ille
312 1087 420 1132 quos
442 1079 615 1129 ceperat
630 1104 640 1124 ‚
666 1078 716 1114 ut
732 1068 949 1130 quidquid
971 1068 1074 1112 inde
1096 1078 1346 1113 nasceretur
1362 1104 1373 1124 ,
1398 1078 1608 1130 tanquam

217 1160 307 1190 suae
343 1143 504 1187 arboris
526 1140 719 1197 fructus,
743 1157 877 1201 prava
911 1139 1090 1201 quidem
1117 1140 1308 1184 habendi
1338 1141 1604 1199 cupiditate,

217 1213 293 1261 sed
310 1222 564 1259 tamennon
580 1213 731 1272 iniquo
745 1211 991 1272 possidendi
1006 1213 1104 1271 jure
1122 1211 1342 1254 retineret.
1367 1213 1391 1255 J
1397 1211 1608 1256 ustissime

218 1287 366 1346 itaque
387 1283 605 1328 dimittere
626 1283 795 1340 cogitur
812 1280 1036 1326 credentes
1054 1280 1100 1324 in
1118 1295 1218 1324 eum
1234 1315 1244 1335 ‚
1270 1296 1401 1340 quem
1418 1281 1609 1341 injustis—

218 1357 325 1401 sime
340 1355 524 1410 occidit‚
541 1364 592 1399 ut
609 1363 652 1398 et
669 1352 790 1414 quod
808 1351 1105 1411 temporaliter
1120 1351 1389 1406 moriuntur,
1410 1351 1609 1396 debitum

217 1426 442 1481 exolvant‚
467 1434 511 1470 et
539 1425 659 1485 quod
683 1439 852 1483 semper
867 1423 1023 1467 vivunt
1043 1456 1056 1477 ,
1079 1421 1125 1465 in
1142 1420 1217 1465 illo
1234 1421 1382 1466 vivant
1401 1457 1412 1475 ‚
1437 1423 1512 1481 qui
1529 1438 1608 1482 pro

219 1501 279 1545 eis
309 1497 432 1558 quod
453 1513 543 1542 non
571 1495 762 1540 debebat
783 1494 941 1540 exolvit
964 1514 974 1540 ε
994 1493 1154 1555 quibus
1176 1502 1320 1538 autem
1343 1493 1608 1540 infidelitatis

216 1570 579 1632 perseverantiam
601 1568 905 1628 persuasisset,
933 1568 1047 1628 juste
1070 1581 1215 1610 secum
1235 1566 1417 1610 haberet
1438 1565 1484 1610 in
1508 1582 1608 1626 per-

217 1652 348 1702 petua
384 1641 660 1685 damnatione
695 1648 929 1684 consortes.
965 1641 1031 1683 Ita
1063 1637 1229 1682 factum
1251 1646 1315 1681 est
1331 1671 1342 1692 ‚
1380 1645 1430 1681 ut
1464 1653 1607 1697 neque

218 1712 395 1758 diabolo
418 1728 495 1772 per
517 1711 605 1755 vim
627 1713 867 1770 eriperetur
887 1711 1020 1754 homo
1034 1745 1045 1765 ,
1072 1725 1203 1770 quem
1230 1724 1311 1753 nec
1331 1709 1422 1767 ipse
1443 1709 1510 1763 vi,
1533 1709 1607 1753 sed

218 1783 496 1844 persuasione
517 1791 690 1841 ceperat
719 1800 727 1826 :
752 1790 796 1825 et
817 1781 892 1841 qui
909 1781 1024 1840 juste
1045 1780 1142 1840 plus
1168 1778 1422 1823 humiliatus
1445 1788 1532 1833 est,
1559 1788 1608 1823 ut

218 1855 397 1901 serviret
418 1855 488 1899 cui
511 1853 564 1898 ad
589 1851 752 1897 malum
776 1860 1052 1897 consenserat
1069 1886 1080 1906 ,
1100 1852 1214 1910 juste
1235 1865 1312 1909 per
1332 1864 1433 1893 eum
1456 1849 1526 1893 cui
1552 1849 1607 1894 ad

219 1927 386 1971 bonum
409 1925 626 1971 consensit
647 1924 932 1979 liberaretur3
956 1922 1059 1982 quia
1079 1921 1224 1965 minus
1251 1910 1330 1964 iste
1354 1920 1401 1964 in
1421 1935 1606 1965 consen-

221 1997 370 2042 tiendo
388 2031 399 2051 ,
426 2010 556 2056 quam
579 1994 652 2038 ille
674 1994 719 2038 in
737 1993 850 2038 male
867 1992 1091 2038 suadendo
1114 1999 1376 2049 peccaverat.
1609 1980 1613 1985 ¹

278 2069 467 2111 XXXII.
493 2069 675 2112 Naturas
689 2066 819 2123 igitur
836 2079 983 2109 omnes
1002 2067 1114 2108 Deus
1133 2060 1238 2107 fecit
1257 2097 1268 2117 ‚
1293 2077 1383 2106 non
1403 2060 1544 2105 solum
1562 2061 1606 2105 in

221 2139 381 2185 virtute
411 2148 542 2199 atque
554 2137 720 2198 justitia
745 2150 1064 2196 permansuras,
1087 2133 1162 2179 sed
1184 2134 1313 2178 etiam
1331 2143 1602 2193 peccaturas,

222 2225 310 2255 non
330 2220 379 2254 ut
400 2218 647 2270 peccarent,
672 2208 748 2252 sed
765 2217 814 2252 ut
831 2216 972 2252 essent
992 2215 1210 2251 ornaturae
1228 2204 1495 2263 universum,
1519 2205 1606 2248 sive

223 2297 401 2342 peccare
415 2317 426 2336 ‚
451 2282 538 2326 sive
555 2297 642 2325 non
661 2294 840 2340 peccare
859 2278 1111 2324 voluissent.
1140 2276 1183 2322 Si
1203 2276 1319 2320 enim
1343 2275 1471 2319 rebus
1488 2275 1606 2318 dees-

224 2362 320 2397 sent
340 2352 494 2397 animae
511 2367 610 2413 quae
632 2352 774 2411 ipsum
793 2348 1010 2409 fastigium
1027 2347 1190 2393 ordinis
1207 2347 1253 2390 in
1270 2347 1468 2390 universa
1484 2360 1603 2390 crea-

225 2431 321 2467 tura
336 2425 395 2469 sic
417 2425 688 2479 obtinerent,
712 2432 761 2467 ut
774 2423 806 2466 si
821 2436 1000 2482 peccare
1021 2418 1256 2465 voluissent
1272 2453 1284 2473 ,
1310 2418 1602 2461 infirmaretur

225 2501 268 2537 et
300 2493 632 2539 labefactaretur
654 2493 934 2548 universitaS‚
960 2505 1168 2550 magnum
1197 2487 1408 2549 quiddam
1439 2487 1603 2531 deesset

227 2572 436 2609 creaturae
462 2584 471 2609 z
500 2564 611 2609 illud
641 2564 756 2610 enim
781 2563 971 2619 deesset,
1002 2577 1092 2622 quo
1113 2569 1281 2605 remoto
1305 2557 1513 2603 stabilitas
1535 2571 1602 2602 re-
