1729 3143
356 242 437 268 Lis.
475 242 520 267 11.
562 242 613 267 DE
646 241 830 267 MORIBUS
863 236 1204 267 MAMCHAEORUM.
1390 229 1472 265 579

91 306 330 350 necessaria
352 314 416 351 est
435 340 446 361 ,
478 304 594 350 olere
615 321 663 350 ac
695 306 853 365 pomiS,
879 314 922 350 et
943 321 1033 350 non
1060 319 1188 350 carne
1219 313 1468 349 vescuntur.

148 379 306 422 XLIX.
340 380 411 422 An
433 377 536 437 quia
556 392 706 422 carnes
729 376 905 422 aluntur
926 377 1170 432 arboribus,
1193 376 1368 421 arbores
1390 391 1471 419 au-

91 455 180 492 tem
215 448 419 493 carnibus
454 463 544 493 non
580 448 757 494 aluntur
770 483 781 504 ,
819 448 979 493 idcirco
1011 447 1278 493 arbitramini
1298 446 1471 491 illarum

89 532 224 577 quam
243 527 389 564 nostra
411 533 592 579 corpora
614 533 702 564 esse
723 516 934 563 meliora?
954 521 1052 565 Non
1074 518 1353 565 consideratis
1380 531 1474 561 rem

90 590 247 635 tamin
275 599 483 650 promptu
510 591 656 646 sitam,
695 590 870 634 arbusta
897 589 1063 635 laetiora
1092 599 1136 635 et
1165 588 1441 635 foecundiora
1457 622 1469 645 ,
1493 621 1501 656 ⁸,

86 669 336 721 segetesque
360 662 609 722 pinguiores
631 661 836 706 alimento
857 669 1094 706 stercorum
1115 661 1209 705 fieri
1225 696 1236 717 ,
1267 676 1368 706 cum
1395 673 1472 705 vos

85 730 132 775 in
147 732 420 777 accusatione
440 732 580 776 carnis
598 731 708 776 nihil
722 731 892 788 gravius
908 730 1032 776 vobis
1054 730 1197 776 dicere
1218 730 1472 784 videamini,

86 817 219 861 quam
241 817 343 848 cum
363 800 506 847 dicitis
527 817 617 846 esse
634 811 874 847 stercorum
885 803 1083 846 domum.
1099 801 1212 847 Hinc
1224 816 1328 860 ergo
1342 801 1470 845 alun-

86 879 160 916 tur
179 887 245 928 ea,
271 887 372 933 quae
394 872 516 917 vobis
538 873 704 917 munda
728 881 845 928 sunt,
871 873 992 934 quod
1012 874 1059 917 in
1081 888 1130 918 ea
1156 889 1202 918 re
1229 888 1328 934 quae
1349 872 1474 918 vobis

85 941 315 989 immunda
334 952 414 999 est,
439 941 579 989 multo
598 958 687 988 esse
711 942 980 989 immundius
1002 943 1262 1004 praedicatis.
1288 941 1418 997 Quod
1439 942 1474 987 si
1502 960 1507 967 ·

87 1028 264 1059 carnem
285 1014 344 1059 ob
363 1015 449 1060 hoc
471 1015 786 1074 aspernamini,
811 1015 931 1075 quod
953 1023 1050 1075 post
1072 1015 1356 1060 concubitum
1372 1028 1475 1058 nas-

87 1084 217 1141 citur,
231 1085 447 1130 vermium
458 1100 534 1131 vos
546 1100 646 1130 caro
660 1084 861 1141 delectet,
882 1086 1018 1146 quiin
1030 1087 1184 1146 pomis,
1205 1086 1249 1129 in
1266 1084 1411 1144 lignis,
1432 1083 1480 1128 in

87 1164 202 1200 terra
223 1157 314 1215 ipsa
335 1156 526 1217 denique
548 1157 638 1201 sine
661 1155 751 1201 ullo
773 1156 1013 1202 concubitu
1043 1165 1134 1201 tam
1161 1154 1290 1200 multi
1312 1152 1475 1213 magni-

26 1217 37 1286 ’ᾗ
87 1242 174 1286 que
195 1236 451 1272 nascuntur.
481 1227 567 1273 Sed
588 1228 732 1273 nescio
751 1243 850 1288 quae
871 1228 951 1273 ista
972 1228 1190 1272 simulatio
1211 1235 1289 1272 est.
1315 1228 1424 1273 Nam
1442 1225 1476 1269 si

87 1298 209 1343 vobis
230 1308 460 1358 propterea
481 1299 726 1359 displiceret
747 1314 846 1344 caro
863 1334 875 1355 ,
899 1298 1020 1359 quod
1036 1298 1169 1358 patris
1183 1307 1314 1358 atque
1329 1297 1477 1341 matris

88 1368 396 1414 commixtione
417 1369 648 1426 formatur,
674 1386 763 1416 non
783 1370 879 1416 illos
898 1369 1112 1430 principes
1126 1369 1407 1415 tenebrarum
1421 1368 1478 1412 de

88 1438 307 1485 fructibus
319 1441 526 1486 arborum
542 1457 719 1486 suarum
734 1450 858 1487 natos
871 1442 1003 1487 fuisse
1017 1441 1232 1498 diceretis,
1243 1454 1353 1501 quos
1362 1448 1480 1484 certe

42 1529 45 1534 ·
90 1510 275 1570 amplius
292 1511 582 1572 aspernamini
592 1526 724 1571 quam
740 1526 904 1566 carnes,
922 1526 1029 1572 quas
1047 1520 1218 1570 gustare
1231 1526 1322 1555 non
1331 1509 1477 1555 vultis.

149 1584 199 1625 L.
233 1584 343 1629 Nam
360 1584 482 1643 quod
496 1582 735 1642 opinamini
758 1597 908 1627 omnes
929 1582 1110 1641 quidem
1133 1582 1296 1626 animas
1315 1581 1481 1625 anima-

90 1651 200 1696 lium
223 1652 278 1698 de
304 1663 537 1714 parentum
565 1653 671 1697 cibis
699 1653 867 1708 venire,
895 1667 917 1696 a
943 1652 1104 1713 quibus
1131 1651 1376 1696 carceribus
1405 1663 1482 1694 vos

91 1723 274 1770 liberare
298 1725 544 1785 gloriamini
575 1724 768 1769 divinam
799 1723 1102 1778 substantiam,
1137 1722 1302 1783 quaein
1330 1721 1481 1767 vestris

92 1803 264 1840 tenetur
282 1795 511 1851 alimentis,
536 1796 720 1839 nimium
742 1803 894 1839 contra
915 1809 1009 1849 vos,
1034 1802 1077 1837 et
1097 1792 1153 1837 ad
1170 1807 1320 1838 carnes
1342 1791 1479 1836 eden-

92 1865 168 1910 das
197 1880 274 1911 vos
303 1865 609 1910 instantissime
640 1863 841 1923 impellit.
876 1864 967 1909 Gur
998 1863 1115 1907 enim
1144 1863 1306 1906 animas
1326 1896 1337 1917 ‚
1375 1875 1483 1921 quas

32 1934 35 1940 ’
92 1935 298 1996 illigaturi
320 1945 422 1980 sunt
444 1936 614 1995 corpori
632 1935 707 1994 qui
729 1934 932 1979 carnibus
947 1932 1201 1993 epulantur,
1215 1947 1306 1976 non
1320 1946 1482 1990 praeoc-

38 2006 41 2058 J
94 2006 297 2066 cupando
320 2016 363 2051 et
383 2005 598 2051 vescendo
615 2004 842 2049 liberatis?
866 2003 972 2059 Sed,
997 2002 1165 2063 inquit,
1189 2017 1280 2047 non
1308 2001 1363 2045 de
1390 2017 1485 2046 car-

41 2069 43 2135 s
95 2077 225 2122 nibus
247 2075 414 2137 aliquid
441 2078 496 2121 ab
525 2076 583 2120 eis
606 2076 733 2120 bonae
760 2074 893 2134 partis
923 2073 1115 2133 illigatur
1132 2108 1143 2129 ,
1179 2071 1256 2117 sed
1286 2071 1485 2130 frugibus

42 2138 43 2157 ;
95 2163 203 2209 quas
225 2162 327 2193 cum
349 2148 551 2193 carnibus
571 2155 765 2191 sumunt.
791 2145 910 2199 Quid
927 2159 1027 2204 ergo
1049 2144 1104 2190 de
1118 2143 1270 2188 animis
1286 2143 1482 2199 leonum,

42 2265 45 2271 ,
98 2233 289 2278 quorum
310 2219 431 2264 cibus
453 2217 542 2263 sola
562 2233 661 2262 caro
690 2225 753 2261 est
771 2251 782 2272 ,
807 2215 1163 2276 respondendum
1185 2214 1359 2260 videtur
1377 2232 1387 2259 ς
1411 2213 1487 2257 Bi-

43 2343 45 2346 ·
96 2288 227 2345 bunt,
251 2289 418 2351 inquit,
443 2298 487 2333 et
519 2288 616 2332 ideo
646 2287 788 2332 anima
809 2285 883 2331 illa
905 2285 959 2331 de
989 2302 1102 2347 aqua
1125 2294 1261 2331 tracta
1282 2285 1488 2345 carnique

41 2357 46 2418 Ἰ
97 2359 318 2419 implicata
339 2362 432 2405 est?
454 2359 567 2413 Quid
589 2359 643 2402 de
666 2357 1059 2403 innumerabilibus
1089 2357 1273 2402 avibus?
1299 2355 1416 2410 Quid
1436 2353 1491 2399 de

42 2425 47 2438 '
98 2429 198 2488 ipsis
221 2431 373 2491 aquilis
396 2431 482 2474 dici
507 2437 675 2488 potest,
701 2443 801 2489 quae
838 2443 928 2473 non
957 2428 1038 2472 nisi
1071 2442 1200 2472 carne
1229 2435 1491 2487 pascuntur,

99 2517 179 2546 nec
200 2501 290 2548 ullo
322 2513 429 2563 potu
451 2500 686 2559 indigent?
710 2502 838 2545 Certe
861 2500 930 2544 hic
955 2499 1176 2553 deficitur,
1212 2508 1254 2543 et
1276 2497 1382 2558 quid
1406 2513 1495 2541 res-

101 2573 284 2631 ponderi
310 2575 443 2634 possit
460 2588 551 2618 non
573 2572 807 2616 invenitur.
837 2572 879 2617 Si
901 2571 1017 2616 enim
1043 2571 1185 2616 anima
1213 2568 1267 2614 de
1291 2569 1400 2613 cibis
1426 2585 1496 2612 vc-

45 2642 49 2650 *
1234 2647 1299 2684 37.
