1729 3143
405 185 457 212 DE
488 185 639 213 LIBERO
672 183 885 224 Aizm'nuo,
920 185 1003 214 1113.
1040 188 1087 213 11.
1360 179 1443 218 305

0 250 2 263 '
61 249 154 307 ipso
166 262 244 293 nos
254 248 323 293 vel
336 264 526 308 poenam,
540 250 608 296 vel
620 251 846 309 praemium
860 252 1015 295 mereri
1027 251 1261 311 explicasti.
1282 255 1334 298 E.
1353 257 1446 299 Hoc

0 369 1 374 ¹
61 333 238 377 quoque
255 334 344 363 non
361 319 537 364 aliunde
549 319 677 365 video
696 334 786 363 csse
802 320 1097 376 manifestum,
1117 323 1198 366 nisi
1219 323 1340 382 quod
1356 326 1443 383 jam

0 405 1 412 ¹
59 397 227 432 constat
250 392 387 434 Deum
409 390 628 434 vindicare
643 399 834 448 peccata.
859 391 901 435 Si
923 391 1100 450 quidem
1116 392 1169 436 ab
1186 392 1262 438 illo
1277 403 1338 438 est
1353 410 1446 439 om—

0 511 1 514 *
58 457 124 501 nis
156 460 341 517 justitia.
378 462 476 505 Non
507 461 622 503 enim
659 468 709 502 ut
739 459 918 518 alicujus
954 471 1018 505 est
1054 462 1261 508 bonitatis
1298 464 1446 509 alienis

0 525 2 561 ἱ
56 537 261 586 praestare
283 529 509 584 beneficia,
534 529 593 572 ita
609 528 790 588 justitiae
806 529 1028 574 vindicare
1049 532 1096 574 in
1119 532 1297 579 alienos.
1322 535 1447 579 Unde

51 597 336 642 manifestum
362 608 426 643 est
446 599 502 642 ad
523 613 624 643 eum
645 613 723 643 nos
740 599 974 657 pertinere,
1000 601 1103 660 quia
1126 618 1215 648 non
1238 605 1379 648 solum
1400 606 1447 650 in

54 682 134 712 nos
150 668 483 726 benignissimus
511 669 558 712 in
584 669 849 729 praestando,
870 669 946 714 sed
966 671 1096 715 etiam
1119 675 1381 730 justissimus
1401 677 1447 719 in

53 738 315 783 vindicando
337 748 414 784 est.
441 740 606 783 Deinde
628 756 679 784 ex
700 755 751 785 eo
775 741 895 800 quod
915 756 995 799 ego
1011 743 1157 801 posui,
1180 753 1316 804 tuque
1337 762 1446 791 con-

53 808 235 863 cessisti,
256 824 385 854 omne
399 810 565 854 bonum
588 825 639 854 ex
661 814 752 855 Deo
775 826 881 865 esse,
907 812 1037 856 etiam
1051 813 1275 858 hominem
1291 831 1340 859 ex
1355 819 1447 861 Deo

51 893 142 921 esse
159 878 343 932 intelligi
357 888 513 934 potest.
534 882 676 918 Homo
694 880 809 918 enirn
824 881 914 933 ipse
930 880 976 919 in
988 892 1203 937 quantum
1216 885 1349 929 homo
1364 895 1444 939 est,

49 949 230 1008 aliquod
250 949 419 992 bonum
436 955 520 1003 est,
540 945 643 1004 quia
658 954 773 989 recte
790 946 950 1000 vivere,
971 963 1070 992 cum
1090 949 1202 1006 vult,
1223 958 1406 1010 potest1.

108 1022 191 1063 III.
227 1022 279 1063 Α.
318 1018 451 1062 Plane
466 1017 499 1060 si
516 1017 611 1059 haec
627 1015 688 1059 ita
706 1025 830 1070 sunt,
863 1017 1004 1061 soluta
1029 1021 1212 1078 quaestio
1230 1033 1293 1067 est
1310 1041 1444 1084 quam

49 1089 326 1150 proposuisti.
350 1088 393 1133 Si
411 1087 527 1131 enim
541 1087 674 1135 homo
695 1085 874 1145 aliquod
892 1087 1060 1133 bonum
1083 1100 1161 1145 est,
1183 1101 1226 1136 et
1240 1109 1330 1138 11011
1345 1111 1439 1153 pos-

49 1169 114 1205 set
136 1159 217 1203 nisi
251 1173 352 1202 cum
388 1155 518 1200 vellet
545 1164 661 1198 recte
688 1154 853 1210 facere,
891 1158 1046 1202 debuit
1074 1160 1237 1205 habere
1260 1163 1443 1209 liberam

47 1230 318 1275 voluntatem
338 1262 348 1281 ,
380 1227 471 1270 sine
502 1241 587 1285 qua
611 1233 728 1268 recte
750 1224 891 1268 facere
909 1242 998 1270 non
1017 1238 1175 1286 posset.
1205 1234 1301 1276 Non
1327 1235 1441 1277 enim

46 1301 150 1361 quia
172 1314 249 1358 per
271 1298 390 1341 illam
409 1297 538 1340 etiam
556 1303 777 1353 peccatur,
804 1295 859 1338 ad
882 1296 966 1340 hoc
992 1313 1087 1341 eam
1110 1303 1251 1344 Deum
1273 1302 1441 1349 dedisse

46 1369 314 1415 credendum
336 1375 415 1410 est.
443 1364 551 1410 Satis
574 1378 675 1421 ergo
698 1378 839 1407 causae
861 1373 945 1418 est,
976 1380 1055 1408 cur
1081 1368 1174 1410 dari
1207 1371 1437 1428 debuerit,

45 1440 253 1500 quoniam
284 1436 375 1480 sine
396 1434 469 1479 illa
490 1435 623 1477 homo
657 1442 773 1476 recte
796 1448 885 1477 non
907 1443 1050 1491 potest
1071 1436 1230 1481 vivere.
1265 1441 1334 1484 Ad
1356 1443 1439 1487 hoc

44 1518 191 1554 autem
213 1507 361 1551 datam
378 1504 448 1548 vel
470 1504 572 1547 hinc
595 1501 777 1560 intelligi
794 1511 951 1560 potest,
978 1504 1081 1563 quia
1104 1506 1139 1548 si
1157 1508 1253 1565 quis
1269 1524 1317 1552 ea
1335 1525 1437 1555 usus

41 1577 176 1623 fuerit
197 1577 252 1621 ad
272 1574 563 1635 peccandum,
589 1571 798 1616 divinitus
824 1573 870 1615 in
892 1587 994 1616 eum
1024 1574 1284 1620 vindicatur.
1307 1581 1436 1631 Quod

40 1651 200 1709 injuste
222 1648 345 1691 fieret
360 1681 370 1700 ,
403 1645 437 1688 si
467 1658 556 1688 non
577 1642 718 1686 solum
741 1652 791 1686 ut
817 1652 932 1687 recte
951 1644 1184 1701 viveretur,
1209 1648 1284 1692 sed
1306 1651 1432 1695 etiam

40 1729 91 1765 ut
106 1725 375 1778 peccaretur,
400 1714 537 1756 libera
560 1721 669 1756 esset
689 1712 892 1757 voluntas
921 1714 1035 1758 data.
1063 1718 1297 1768 Quomodo
1319 1722 1435 1765 enim

33 1792 150 1850 juste
171 1786 463 1833 vindicaretur
481 1783 528 1826 in
546 1797 663 1836 eum,
689 1783 765 1842 qui
788 1782 842 1827 ad
865 1784 977 1829 hanc
1000 1800 1089 1830 rem
1110 1802 1212 1832 usus
1230 1800 1338 1835 esset
1355 1807 1435 1836 vo-

38 1859 225 1913 luntate,
246 1856 302 1901 ad
318 1870 450 1916 quam
468 1869 561 1897 rem
578 1852 679 1897 data
696 1855 788 1897 est?
810 1856 936 1899 Nunc
956 1870 1060 1900 vero
1083 1860 1198 1902 Deus
1215 1875 1316 1904 cum
1335 1877 1434 1921 pec-

39 1939 210 1976 cantem
226 1928 369 1987 punit,
390 1924 497 1984 quid
514 1923 689 1968 videtur
705 1924 787 1969 tibi
805 1924 924 1968 aliud
942 1925 1085 1970 dicere
1101 1929 1182 1972 nisi
1200 1949 1207 1973 :
1235 1933 1325 1975 Cur
1342 1948 1432 1976 non

39 1999 94 2046 ad
115 2014 210 2043 eam
233 2012 324 2041 rem
346 2010 449 2038 usus
471 2008 514 2037 es
536 1993 673 2036 libera
695 1992 945 2049 voluntate,
981 1996 1035 2039 ad
1064 2013 1196 2056 quam
1229 2001 1309 2044 tibi
1338 2017 1432 2046 eam

30 2069 155 2124 dedi,
180 2070 264 2113 hoc
283 2075 368 2120 est,
394 2064 450 2108 ad
474 2072 590 2108 recte
611 2063 889 2108 faciendum?
923 2066 1088 2110 Deinde
1111 2068 1222 2113 illud
1244 2071 1427 2126 bonum,

37 2156 126 2201 quo
164 2136 497 2184 commendatur
537 2134 628 2191 ipsa
670 2135 836 2192 justitia
870 2136 915 2179 in
950 2135 1208 2183 damnandis
1245 2145 1431 2200 peccatis

36 2219 241 2268 recteque
262 2206 384 2251 factis
400 2202 684 2256 honorandis,
705 2204 929 2262 quomodo
949 2217 1074 2262 esset,
1100 2209 1134 2252 si
1156 2211 1288 2256 homo
1310 2228 1431 2266 eare-v

37 2290 103 2325 ret
123 2280 261 2322 libero
283 2275 520 2322 voluntatis
543 2274 751 2317 arbitrio?
773 2276 870 2319 Non
886 2276 1001 2318 enim
1024 2287 1099 2321 aut
1117 2291 1345 2337 peccatum
1362 2300 1431 2328 es-

36 2359 100 2394 set
129 2357 205 2393 aut
231 2355 348 2391 recte
370 2345 561 2397 factum,
599 2343 719 2402 quod
744 2358 832 2387 11011
855 2345 977 2388 fieret
997 2347 1239 2394 voluntate.
1268 2355 1328 2397 Ac
1355 2370 1432 2413 per

35 2421 119 2466 hoc
142 2429 185 2464 et
203 2433 336 2478 pecua
361 2417 524 2475 injusta
547 2423 653 2458 esset
676 2423 718 2458 et
738 2416 963 2472 praemium
978 2450 989 2471 ,
1022 2418 1055 2460 si
1076 2419 1206 2465 horno
1229 2423 1431 2469 volunta-

95 2509 102 2526 ¹
129 2515 142 2535 1
163 2504 306 2535 Retinet.
331 2510 400 2542 cap.
421 2509 467 2538 ix,
489 2509 520 2529 n.
541 2497 571 2529 3.

186 2566 373 2596 cxxxiv.
1194 2558 1243 2596 2«
