1729 3143
308 255 391 282 LIB·
427 256 456 281 Ι-
494 256 546 282 DE
580 256 762 283 MORIBUS
795 256 991 283 ECCLESIAE
1021 255 1276 284 CATHOLICAE.
1402 243 1485 282 545

113 318 235 363 dacia
251 353 262 373 ,
293 334 372 363 nec
399 320 432 364 si
455 335 530 364 vos
553 320 600 364 in
622 320 680 364 eis
707 320 806 380 ipsis
838 320 1073 378 nugatoriis
1102 319 1315 364 mandatis
1337 320 1486 364 vestris

112 389 327 449 perfectos
340 405 429 435 esse
440 400 670 436 constaret.
689 393 800 436 Cum
814 405 916 435 vero
929 391 1098 436 noverit
1113 398 1252 435 vestra
1271 390 1492 435 conscien-

114 461 173 505 tia
196 476 268 506 eos
296 477 405 521 quos
437 463 482 506 in
511 471 674 507 sectam
704 471 890 507 vestram
919 462 1219 517 introducitis,
1252 477 1353 506 cum
1374 460 1496 506 vobis

112 531 365 576 familiarius
383 533 510 592 jungi
529 533 770 593 coeperint,
797 532 935 577 multa
958 533 1210 578 inventuros
1232 548 1330 592 quae
1354 533 1400 576 in
1420 547 1498 576 vo-

112 602 179 647 bis
200 618 312 658 esse,
338 618 437 647 cum
462 602 565 648 alios
587 603 841 648 accusaretis
856 638 867 658 ‚
899 618 1028 648 nemo
1048 604 1344 663 suspicabatur
1363 623 1372 659 3
1397 618 1495 662 quae

115 682 236 718 tanta
260 673 530 733 impudentia
553 683 616 718 est
630 708 641 729 ‚
670 673 979 733 perfectionem
1001 673 1047 717 in
1063 673 1285 718 catholicis
1299 671 1498 717 imbecil-

0 788 13 806 ,ι
67 740 74 746 ”
114 743 294 788 lioribus
311 759 505 803 quaerere
523 779 534 799 ,
560 753 610 788 ut
626 744 729 787 inde
746 743 967 802 imperitos
989 753 1154 788 avertas
1169 778 1180 799 ‚
1201 753 1243 788 et
1265 759 1358 788 eam
1376 742 1500 787 nullo

116 815 247 859 modo
266 814 383 874 apud
404 823 446 858 te
464 815 513 858 iis
532 830 641 875 quos
659 815 860 859 averteris
883 814 1114 858 exhibere?
1140 813 1224 859 Sed
1243 830 1296 858 ne
1319 813 1425 874 quid
1455 814 1501 856 in

117 900 194 930 vos
213 893 375 929 temere
385 885 474 944 jam
494 883 716 929 videamur
734 884 982 938 effundere,
1003 885 1082 928 iste
1099 885 1151 928 sit
1164 885 1294 943 hujus
1313 882 1501 928 volumi-

116 956 180 999 nis
205 955 387 1010 modus,
419 964 470 999 ut
500 953 556 998 ad
584 952 923 998 demonstranda
953 963 1168 1014 praecepta
1190 954 1292 998 vitae
1320 962 1472 998 vestrae
1489 988 1500 1008 ‚

117 1040 345 1086 moresque
367 1023 669 1070 memorabiles
692 1023 928 1084 aliquando
946 1024 1187 1069 veniamus.

276 2637 460 2665 cxxxiv.
1282 2628 1332 2665 35
