1729 3143
539 195 751 226 Anvnnsus
782 197 960 225 JunAEos.
1358 186 1440 224 271

61 275 139 319 pro
165 261 314 304 vestris
348 260 512 304 meritis
543 261 757 314 amisistis,
791 261 921 304 etiam
946 259 1205 303 sacrificium
1233 259 1355 318 quod
1381 259 1445 303 ibi

60 338 230 374 tantum
255 330 412 374 licebat
440 330 604 385 offerri,
639 331 685 373 in
710 329 814 372 locis
837 330 994 373 offerre
1016 329 1107 373 aliis
1138 343 1228 373 non
1257 328 1440 372 audetis.

59 402 173 444 Ecce
194 400 374 445 omnino
394 400 625 460 impletum
641 407 704 443 est
721 398 839 458 quod
864 400 923 442 ait
946 399 1190 459 Propheta:
1215 401 1306 444 «Et
1323 398 1449 443 sacri·

60 486 82 510 »
116 469 265 513 ficium
282 485 371 514 non
389 469 596 528 accipiam
612 469 667 512 de
684 467 886 511 manibus
900 469 1066 512 vestris.
1084 487 1104 510 »
1121 471 1230 514 Nam
1242 468 1277 512 si
1294 468 1340 512 in
1357 477 1449 512 ter-

58 553 162 583 rena
183 539 423 584 Jerusalem
444 547 640 583 maneret
661 537 784 582 vobis
802 537 1016 596 templum
1036 547 1079 582 et
1101 538 1251 593 altare,
1269 538 1450 597 possetis

0 606 2 632 ²
59 607 203 652 dicere
215 609 261 653 in
277 610 335 653 eis
352 610 435 653 hoc
452 623 542 652 esse
558 606 844 666 completum,
861 622 1050 666 quorum
1068 606 1320 667 iniquorum
1336 609 1452 652 inter

58 693 134 722 vos
148 678 486 722 constitutorum
497 678 702 722 sacrificia
710 677 919 722 Dominus
932 692 1022 721 non
1033 686 1228 736 acceptat
1239 698 1250 735 3
1266 677 1452 722 aliorum

58 762 162 792 vero
181 763 233 791 ex
252 748 376 792 vobis
397 757 528 808 atque
549 749 596 792 in
618 747 743 793 vobis
771 756 996 807 acceptare
1022 747 1228 792 sacrificia
1243 782 1254 803 ,
1276 748 1354 807 qui
1375 747 1453 792 Dei

0 838 1 877 j
58 827 276 877 praecepta
307 818 576 863 custodiunt.
603 821 696 863 Hoc
730 834 821 864 non
852 827 916 862 est
949 834 1029 863 cur
1060 819 1195 878 possit
1225 819 1340 873 dici,
1375 818 1454 861 ubi

58 886 207 931 nullus
240 888 419 932 omnino
452 897 645 933 vestrum
668 897 754 943 est,
787 888 863 947 qui
882 887 1126 932 secundum
1148 891 1327 946 Legem,
1354 903 1455 946 quae

58 954 114 999 de
142 965 292 1000 monte
317 957 418 1000 Sina
440 957 668 1014 processit,
701 957 904 1001 manibus
925 958 1012 1002 suis
1033 958 1293 1002 sacrificium
1321 956 1455 1017 possit

59 1025 233 1069 offerre.
254 1027 406 1085 Neque
427 1026 511 1069 hoc
531 1026 591 1069 ita
612 1026 870 1085 praedictum
894 1036 937 1071 et
952 1028 1184 1086 impletum
1207 1037 1287 1083 est,
1308 1036 1358 1071 ut
1379 1041 1456 1072 vos

58 1095 311 1153 prophetica
332 1097 545 1139 sententia
567 1096 828 1154 respondere
851 1098 1090 1155 permittat.
1117 1098 1230 1149 Quia
1251 1098 1455 1141 manibus

59 1179 149 1208 non
165 1165 390 1208 offerimus
408 1179 600 1219 carnem,
620 1164 697 1208 sed
714 1166 844 1209 corde
861 1174 905 1208 et
923 1180 998 1209 ore
1015 1166 1240 1209 offerimus
1256 1165 1452 1221 laudem,

0 1270 3 1290 ,·
59 1235 302 1279 secundum
320 1234 431 1279 illud
451 1235 498 1278 in
520 1235 690 1278 Psalmo
708 1253 716 1279 ε
735 1253 756 1276 «
776 1235 958 1278 Immola
973 1237 1064 1279 Deo
1079 1235 1336 1279 sacrificium
1356 1236 1455 1280 lau-

0 1295 9 1334 ss
66 1324 84 1346 »
119 1304 184 1348 dis
201 1307 231 1347 ¹.
249 1305 425 1348 »Etiam
442 1306 545 1347 hinc
561 1303 820 1348 contradicit
835 1304 975 1359 vobis,
994 1304 1070 1364 qui
1085 1304 1190 1349 dicit
1208 1323 1217 1349 :
1242 1323 1259 1345 «
1277 1308 1375 1351 Non
1393 1315 1457 1351 est

65 1392 84 1415 »
119 1373 226 1416 mihi
244 1372 447 1418 voluntas
463 1373 509 1416 in
523 1373 660 1418 vobis.
683 1392 702 1414 »

120 1444 247 1486 XIII.
284 1442 450 1486 Deinde
471 1457 526 1486 ne
550 1442 800 1486 existimetis
816 1477 827 1497 ,
865 1457 955 1487 non
983 1443 1270 1487 offerentibus
1301 1445 1426 1490 vobis
1441 1480 1453 1501 ,

62 1527 142 1556 nec
174 1512 251 1556 illo
283 1513 523 1571 accipiente
552 1512 608 1555 de
636 1512 840 1556 manibus
871 1513 1039 1567 vestris,
1074 1516 1165 1557 Deo
1195 1514 1457 1559 sacrificium

64 1596 154 1625 non
176 1582 348 1638 offerri,
373 1597 462 1641 quo
479 1580 658 1640 quidem
675 1580 749 1624 ille
770 1596 860 1625 non
883 1591 996 1640 eget,
1020 1582 1096 1641 qui
1118 1583 1338 1627 bonorum
1355 1600 1458 1628 nos-

64 1659 231 1695 trorum
251 1650 414 1694 nullius
435 1650 601 1708 indiget
619 1668 626 1694 :
650 1659 797 1694 tamen
813 1651 915 1709 quia
933 1651 1025 1695 sine
1042 1653 1251 1697 sacrificio
1268 1668 1358 1698 non
1376 1663 1456 1709 est,

64 1719 186 1780 quod
202 1735 293 1764 non
308 1720 386 1775 illi,
408 1719 484 1763 sed
500 1719 626 1764 nobis
644 1719 751 1762 utile
768 1728 847 1774 est,
868 1720 1068 1779 adjungit
1089 1730 1132 1765 et
1154 1721 1260 1766 dicit
1280 1741 1288 1766 :
1310 1741 1330 1764 «
1348 1724 1461 1776 Quia

15 1831 17 1833 ,
67 1807 88 1831 »
123 1790 177 1834 ab
193 1790 370 1834 Oriente
390 1789 479 1834 sole
498 1804 636 1849 usque
655 1789 701 1832 in
718 1789 1000 1834 Occidentem
1019 1807 1181 1836 nomen
1203 1807 1350 1837 meum
1373 1793 1462 1838 ela-

9 1919 12 1922 4
67 1877 88 1901 ))
124 1875 222 1904 rum
240 1869 304 1904 est
320 1860 487 1905 factum
503 1860 549 1904 in
570 1859 770 1918 gentibus
788 1880 798 1916 3
824 1869 868 1904 et
883 1861 927 1904 in
946 1862 1066 1905 omni
1080 1861 1179 1907 loco
1200 1863 1460 1908 sacrificium

19 1954 21 1967 ι
69 1947 90 1971 »
125 1928 309 1975 ofler‘tur
336 1931 502 1975 nomini
529 1945 650 1986 meo,
687 1931 945 1975 sacrificium
976 1932 1224 1978 mundum:
1250 1936 1462 1993 quoniam

13 2010 18 2017 '
69 2018 91 2042 »
125 2015 334 2059 magnum
373 2015 534 2045 nomen
577 2016 725 2044 meum
755 2001 801 2045 in
834 2001 1038 2060 gentibus
1052 2037 1063 2056 ,
1106 2002 1213 2046 dicit
1250 2005 1461 2048 Dominus

24 2100 25 2104 ,
70 2087 91 2110 »
127 2071 441 2129 omnipotens2.
462 2088 481 2110 »
499 2070 612 2122 Quid
629 2070 684 2113 ad
699 2071 793 2114 haee
808 2070 1104 2130 respondetis?
1122 2073 1299 2131 Aperite
1312 2073 1462 2118 oculos

16 2158 24 2178 π
68 2139 245 2184 tandem
283 2140 535 2199 aliquando,
575 2148 618 2183 et
646 2139 807 2195 videte,
840 2142 895 2184 ab
926 2142 1105 2186 Oriente
1131 2142 1222 2186 sole
1247 2159 1386 2203 usque
1416 2143 1463 2187 in

68 2209 368 2264 Occidentem,
394 2224 484 2253 non
504 2209 551 2251 in
573 2223 678 2263 uno,
704 2209 815 2252 sicut
837 2211 960 2255 vobis
982 2209 1123 2256 fuerat
1146 2213 1451 2269 constitutum,

69 2280 147 2324 sed
173 2280 220 2323 in
241 2279 360 2324 omni
380 2279 478 2324 loco
506 2279 652 2323 offerri
679 2279 940 2323 sacrificium
961 2281 1330 2340 Christianorum,
1370 2299 1462 2329 non

23 2367 36 2393 ·;
71 2349 252 2395 cuilibet
273 2353 380 2405 Deo,
405 2350 481 2394 sed
501 2350 538 2394 ei
555 2350 632 2409 qui
653 2349 732 2394 ista
750 2349 963 2410 praedixit,
987 2354 1076 2397 Deo
1096 2353 1244 2397 Israel.
1273 2353 1398 2398 Unde
1417 2363 1462 2399 et

24 2426 37 2462 ’,ι
74 2419 179 2465 alibi
195 2419 301 2464 dicit
318 2418 521 2464 Ecclesiae
534 2435 622 2464 suae
640 2438 648 2465 :
669 2438 690 2462 «
707 2422 764 2464 Et
780 2420 856 2481 qui
878 2420 991 2466 eruit
1012 2430 1071 2478 te,
1086 2422 1176 2482 ipse
1193 2426 1308 2470 Deus
1326 2423 1460 2470 Israel

123 2510 132 2528 ¹
154 2504 235 2538 Psal.
254 2515 339 2547 xux,
364 2504 414 2547 14.
433 2519 474 2530 --
490 2510 504 2528 ²
526 2504 644 2539 Malac.
664 2517 691 2548 1,
708 2513 740 2539 2.
