1729 3143
228 227 311 264 520
666 233 697 261 s.
734 233 963 262 Aucusnm
997 236 1175 263 Emscom

233 312 377 345 tamen
401 309 489 343 tam
513 299 672 343 durum
697 308 828 359 atque
849 299 1055 355 ferreum,
1078 299 1198 359 quod
1221 315 1308 344 non
1335 301 1490 344 amoris
1509 301 1608 360 igne
1668 341 1676 358 „
1706 295 1707 300 ¹

226 373 438 415 vincatur.
465 371 563 422 Quo
585 384 684 413 cum
703 384 747 413 se
769 370 911 414 anima
933 370 1071 429 rapiet
1090 372 1135 413 in
1157 373 1295 414 Deum
1314 405 1324 424 ‚
1360 385 1490 430 super
1512 386 1607 414 om-
1670 360 1677 410 ³:

227 455 328 483 nem
359 439 653 484 carnificinam
682 439 819 484 libera
854 448 896 483 et
931 438 1185 484 admiranda
1220 439 1419 485 volitabit
1457 440 1611 499 pennis

223 510 524 569 pulcherrimis
557 519 599 553 et
631 510 944 569 integerrimis,
975 510 1136 571 quibus
1162 511 1217 555 ad
1253 511 1330 554 Dei
1362 510 1608 570 amplexum
1673 503 1676 514 ’
1726 517 1729 533 ²

223 595 344 624 amor
365 589 506 624 castus
527 580 744 624 innititur.
771 581 859 626 Nisi
883 595 984 625 vero
1013 589 1225 625 amatores
1253 582 1367 635 auri,
1398 590 1609 626 amatores
1676 579 1678 613 ἕ

223 651 365 695 laudis
382 686 393 706 ,
415 660 626 697 amatores
648 651 954 707 foeminarum,
981 651 1245 696 amatoribus
1263 651 1348 695 suis
1366 653 1480 695 Deus
1501 651 1612 695 sinet

222 737 312 765 esse
335 720 557 776 fortiores,
581 737 681 767 cum
704 721 777 766 ille
798 737 888 766 non
910 737 1031 767 amor
1046 757 1057 778 ,
1092 721 1169 767 sed
1199 721 1507 780 congruentius
1530 737 1611 765 cu·
1678 725 1685 746 ³

223 789 376 850 piditas
398 788 467 833 vel
490 787 627 831 libido
647 793 911 836 nominetur.
936 797 988 837 In
1012 809 1098 852 qua
1114 802 1259 837 tamen
1277 802 1455 852 apparet
1471 808 1612 852 quan-

224 871 293 907 tus
317 861 370 905 sit
384 861 574 918 impetus
591 858 724 902 animi
741 856 795 901 ad
813 873 860 901 ea
879 873 978 917 quae
994 856 1237 916 diliguntur
1255 862 1469 905 indefesso
1484 878 1613 907 cursu
1680 881 1682 900 :

221 948 298 992 per
320 931 525 974 immania
548 944 737 989 quaeque
759 927 1000 984 tendentis,
1025 938 1371 990 argumentoque
1388 931 1514 974 nobis
1531 941 1609 987 est,

220 1017 353 1063 quam
383 1002 467 1045 sint
500 1001 645 1043 onmia
679 998 937 1058 perferenda
955 1034 965 1054 ,
1007 1014 1061 1043 ne
1097 999 1344 1045 deseramus
1381 1003 1522 1045 Deum
1538 1035 1550 1056 ‚
1579 1002 1612 1045 si

221 1081 341 1117 tanta
361 1070 425 1114 illi
444 1079 494 1114 ut
511 1069 733 1124 deserant,
759 1068 1003 1128 perferunt.

281 1144 421 1185 XLII.
448 1139 564 1194 Quid
580 1156 683 1199 ergo
699 1140 770 1184 hic
788 1140 899 1186 Novi
919 1140 1183 1184 Testamenti
1201 1141 1479 1185 auctoritates
1491 1141 1615 1186 colli-

222 1227 341 1270 gam,
378 1211 454 1255 ubi
478 1210 643 1254 dictum
668 1218 732 1254 est
754 1229 762 1253 z
799 1228 816 1250 «
839 1209 1077 1254 Tribulatio
1106 1211 1359 1268 patientiam
1382 1221 1608 1270 operatur,

226 1303 243 1324 »
270 1281 476 1341 patientia
497 1280 820 1340 probationem,
846 1279 1044 1339 probatio
1067 1283 1211 1340 spem¹
1233 1300 1241 1326 :
1262 1299 1281 1322 »
1307 1290 1351 1325 et
1367 1297 1457 1326 non
1471 1282 1612 1326 solum

221 1353 388 1397 dictum
403 1387 414 1407 ,
441 1352 516 1396 sed
542 1352 670 1395 etiam
697 1351 900 1410 exemplis
923 1366 1091 1406 eorum,
1117 1352 1194 1412 qui
1215 1351 1434 1408 dixerunt,
1452 1353 1614 1412 proba-

218 1433 313 1467 tum
329 1432 460 1482 atque
474 1422 711 1477 firmatum,
732 1421 787 1465 de
803 1422 948 1465 Veteri
962 1422 1108 1481 potius
1125 1424 1418 1478 Testamenm,
1434 1423 1479 1467 in
1492 1424 1613 1485 quod

221 1494 283 1539 illi
306 1493 455 1537 rabide
477 1494 678 1548 saeviunt,
704 1493 903 1538 excitabo
931 1492 1178 1552 exemplum
1201 1494 1436 1553 patientiae.
1463 1497 1613 1555 Neque

223 1564 347 1609 illum
370 1563 623 1608 memorabo
643 1564 803 1619 virum,
831 1580 854 1608 a
876 1579 964 1623 quo
981 1563 1027 1607 in
1043 1564 1210 1622 magnis
1233 1564 1496 1609 cruciatibus
1513 1580 1612 1610 cor-

221 1637 334 1694 poris
357 1643 400 1679 et
414 1634 613 1678 horribili
627 1635 728 1679 tabe
750 1635 1064 1689 membrorum,
1086 1649 1176 1679 non
1193 1635 1326 1679 modo
1345 1636 1614 1681 sustinentur

223 1706 429 1760 humana,
455 1704 530 1749 sed
556 1704 702 1749 divina
731 1704 861 1749 etiam
887 1704 1180 1764 disputantur.
1209 1708 1260 1748 In
1281 1707 1406 1765 cujus
1434 1706 1614 1764 singulis

224 1776 404 1821 vocibus
426 1776 526 1819 satis
544 1775 685 1819 elucet
703 1810 713 1830 ,
739 1776 772 1818 si
792 1775 887 1835 quis
909 1790 1037 1834 aequo
1060 1776 1205 1819 animo
1227 1776 1441 1831 attendat,
1461 1777 1614 1835 quanti

227 1846 459 1907 pendenda
481 1846 565 1890 sint
587 1846 681 1901 ista,
700 1862 799 1906 quae
817 1861 917 1890 cum
934 1847 1091 1890 volunt
1107 1847 1307 1891 homines
1325 1862 1401 1906 per
1419 1846 1614 1891 domina·

227 1918 389 1962 tionem
411 1925 581 1971 tenere,
606 1917 661 1960 ab
690 1916 756 1959 his
779 1916 878 1975 ipsis
896 1916 1040 1975 potius
1062 1931 1139 1975 per
1161 1915 1445 1975 cupiditatem
1460 1925 1614 1962 tenen-

229 1996 316 2042 tur,
343 1996 386 2031 et
407 2001 551 2030 rerum
574 1986 825 2031 mortalium
842 1987 954 2031 servi
975 1987 1088 2031 fiunt
1111 1986 1216 2030 dum
1235 1987 1433 2046 imperite
1449 1988 1615 2032 domini

228 2073 317 2102 esse
345 2058 608 2102 desiderant.
640 2058 795 2102 Amisit
826 2073 1015 2118 namque
1046 2057 1119 2101 ille
1152 2073 1302 2102 omnes
1330 2057 1500 2103 divitias
1514 2062 1547 2114 2,
1572 2068 1616 2103 et

230 2128 368 2173 sactus
391 2138 569 2188 repente
598 2129 899 2188 pauperrimus
917 2164 927 2184 ‚
959 2139 1049 2174 tam
1083 2130 1388 2174 inconcussum
1419 2129 1615 2173 animum

231 2199 373 2244 tenuit
390 2208 432 2243 et
454 2200 635 2243 infixum
652 2202 758 2255 Deo,
778 2209 828 2244 ut
845 2200 944 2244 satis
959 2199 1276 2244 demonstraret
1299 2216 1389 2245 non
1419 2199 1514 2244 illas
1534 2200 1614 2243 sibi

232 2268 361 2314 fuisse
378 2285 570 2327 magnas,
594 2270 669 2314 sed
689 2286 733 2315 se
752 2270 851 2326 illis,
877 2271 958 2315 sibi
976 2280 1121 2316 autem
1136 2274 1290 2315 Deum.
1308 2273 1406 2324 Quo
1424 2271 1568 2316 animo
1583 2273 1615 2315 si

233 2357 322 2386 esse
340 2351 515 2400 possent
532 2341 666 2386 nostri
690 2342 896 2401 temporis
916 2342 1136 2397 homines,
1167 2358 1256 2387 non
1286 2357 1550 2401 magnopere
1571 2343 1615 2385 in

233 2415 354 2457 Novo
379 2414 654 2457 Testamento
685 2413 739 2456 ab
762 2413 943 2456 istorum
964 2414 1229 2472 possessione
1251 2402 1582 2472 prohiberemur
1601 2445 1612 2466 ,

232 2491 282 2526 ut
303 2481 481 2540 perfecti
498 2495 586 2525 esse
610 2495 843 2539 possemus.
869 2484 1011 2529 Multo
1033 2485 1150 2528 enim
1172 2484 1412 2528 mirabilius
1427 2492 1505 2538 est,
1527 2497 1614 2527 non

288 2576 295 2591 ¹
323 2569 413 2599 Rom.
433 2578 481 2607 ln,
503 2567 554 2599 32.
576 2583 615 2588 —-
633 2573 645 2588 ²
665 2566 739 2607 Job,
763 2578 786 2607 ι,
804 2578 837 2609 9.
