1729 3143
239 214 323 254 314
648 227 682 252 s.
719 222 950 253 Avensa-rm
982 222 1164 253 Emscom

235 306 287 336 eo
306 292 425 351 quod
447 290 575 332 etiam
596 288 704 332 vivit
722 325 733 343 ,
766 305 821 333 an
841 290 886 334 in
909 306 960 334 eo
977 291 1097 349 quod
1115 290 1245 335 etiam
1256 291 1472 350 intelligit.
1494 296 1546 337 E.
1565 296 1617 337 In

234 375 286 405 eo
308 358 427 419 quod
448 367 619 401 tantum
634 367 712 402 est.
734 362 786 402 Α.
808 359 923 412 Quid
939 361 1082 419 ipsum
1104 375 1277 404 sensum
1291 361 1337 404 in
1353 377 1442 421 quo
1464 377 1618 420 genere

234 430 366 475 trium
389 429 548 471 horum
569 442 658 472 esse
679 431 862 473 censes?
882 432 933 473 E.
961 433 1012 473 In
1034 444 1085 474 eo
1113 429 1235 490 quod
1262 430 1384 475 vivit.
1416 433 1468 475 A.
1502 431 1620 485 Quid

231 499 363 557 igitur
384 499 542 542 horum
565 498 754 544 duorum
776 499 930 544 melius
950 516 1040 544 esse
1058 501 1243 559 judicas,
1263 515 1439 545 sensum
1456 501 1616 561 ipsum,

231 584 285 612 an
315 567 437 626 quod
470 582 620 612 sensus
650 569 859 628 attingit?
883 572 936 614 E.
964 572 1145 622 Sensum
1167 568 1347 614 scilicet.
1374 574 1426 613 A.
1452 572 1622 629 quare?

229 640 281 682 E.
307 639 419 691 Quia
449 638 605 684 melius
633 649 697 684 est
729 639 776 683 id
806 640 928 700 quod
950 642 1080 685 etiam
1102 641 1210 685 vivit
1227 675 1238 695 ,
1263 654 1397 699 quam
1425 638 1471 684 id
1501 633 1623 699 quod

228 717 403 753 tantum
421 719 498 754 est.

286 781 391 822 XII.
426 783 479 825 A.
506 779 622 834 Quid
642 779 766 825 illum
791 795 965 825 sensum
986 781 1258 835 interiorem,
1283 794 1415 840 quem
1442 778 1623 840 quidem

227 846 342 891 infra
364 850 575 894 rationem
593 885 603 903 ‚
636 860 680 894 et
711 850 856 893 adhuc
889 851 1016 894 nobis
1039 864 1319 894 communem
1349 864 1450 893 cum
1474 848 1621 892 hestiis

226 916 424 973 superius
441 912 758 971 indagavimus,
777 913 1079 956 dubitabis-ne
1092 913 1196 957 huic
1211 913 1355 957 sensui
1369 928 1623 973 praeponere

227 1000 316 1044 quo
337 998 494 1043 corpus
516 983 792 1041 attingimus,
824 992 867 1027 et
886 998 1018 1042 quem
1036 984 1125 1042 jam
1145 983 1226 1042 ipsi
1249 984 1420 1043 corpori
1447 999 1622 1043 praepo-

227 1052 425 1098 nendum
459 1067 550 1096 esse
588 1051 771 1096 dixisti?
805 1055 857 1096 E.
891 1052 1024 1098 Nullo
1064 1051 1198 1097 modo
1234 1053 1542 1098 dubitaverim.
1565 1057 1619 1098 A.

226 1124 372 1167 Etiam
388 1123 474 1166 hoc
491 1137 570 1167 cur
586 1137 675 1166 non
693 1121 867 1166 dubites
885 1157 896 1177 ,
921 1121 1023 1167 volo
1038 1123 1115 1167 abs
1131 1132 1175 1167 te
1192 1123 1357 1168 audire.
1393 1126 1492 1169 Non
1505 1121 1622 1168 enim

225 1193 386 1252 poteris
419 1191 563 1237 dicere
588 1193 707 1236 hunc
735 1207 909 1236 sensum
935 1193 1186 1237 interiorem
1201 1194 1291 1253 jam
1315 1194 1362 1238 in
1383 1209 1435 1238 eo
1463 1208 1622 1252 genere

226 1263 361 1307 trium
385 1262 563 1307 illorum
586 1277 676 1306 esse
698 1264 976 1322 ponendum,
1006 1263 1128 1324 quod
1153 1264 1282 1308 etiam
1315 1263 1488 1322 itelligit
1504 1298 1516 1319 ,
1543 1264 1620 1309 sed

228 1332 375 1377 adhuc
398 1333 444 1376 in
461 1348 513 1378 eo
535 1333 656 1392 quod
672 1342 716 1376 et
730 1342 792 1376 est
814 1342 858 1376 et
875 1333 982 1376 vivit
997 1367 1007 1387 ,
1033 1334 1163 1376 etiam
1180 1335 1213 1376 si
1226 1333 1454 1378 intellectu
1466 1342 1585 1378 caret
1605 1351 1615 1378 :

228 1404 309 1447 iste
335 1404 452 1446 enim
479 1417 628 1446 sensus
654 1402 765 1446 inest
785 1411 830 1446 et
849 1402 997 1446 bestiis
1013 1437 1024 1458 ,
1059 1403 1218 1462 quibus
1250 1402 1498 1448 intellectus
1528 1418 1620 1448 non

225 1473 353 1516 inest.
379 1474 490 1525 Quae
512 1486 613 1516 cum
634 1472 693 1516 ita
710 1472 817 1528 sint,
843 1488 994 1532 quaero
1011 1488 1090 1517 cur
1104 1488 1334 1533 praeponas
1355 1488 1532 1518 sensum
1551 1475 1622 1519 in-

224 1544 427 1588 teriorem
451 1543 555 1587 huic
578 1543 721 1587 sensui
742 1558 831 1603 quo
853 1543 1094 1603 corporalia
1124 1544 1376 1588 sentiuntur
1393 1579 1404 1600 ,
1438 1558 1542 1589 cum
1565 1545 1621 1589 sit

223 1623 409 1673 uterque
430 1614 475 1657 in
497 1629 549 1658 eo
572 1628 728 1671 genere
745 1614 868 1674 quod
884 1614 1005 1659 vivit.
1030 1609 1214 1660 Sensum
1230 1624 1377 1659 autem
1394 1615 1528 1660 istum
1542 1616 1620 1675 qui

225 1699 406 1743 corpora
439 1684 642 1743 attingit,
680 1683 778 1729 ideo
811 1686 1085 1744 praeposuisti
1113 1686 1391 1744 corporibus,
1421 1685 1524 1745 quia
1544 1685 1620 1730 illa

224 1762 326 1799 sunt
345 1755 392 1797 in
409 1769 460 1798 eo
483 1769 641 1813 genere
664 1753 785 1813 quod
809 1763 980 1798 tantum
1010 1763 1099 1809 est,
1125 1755 1205 1798 iste
1224 1769 1328 1798 vero
1349 1755 1395 1798 in
1423 1769 1475 1799 eo
1496 1754 1619 1814 quod

224 1825 353 1869 etiam
386 1825 493 1869 vivit
527 1844 536 1870 z
562 1825 607 1869 in
629 1841 718 1885 quo
745 1840 845 1869 cum
877 1835 920 1869 et
941 1825 1013 1869 ille
1034 1826 1213 1870 interior
1230 1826 1477 1884 reperiatur
1494 1860 1505 1881 ,
1539 1841 1619 1870 cur

227 1911 328 1940 eum
348 1895 572 1940 meliorem
595 1904 722 1955 putes
752 1895 821 1939 dic
845 1896 966 1939 mihi.
997 1896 1039 1940 Si
1062 1896 1178 1939 enim
1207 1895 1384 1951 dixeris,
1415 1896 1517 1956 quia
1539 1895 1614 1940 ille

223 1967 356 2010 istum
391 1966 546 2020 sentit,
584 1981 673 2010 non
703 1975 744 2010 te
767 1966 898 2011 credo
919 1967 1201 2011 inventurum
1225 1965 1422 2025 regulam
1450 1982 1536 2026 qua
1558 1967 1615 2009 fi-

227 2051 328 2095 gere
352 2037 562 2096 possimus
578 2072 588 2092 ,
615 2052 744 2081 omne
763 2037 950 2080 sentiens
973 2035 1127 2080 melius
1151 2051 1239 2080 esse
1261 2051 1395 2096 quam
1417 2036 1464 2080 id
1493 2035 1616 2096 quod

227 2107 281 2150 ab
303 2121 354 2151 eo
376 2107 560 2151 sentitur
579 2127 589 2163 3
616 2122 670 2150 ne
686 2105 878 2150 fortassis
901 2122 954 2150 ex
974 2107 1059 2150 hoc
1080 2107 1210 2150 etiam
1227 2121 1437 2165 cogamur
1453 2105 1613 2160 dicere,

227 2192 355 2220 omne
375 2176 622 2235 intelligens
645 2175 800 2220 melius
830 2191 919 2220 esse
939 2191 1071 2237 quam
1090 2176 1136 2220 id
1156 2175 1277 2236 quod
1298 2177 1352 2219 ab
1377 2191 1429 2220 eo
1451 2175 1617 2220 intelli-

227 2246 356 2304 gitur.
382 2248 474 2290 Hoc
498 2247 614 2290 enim
635 2245 793 2290 falsum
817 2256 906 2304 est3
931 2247 1032 2306 quia
1053 2247 1187 2290 homo
1209 2245 1414 2304 intelligit
1441 2246 1616 2305 sapien-

226 2316 353 2371 tiam,
377 2326 421 2360 et
439 2333 528 2361 non
545 2326 609 2361 est
628 2316 782 2361 melior
803 2332 936 2376 quam
958 2317 1048 2376 ipsa
1069 2316 1294 2375 sapientia.
1317 2315 1616 2367 Quamobrem

226 2385 324 2427 vide
341 2402 427 2445 qua
443 2402 569 2432 causa
587 2387 667 2431 tibi
684 2388 823 2431 visum
841 2387 896 2431 sit
909 2422 920 2443 ,
941 2401 1115 2430 sensum
1132 2386 1383 2429 interiorem
1400 2385 1503 2428 huic
1517 2399 1617 2428 sen-

225 2453 291 2495 sui
324 2470 411 2512 quo
446 2458 654 2500 sentimus
686 2472 895 2516 corpora,
928 2471 1018 2500 esse
1045 2454 1384 2515 praeferendum.
1417 2457 1469 2498 E.
1503 2453 1614 2505 Quia
1677 2515 1680 2524 ι
1720 2488 1721 2497 ,

227 2521 545 2569 moderatorem
566 2536 610 2570 et
625 2526 818 2584 judicem
841 2527 1075 2585 quemdam
1101 2527 1231 2584 hujus
1247 2525 1371 2569 illum
1399 2538 1488 2567 esse
1509 2537 1614 2580 cog-
