1729 3143
339 233 422 260 LIB.
458 233 489 260 10
527 233 580 260 DE
613 232 799 261 MORIBUS
831 234 1031 262 ECCLESJAE
1063 234 1320 263 CATHOLICAE.
1442 227 1524 267 535

82 335 85 338 ,
141 296 261 340 sertis
294 295 449 339 mundi
479 296 609 355 hujus
642 295 855 340 illecebris
873 331 884 351 ,
910 297 955 340 in
977 313 1254 342 communem
1282 300 1413 344 vitam
1436 316 1525 346 cas-

140 366 347 410 tissimam
394 365 790 426 sanctissimamque
833 369 1085 427 congregati
1111 403 1122 423 ,
1178 368 1308 413 simul
1349 379 1521 416 aetatem

142 444 278 494 agunt
297 469 308 490 ,
332 435 524 479 viventes
545 435 591 478 in
612 434 880 480 orationibus
897 471 908 491 ,
934 437 979 481 in
999 437 1258 482 lectionibus
1273 473 1284 494 ,
1304 440 1350 483 in
1372 440 1524 501 dispu-

144 504 413 564 tationibus3
447 505 569 549 nulla
597 505 797 565 superbia
825 505 1010 562 tumidi,
1034 506 1155 551 nulla
1177 509 1414 567 pervicacia
1437 519 1532 555 tur-

146 573 319 619 bulenti
336 609 347 630 ,
372 574 494 619 nulla
516 575 756 620 invidentia
776 573 899 619 lividi
921 594 930 620 2
955 575 1028 620 sed
1046 576 1229 620 modesti
1247 612 1258 633 ,
1284 579 1535 638 verecundi,

145 645 286 705 pacati
304 679 315 700 ,
341 644 721 689 concordissimam
741 644 877 689 vitam
898 653 941 689 et
962 645 1290 691 intentissimam
1313 648 1358 692 in
1376 651 1533 706 Deum,

144 713 435 774 gratissimum
464 728 625 758 munus
658 714 739 774 ipsi
771 714 992 770 offerunt,
1026 730 1048 759 a
1071 732 1158 776 quo
1192 717 1269 761 ista
1291 733 1415 777 posse
1445 734 1533 764 me-

142 779 341 828 ruerunt.
371 785 508 829 Nemo
531 783 773 844 quidquam
795 784 986 844 possidet
1006 787 1229 846 proprium
1249 822 1260 843 ,
1285 803 1417 834 nemo
1440 791 1533 834 cui-

140 868 274 914 quam
307 868 515 898 onerosus
549 863 626 898 est.
671 856 920 911 Operantur
954 855 1157 898 manibus
1189 872 1267 913 ea,
1303 859 1462 918 quibus
1491 870 1534 905 et

140 938 298 983 corpus
319 923 435 981 pasci
461 920 619 981 possit,
649 929 692 964 et
722 936 746 964 a
773 923 865 966 Deo
891 936 1014 967 mens
1043 923 1245 983 impediri
1263 941 1353 970 non
1383 929 1530 987 possit.

139 993 260 1050 Opus
292 1000 439 1035 autem
473 1005 601 1035 suum
634 989 817 1035 tradunt
837 992 896 1036 eis
921 1008 1030 1051 quos
1053 992 1240 1040 decanos
1263 1006 1423 1042 vocant
1439 1033 1450 1054 ,
1481 1014 1533 1044 eo

138 1060 259 1122 quod
287 1061 374 1106 sint
407 1059 530 1104 denis
560 1061 808 1120 praepositi,
832 1071 883 1106 ut
902 1062 1120 1107 neminem
1139 1062 1313 1108 illorum
1337 1081 1440 1111 cura
1462 1069 1527 1113 sui

40 1148 41 1155 ¹
70 1156 75 1161 ·
137 1132 330 1192 corporis
365 1140 543 1190 tangat,
569 1147 712 1191 neque
740 1132 785 1176 in
818 1132 943 1189 cibo,
982 1149 1124 1194 neque
1152 1135 1198 1178 in
1234 1136 1493 1183 vestimento
1512 1174 1524 1195 ,

135 1217 279 1263 neque
297 1201 332 1247 si
355 1200 465 1262 quid
487 1200 606 1245 aliud
628 1216 737 1261 opus
760 1210 852 1258 est,
877 1202 946 1247 vel
967 1203 1233 1263 quotidianae
1254 1206 1524 1263 necessitati,

134 1272 204 1318 vel
217 1279 397 1315 mutatae
411 1307 422 1325 ,
449 1280 498 1316 ut
516 1270 670 1317 assolet
688 1307 698 1327 ,
722 1272 977 1318 valetudini.
1000 1273 1068 1318 Illi
1089 1284 1235 1319 autem
1252 1275 1523 1321 decanicum

136 1356 297 1400 magna
316 1337 611 1384 sollicitudine
634 1343 781 1387 omnia
803 1342 1078 1404 disponentes
1094 1380 1105 1402 ,
1130 1354 1172 1390 et
1189 1355 1345 1406 praesto
1362 1346 1523 1391 facien-

139 1422 203 1458 tes
224 1409 441 1471 quidquid
462 1408 537 1453 illa
557 1409 645 1454 vita
665 1422 843 1470 propter
862 1414 1205 1461 imbecillitatem
1223 1416 1414 1476 corporis
1430 1431 1525 1476 pos-

43 1503 45 1505 *
68 1518 73 1520 -
139 1483 253 1529 tulat
269 1518 280 1540 ‚
304 1483 517 1527 rationem
540 1491 687 1527 tamen
710 1484 838 1527 etiam
855 1483 935 1543 ipsi
957 1487 1148 1529 reddunt
1171 1490 1274 1541 uni,
1298 1502 1429 1545 quem
1452 1501 1525 1545 pa-

133 1565 246 1600 trem
286 1554 523 1614 appellant.
561 1555 618 1599 Hi
649 1569 752 1600 vero
788 1564 930 1614 patres
967 1571 1057 1600 non
1091 1554 1232 1600 solum
1271 1557 1524 1601 sanctissimi

137 1625 333 1670 moribus
351 1660 362 1680 ,
387 1625 462 1669 sed
484 1625 613 1669 etiam
637 1624 782 1670 divina
808 1626 1005 1670 doctrina
1028 1625 1401 1682 excellentissimi,
1427 1642 1523 1671 om-

132 1695 263 1740 nibus
299 1694 430 1739 rebus
463 1694 641 1751 excelsi,
678 1695 798 1740 nulla
832 1695 1033 1755 superbia
1066 1695 1301 1740 consulunt
1332 1697 1380 1741 iis
1409 1712 1518 1757 quos

53 1755 59 1759 .
128 1765 240 1811 filios
259 1774 417 1811 vocant
437 1800 449 1821 ,
476 1781 630 1824 magna
655 1780 731 1810 sua
752 1766 798 1809 in
813 1764 1013 1825 jubendo
1034 1766 1293 1809 auctoritate
1309 1800 1321 1821 ,
1358 1782 1514 1825 magna

130 1835 308 1881 illorum
331 1836 378 1878 in
408 1834 753 1892 obtemperando
781 1835 1021 1880 voluntate.
1054 1835 1334 1880 Conveniunt
1368 1845 1514 1882 autem

130 1905 216 1950 diei
242 1913 438 1963 tempore
458 1912 650 1947 extremo
684 1902 739 1946 de
769 1906 855 1948 suis
883 1906 1068 1964 quisque
1101 1904 1384 1962 habitaculis,
1408 1907 1513 1951 dum

131 1974 275 2019 adhuc
292 1972 431 2034 jejuni
451 1982 553 2017 sunt
569 2007 581 2028 ‚
607 1972 663 2016 ad
685 1971 954 2017 audiendum
975 1973 1099 2018 illum
1121 1984 1289 2034 patrem
1308 2010 1320 2030 ,
1344 1984 1387 2019 et
1407 1991 1514 2020 con-

129 2045 313 2091 veniunt
330 2044 386 2088 ad
400 2042 590 2102 singulos
606 2052 747 2103 patres
760 2053 882 2088 terna
900 2079 911 2100 ‚
937 2053 986 2089 ut
1002 2044 1232 2090 minimum
1250 2081 1262 2101 ,
1286 2046 1512 2091 hominum

130 2115 264 2160 millia
285 2134 295 2161 :
320 2129 423 2160 nam
455 2115 584 2159 etiam
618 2113 758 2159 multo
792 2115 1108 2160 numerosiores
1135 2116 1217 2160 sub
1243 2132 1334 2162 uno
1357 2126 1508 2176 agunt.

129 2185 327 2231 Audiunt
347 2194 491 2230 autem
514 2184 759 2229 incredibili
780 2185 924 2230 studio
940 2220 951 2241 ,
976 2200 1146 2231 summo
1163 2185 1332 2231 silentio
1347 2222 1358 2244 ,
1378 2187 1512 2233 affec-

132 2256 267 2301 tiones
288 2256 533 2301 animorum
556 2270 732 2300 suorum
750 2290 760 2310 ,
785 2264 916 2314 prout
934 2271 1006 2300 eos
1029 2256 1243 2316 pepulerit
1265 2251 1510 2303 disserentis

129 2327 268 2373 oratio
288 2362 300 2383 ,
325 2326 395 2373 vel
416 2327 580 2387 gemitu
599 2362 610 2382 ‚
644 2326 714 2372 vel
735 2327 842 2371 fletu
862 2361 872 2382 ,
897 2326 968 2371 vel
1000 2327 1197 2372 modesto
1220 2337 1264 2372 et
1285 2329 1404 2373 omni
1425 2329 1515 2374 cla-

131 2412 253 2442 more
274 2411 413 2442 vacuo
436 2397 594 2456 gaudio
611 2396 915 2456 significantes.
940 2399 1107 2456 Corpus
1131 2397 1288 2442 deinde
1306 2399 1512 2454 reficitur,
1547 2404 1557 2413 ‘

130 2475 347 2527 quantum
386 2465 515 2511 saluti
546 2475 590 2510 et
625 2466 867 2510 salubritati
903 2466 1002 2511 satis
1031 2476 1095 2511 est
1116 2502 1127 2522 ,
1157 2471 1383 2512 coercente
1404 2483 1516 2513 uno-

129 2552 308 2598 quoque
329 2536 754 2597 concupiscentiam,
780 2552 835 2580 ne
857 2551 901 2581 se
922 2534 1164 2596 profundat
1185 2537 1254 2583 vel
1276 2538 1321 2583 in
1339 2553 1388 2583 ea
1409 2539 1514 2599 ipsa,
