1729 3143
49 280 151 381 S.
213 276 545 380 AUR.
612 274 1420 381 AUGUSTINI

362 496 793 536 HIPPONENSIS
822 497 1114 537 EPISCOPI

182 669 324 745 DE
395 665 878 746 CANTICO
943 667 1274 762 NOVQ

235 866 294 902 ET
318 866 379 901 DE
403 866 580 902 REDITU
603 867 668 901 AD
692 866 956 902 COELESTEM
981 866 1223 910 PATRIAM,

516 1026 567 1056 AC
593 1028 674 1057 VIAE
700 1028 934 1057 PERICULIS.

40 1194 1134 1240 ffiffiffifflffi·ffissmfflffiffmmssmffifflffssgmmm&
1141 1197 1410 1242 §gQQQQffi‘ffiQ

327 1371 427 1428 AD
471 1371 1117 1431 CATECHUMENOS

603 1547 850 1600 SERMO.

90 1743 126 1785 I.
152 1741 296 1785 Omns
327 1740 403 1800 qui
434 1739 700 1799 baptismum
726 1739 887 1785 Christi
913 1738 1156 1798 desiderat,
1180 1741 1316 1786 vitam
1337 1758 1420 1790 no·-

30 1826 130 1856 vam
151 1811 434 1870 concupiscit.
461 1813 665 1855 Transeat
689 1826 791 1870 ergo
814 1826 837 1855 a
863 1819 1103 1868 vetustate,
1128 1820 1179 1856 ut
1198 1815 1422 1872 perveniat

30 1881 87 1926 ad
115 1881 367 1926 novitatem.
394 1881 517 1926 Prius
542 1882 658 1926 enim
691 1880 776 1926 fuit
796 1890 1106 1927 testamentum
1127 1892 1252 1929 vetus
1267 1920 1279 1941 ‚
1314 1901 1420 1930 can-

28 1953 165 1998 ticum
181 1961 306 1997 vetus
320 1988 332 2008 ,
357 1953 490 1998 homo
511 1961 635 1997 vetus
659 1972 668 1998 :
693 1969 812 1998 nunc
834 1963 981 1999 autem
1006 1963 1316 2000 testamentum
1336 1973 1420 2002 no·-

27 2037 134 2068 vum
151 2057 162 2077 ‚
194 2024 415 2067 canticum
449 2039 611 2069 novum
630 2059 642 2080 ‚
672 2034 850 2084 propter
870 2025 1095 2071 hominem
1124 2042 1303 2072 novum.
1335 2031 1422 2072 De-

28 2102 319 2138 monstremus
362 2094 447 2138 hoc
489 2095 610 2154 quod
649 2095 832 2141 dicimus
871 2097 1129 2142 testimoniis
1169 2107 1419 2143 sanctarum

31 2164 368 2223 Scripturarum.
401 2164 608 2208 Jeremias
637 2167 852 2224 propheta
881 2186 891 2212 ι
919 2186 941 2210 ι(
965 2170 1080 2213 Ecce
1093 2203 1108 2224 ,
1132 2168 1302 2229 inquit,
1330 2168 1421 2214 dies

31 2251 54 2276 »
77 2234 261 2279 veniunt
276 2268 287 2289 ‚
313 2233 418 2278 dicit
435 2234 646 2279 Dominus
662 2269 674 2290 ‚
695 2245 739 2280 et
758 2239 1073 2284 consummabo
1091 2254 1220 2298 super
1237 2240 1420 2284 domum

29 2322 52 2347 »
75 2307 101 2349 J
106 2304 192 2349 uda
208 2314 517 2349 testamentum
534 2321 701 2350 novum
717 2308 730 2333 ²
753 2326 762 2352 ε
785 2325 806 2349 »
833 2309 969 2354 David
984 2326 1163 2370 quoque
1177 2312 1416 2370 propheta:

35 2393 55 2417 «
77 2378 191 2419 Deus
209 2409 220 2429 ‚
246 2375 466 2420 canticum
499 2391 663 2421 novum
702 2377 888 2423 cantabo
921 2378 1003 2423 tibi
1025 2383 1057 2423 2.
1087 2398 1107 2421 »
1146 2382 1203 2425 Et
1222 2381 1383 2426 iterum
1405 2401 1415 2426 ε

33 2462 52 2486 «
77 2446 259 2490 Cantate
287 2446 472 2492 Domino
493 2448 713 2493 canticum
734 2464 899 2494 novum
921 2451 957 2494 ³.
985 2468 1005 2492 »
1031 2450 1266 2511 Apostolus
1287 2453 1415 2497 etiam

76 2546 86 2563 ¹
108 2542 227 2575 Jerem.
245 2553 334 2584 xxxx,
355 2542 406 2574 31.
423 2559 463 2566 —
482 2549 496 2566 2
509 2543 590 2578 Psal.
611 2555 719 2587 cxmu,
739 2556 772 2587 9.
785 2560 823 2569 —
840 2546 886 2579 ld.
907 2555 1007 2587 xcxv,
1031 2557 1059 2579 1.
