1729 3143
556 228 611 258 nn
640 228 810 268 annau,
843 228 927 257 un.
960 229 1010 256 11.
1386 216 1473 259 455

98 295 259 342 coelum
278 304 323 341 et
338 304 497 341 terram
508 330 521 352 ,
544 304 589 340 et
605 309 733 341 omne
748 293 885 340 viride
900 294 1018 354 agri,
1041 302 1086 339 et
1099 307 1229 339 omne
1243 293 1474 353 pabulum,

98 367 221 427 cujus
241 366 327 411 diei
348 366 525 412 nomine
547 381 676 411 omne
697 374 869 424 tempus
891 364 1120 423 significari
1141 364 1253 409 bene
1273 364 1480 424 intelligi-

99 447 186 483 tur.
218 437 341 482 Fecit
371 437 487 482 enim
522 439 636 482 Deus
668 450 798 481 omne
819 443 992 494 tempus
1012 434 1140 480 simul
1160 450 1261 480 cum
1281 435 1482 481 omnibus

98 509 309 554 creaturis
337 508 674 567 temporalibus,
713 521 814 565 quae
844 515 1053 551 creaturae
1087 506 1274 552 visibiles
1306 505 1408 552 coeli
1441 517 1485 554 et

101 588 228 623 terrae
256 578 435 622 nomine
461 578 775 636 significantur.
807 578 983 622 Movere
1010 586 1156 621 autem
1179 592 1258 623 nos
1278 576 1409 622 debet
1430 579 1486 622 ad

99 646 390 708 quaerendum
405 682 416 702 ‚
438 647 558 707 quod
578 661 680 692 cum
702 645 819 691 diem
837 680 850 702 ‚
873 646 951 706 qui
967 645 1109 691 tactus
1126 656 1190 691 est
1207 681 1221 704 ,
1244 656 1288 692 et
1303 648 1482 704 coelum,

0 754 13 771 7,
50 774 52 776 v
99 727 144 764 et
164 728 325 763 terram
347 718 637 773 nominasset,
661 717 820 777 adjecit
839 717 972 762 etiam
991 717 1128 763 viride
1149 718 1266 778 agri,
1290 728 1334 763 et
1358 733 1487 764 omne

99 788 329 849 pabulum.
363 790 461 835 Non
487 789 605 832 enim
639 787 817 848 quando
846 787 1011 834 dictum
1035 797 1130 833 est:
1156 806 1177 831 «
1202 792 1254 833 In
1275 789 1489 849 principio

101 877 122 901 »
153 858 259 904 fecit
292 862 407 904 Deus
436 858 601 904 coelum
628 868 672 903 et
691 868 851 903 terram
870 893 883 915 ‚
910 876 932 901 »
956 867 1063 903 tunc
1084 858 1251 903 dictum
1274 868 1338 904 est
1356 894 1368 916 ‚
1394 859 1489 906 fac-

98 938 194 973 tum
223 943 314 974 esse
341 944 472 974 omne
494 928 634 971 viride
660 929 750 983 agri
777 936 820 969 et
847 928 1061 985 pabulum
1085 947 1096 970 z
1120 928 1348 974 manifeste
1374 931 1490 974 enim

97 999 259 1058 legitur
280 1033 291 1054 ,
316 997 439 1058 quod
462 997 590 1042 tertio
611 996 682 1040 die
704 995 870 1041 factum
893 1005 956 1041 est
972 1011 1102 1042 omne
1123 997 1263 1042 viride
1283 1008 1328 1044 et
1349 1001 1492 1059 pabu-

99 1070 194 1114 lum
228 1069 332 1127 agri.
370 1069 502 1122 Quod
533 1077 682 1113 autem
712 1068 880 1113 dictum
907 1076 971 1112 est
999 1085 1009 1113 :
1037 1085 1056 1108 «
1082 1069 1134 1111 In
1152 1068 1366 1128 principio
1385 1069 1490 1116 fecit

101 1158 122 1182 »
149 1143 271 1184 Deus
289 1138 453 1184 coelum
475 1148 518 1182 et
541 1147 699 1183 terram
715 1173 727 1194 ‚
755 1158 773 1180 »
796 1153 887 1183 non
907 1138 1097 1198 pertinet
1117 1136 1173 1183 ad
1189 1137 1379 1199 aliquem
1394 1139 1491 1185 die-

98 1225 197 1254 rum
221 1225 271 1254 ex
287 1209 370 1254 illis
391 1218 558 1269 septem
579 1208 751 1254 diebus.
776 1208 935 1254 Adhuc
954 1209 1070 1253 enim
1090 1209 1161 1256 vel
1178 1210 1404 1255 materiam
1419 1211 1490 1270 ip-

97 1296 191 1326 sam
219 1280 338 1325 unde
363 1279 480 1325 facta
507 1289 610 1325 sunt
637 1281 784 1325 omnia
801 1315 815 1335 ‚
839 1279 943 1325 coeli
965 1290 1009 1325 et
1029 1289 1157 1325 terrae
1177 1282 1355 1326 nomine
1372 1297 1491 1327 nun-

99 1351 304 1410 cupabat.
337 1350 418 1395 Vel
439 1359 556 1395 certe
580 1351 701 1411 prius
724 1360 862 1396 totam
883 1360 1128 1396 creaturam
1142 1386 1155 1408 ‚
1180 1351 1283 1397 coeli
1304 1360 1348 1397 et
1367 1361 1495 1397 terrae

99 1422 279 1468 nomine
316 1432 604 1482 proposuerat
638 1421 826 1468 dicendo
853 1441 864 1468 ε
889 1441 912 1466 «
935 1425 987 1467 In
1007 1422 1222 1483 principio
1248 1421 1352 1484 fecit
1377 1426 1492 1469 Deus

101 1512 122 1536 »
149 1492 316 1538 coelum
336 1503 381 1538 et
397 1502 586 1552 terram3
612 1511 634 1536 »
661 1495 705 1538 e't
725 1502 876 1554 postea
894 1493 1187 1554 particulatim
1204 1508 1279 1554 per
1295 1493 1495 1539 ordinem

100 1562 269 1609 dierum
309 1565 421 1610 sicut
452 1564 710 1624 oportebat,
745 1573 924 1625 propter
944 1564 1245 1625 prophetiam,
1285 1579 1418 1625 quam
1445 1564 1493 1609 in

98 1635 240 1694 primo
259 1635 373 1680 libro
394 1636 831 1681 commemoravimus
847 1669 860 1691 ,
885 1635 964 1680 Dei
984 1650 1115 1695 opera
1138 1644 1346 1680 executus
1361 1649 1492 1695 expo-

34 1735 38 1737 ·
98 1707 199 1751 suit.
234 1705 352 1760 Quid
389 1707 471 1751 sibi
503 1722 607 1765 ergo
638 1706 736 1751 vult
767 1706 888 1766 quod
917 1722 1036 1751 nunc
1066 1708 1292 1752 nominato
1312 1706 1426 1751 coelo
1449 1715 1493 1751 et

97 1787 211 1823 terra
228 1812 240 1833 ‚
275 1778 446 1823 addidit
475 1778 613 1823 viride
644 1778 737 1838 agri
766 1787 810 1823 et
837 1778 1051 1838 pabulum
1067 1812 1079 1835 ‚
1111 1787 1155 1823 et
1180 1778 1317 1824 tacuit
1336 1787 1491 1823 caetera

97 1857 189 1893 tam
211 1848 375 1906 multa„
414 1864 514 1908 quae
547 1857 650 1893 sunt
677 1849 723 1892 in
757 1849 870 1894 coelo
904 1858 948 1893 et
982 1849 1027 1894 in
1063 1858 1207 1904 terra,
1250 1848 1322 1894 vel
1361 1849 1490 1894 etiarn

95 1919 143 1963 in
186 1920 329 1974 mari,
378 1920 459 1964 nisi
499 1920 604 1978 quia
641 1909 784 1965 viride
818 1920 911 1979 agri
945 1920 1208 1966 invisibilem
1246 1929 1490 1965 creaturam

96 1989 193 2036 vult
230 1990 452 2049 intelligi,
501 1991 612 2035 sicut
653 2000 718 2035 est
759 1992 942 2036 anima?
983 1994 1098 2051 Ager
1134 1991 1252 2036 enim
1288 1991 1398 2037 solet
1439 1992 1486 2036 in

54 2056 59 2063 ’
98 2060 330 2119 Scrip'turis
361 2060 545 2117 figurate
571 2059 763 2104 mundus
791 2060 1013 2121 appellari.
1040 2063 1149 2108 Nam
1185 2070 1229 2106 et
1264 2062 1356 2122 ipse
1396 2064 1486 2107 Do-

95 2129 240 2174 minus
269 2147 280 2174 :
310 2131 426 2188 Ager
458 2138 522 2173 est
554 2129 624 2174 hic
641 2164 652 2185 ,
687 2130 829 2190 inquit
846 2165 857 2187 ,
882 2130 1102 2188 mundus,
1127 2148 1228 2177 cum
1255 2132 1375 2177 illam
1408 2147 1487 2192 pa-

97 2199 294 2244 rabolam
342 2210 604 2259 exponeret,
643 2201 721 2245 ubi
764 2202 882 2247 bono
920 2204 1075 2249 semini
1110 2214 1213 2249 sunt
1247 2204 1484 2250 commixta

95 2270 256 2315 zizania
284 2273 316 2314 1.
359 2270 507 2314 Viride
550 2286 653 2331 ergo
695 2272 786 2331 agri
837 2273 1074 2333 spiritalem
1115 2285 1247 2337 atque
1294 2274 1486 2321 invisibi-

97 2341 186 2385 lem
217 2350 460 2386 creaturam
486 2342 620 2397 dicit,
658 2352 835 2402 propter
862 2345 1054 2403 vigorem
1081 2346 1209 2402 vitae,
1236 2356 1281 2392 et
1307 2346 1485 2392 nomine

98 2411 246 2472 pabuli
274 2413 428 2472 utique
460 2422 637 2473 propter
670 2413 803 2459 vitam
835 2414 948 2460 bene
978 2417 1062 2462 hoc
1097 2418 1240 2478 ipsum
1268 2418 1481 2478 interpre—

98 2490 259 2526 tamur.

148 2574 158 2591 ¹
178 2566 298 2600 Matth.
316 2570 385 2607 xiii,
402 2566 455 2602 38.
470 2567 549 2601 Vide
566 2579 578 2601 1
596 2570 740 2603 Retract.
758 2579 830 2611 cap.
850 2579 883 2611 x,
900 2580 934 2603 n.
954 2570 984 2603 3.
