1729 3143
557 190 612 218 DE
642 187 927 218 CATACLYSMO.
1351 177 1435 219 159

49 263 180 314 caput
197 254 394 299 draconis
415 255 588 314 magni,
614 255 761 299 vivum
780 270 869 298 sese
892 253 1156 313 profitentis,
1188 251 1265 296 sed
1286 267 1435 297 veram

49 326 182 370 vitam
201 341 289 369 non
307 325 524 370 habentis.
545 325 621 368 Dic
635 333 684 368 tu
701 324 808 382 quid
821 340 880 378 es,
906 325 1112 383 quoniam
1127 322 1202 367 ille
1223 323 1344 366 aliud
1361 324 1434 368 do-

47 405 116 440 cet
142 411 275 455 quam
296 411 354 438 es.
381 395 480 448 Dic,
505 394 598 447 dic,
620 393 847 437 audiamus
868 393 986 437 unde
1003 394 1228 439 haereticos
1245 394 1434 438 convin-

45 480 208 510 camus.
238 465 397 509 Audite
422 463 529 524 quid
558 463 700 508 dicat:
729 466 863 521 «Ego
885 478 982 506 sum
1003 465 1093 519 via,
1122 473 1165 509 et
1193 464 1371 518 veritas,
1392 472 1436 508 et·

47 553 69 577 »
94 537 196 580 vita.
224 538 361 580 Nemo
385 535 503 579 venit
524 532 579 577 ad
609 537 780 577 Patrem
800 533 881 577 nisi
903 548 980 592 per
1001 536 1115 577 me1.
1134 553 1154 576 »
1184 533 1436 579 Secundum

41 605 358 649 humanitatem
379 605 472 659 via,
503 604 746 648 secundum
767 604 1044 648 Divinitatem
1069 605 1230 649 veritas
1258 615 1301 648 et
1328 606 1434 649 vita.

44 677 109 719 Tu
127 685 290 730 autem,
309 675 511 719 haeretice
535 675 710 730 Ariane,
735 675 812 735 qui
836 676 1046 719 minorem
1065 675 1128 719 vis
1149 689 1239 718 esse
1254 675 1302 718 in
1318 676 1434 718 Divi-

40 744 179 788 nitate
193 746 328 790 vitam
345 754 389 789 et
403 746 630 790 veritatem
644 781 656 801 ,
677 747 873 806 sequitur
895 755 942 791 ut
964 761 1055 791 non
1072 761 1150 805 per
1169 760 1272 789 eum
1290 745 1440 790 venias

41 815 97 859 ad
109 819 297 861 Patrem.
316 818 400 861 Sed
417 817 576 871 adhuc,
594 818 778 862 Domine
796 821 820 862 J
824 834 899 863 esu
913 853 924 874 ,
939 827 1118 863 contere
1135 825 1268 876 caput
1284 815 1440 861 draco-

43 886 163 930 conis
178 920 190 940 ,
220 886 291 930 dic
312 887 420 946 quid
441 887 495 931 sis
517 903 620 932 cum
643 891 770 932 Patre
802 904 812 929 ε
847 898 891 933 te
920 888 1148 933 audiamus
1178 887 1409 931 docentem
1425 921 1437 940 ,

41 970 133 1000 non
154 957 411 1002 haereticum
432 957 809 1017 blasphemantem
835 978 844 1003 :
871 959 942 1003 dic
963 960 1073 1019 quid
1090 959 1144 1002 sis
1161 973 1263 1002 cum
1282 961 1409 1001 Patre
1428 974 1437 1000 :

43 1043 63 1068 «
88 1027 198 1082 Ego,
223 1026 382 1084 inquit,
403 1037 446 1067 et
465 1032 593 1067 Pater
606 1044 748 1066 unum
767 1032 964 1066 sumus‘l-
980 1046 1000 1065 n
1028 1028 1106 1068 Dic
1120 1028 1281 1071 adhuc.
1306 1029 1432 1083 «Ego

39 1109 62 1135 ³»
86 1093 133 1136 in
156 1096 283 1136 Patre
298 1127 309 1146 ,
343 1101 386 1135 et
407 1095 535 1135 Pater
562 1092 610 1135 in
640 1106 711 1134 me
732 1092 841 1146 est3,
857 1109 878 1132 »
899 1091 1057 1135 Adhuc
1080 1090 1151 1136 dic
1175 1111 1184 1136 z
1220 1111 1239 1134 «
1258 1092 1343 1146 Qui
1360 1107 1431 1137 me

42 1180 62 1204 »
85 1160 218 1217 vidit,
243 1160 353 1207 vidit
375 1170 418 1205 et
435 1161 649 1205 Patrem4.
672 1178 692 1201 »
718 1159 869 1205 Credis
886 1161 976 1220 jam
990 1196 1000 1216 ,
1025 1162 1233 1206 haeretice
1253 1197 1264 1217 ,
1302 1171 1438 1207 tantae

39 1233 310 1278 auctoritati?
326 1235 396 1276 An
408 1232 540 1290 ipsius
557 1231 855 1276 testimonium
871 1231 926 1275 de
940 1246 985 1275 se
1002 1232 1098 1290 ipso
1119 1247 1209 1275 non
1224 1233 1434 1287 admittis,

38 1302 114 1348 sed
136 1302 243 1347 alios
275 1301 330 1346 de
361 1317 413 1346 eo
435 1311 564 1346 testes
586 1301 806 1361 requiris?
839 1304 955 1346 Ecce
986 1302 1334 1347 introducuntur
1359 1302 1439 1347 ad-

37 1388 210 1419 versum
234 1382 293 1429 te,
318 1373 489 1428 dicunt,
515 1372 813 1426 convinceris,
840 1371 1059 1427 refutaris,
1077 1382 1121 1417 et
1142 1372 1250 1431 legis
1272 1372 1438 1434 laqueis

37 1444 230 1488 irretiris.
256 1444 333 1488 Dic
358 1444 474 1488 testis
502 1443 608 1497 Dei,
633 1441 795 1497 Paule,
818 1441 896 1500 qui
917 1456 1057 1502 usque
1091 1441 1147 1486 ad
1176 1443 1437 1501 sanguinem

38 1528 118 1573 pro
139 1515 223 1558 isto
250 1514 499 1558 testimonio
531 1512 772 1567 accessisti,
807 1520 851 1556 et
878 1527 933 1555 ne
955 1512 1076 1556 falsae
1098 1511 1314 1557 doctrinae
1337 1529 1438 1558 suc-

0 1609 1 1643 }
39 1585 269 1629 cumberes
286 1619 297 1638 ,
319 1584 507 1629 animam
523 1583 719 1643 posuisti.
741 1582 819 1626 Dic
841 1601 849 1627 :
872 1582 1020 1627 audiat
1037 1584 1114 1643 qui
1132 1584 1335 1630 convinci
1349 1584 1439 1629 for⁶

39 1654 204 1712 midat3
230 1655 514 1700 convincatur
535 1654 613 1714 qui
634 1668 715 1698 nec
739 1654 966 1698 convictus
985 1663 1197 1699 mutatur.
1227 1674 1246 1697 «
1270 1655 1439 1714 Singuli

41 1743 62 1767 η
87 1725 269 1785 quique,
296 1724 371 1780 ait,
391 1725 476 1769 hoc
493 1725 650 1768 sentite
664 1724 710 1768 in
725 1723 847 1768 vobis
863 1722 986 1784 quod
1005 1724 1108 1769 etin
1123 1725 1297 1770 Christo
1314 1728 1432 1781 Jesu,

41 1813 62 1837 »
86 1796 163 1855 qui
186 1810 288 1841 cum
306 1796 352 1839 in
373 1794 514 1840 forma
532 1796 610 1840 Dei
627 1804 757 1850 esset,
783 1810 875 1839 non
894 1795 1092 1855 rapinam
1119 1796 1351 1841 arbitratus
1373 1806 1437 1841 est

38 1882 60 1907 n
86 1880 176 1910 esse
192 1865 373 1926 aequalis
388 1867 518 1910 Deo⁵.
541 1884 561 1907 »
583 1865 720 1910 Audis
735 1865 971 1926 aequalem,
993 1865 1116 1910 audis
1131 1864 1317 1911 formam
1331 1868 1407 1911 Dei
1425 1886 1433 1912 :

37 1944 82 1980 et
103 1945 154 1980 tu
186 1937 318 1981 audes
340 1937 484 1981 dicere
507 1937 722 1981 minorem
746 1936 909 1981 Filium
937 1937 1046 1981 Dei?
1068 1939 1226 1982 Veniat
1257 1948 1299 1982 et
1328 1938 1436 1983 alius

38 2007 158 2050 testis
174 2042 185 2062 ,
209 2017 260 2051 ut
280 2009 328 2052 in
348 2007 524 2053 duobus
544 2007 615 2053 vel
643 2009 781 2053 tribus
802 2010 1088 2054 confirmetur
1108 2010 1291 2070 aequitas
1319 2010 1434 2055 veri-

37 2077 152 2121 tatis.
188 2078 265 2123 Dic
293 2087 334 2122 et
365 2087 431 2133 tu,
457 2088 604 2123 sancte
626 2083 775 2136 Petre,
801 2080 914 2141 quid
937 2079 1019 2125 tibi
1042 2080 1319 2136 revelaverit,
1345 2096 1435 2126 non

39 2162 139 2193 caro
179 2157 222 2191 et
263 2149 452 2207 sanguis,
493 2147 570 2193 sed
604 2152 731 2193 Pater
768 2150 970 2194 coelestis.
1013 2170 1034 2194 «
1053 2153 1119 2195 Tu
1156 2166 1200 2196 es
1218 2186 1229 2207 ,
1267 2151 1432 2211 inquit,

38 2218 236 2264 Christus
266 2218 402 2263 Filius
425 2219 502 2263 Dei
529 2219 658 2263 viviss.
684 2239 702 2261 >›
729 2222 786 2263 Et
812 2221 859 2263 in
880 2222 1075 2280 Epistola
1104 2237 1182 2266 sua
1209 2221 1264 2266 ad
1287 2231 1435 2280 gentes

42 2287 231 2333 secunda
254 2307 263 2333 :
292 2308 312 2331 «
331 2291 488 2335 Notam
518 2287 700 2334 facimus
733 2289 880 2345 vobis,
906 2290 1071 2351 inquit,
1098 2292 1274 2336 Domini
1297 2292 1431 2337 nostri

47 2375 68 2400 »
93 2361 198 2403 Jesu
227 2359 387 2405 Christi
416 2359 649 2416 virtutem,
692 2368 735 2404 et
766 2362 1107 2420 praescientiam,
1145 2371 1189 2406 et
1210 2363 1432 2422 magnitu-

95 2466 108 2481 1
130 2462 223 2493 Joan.
250 2471 327 2501 xxv,
357 2461 390 2493 6.
409 2477 450 2484 --
475 2468 489 2484 ²
507 2462 592 2495 Ibid.
619 2473 669 2495 10.
692 2478 733 2485 —
749 2459 763 2485 3
780 2462 861 2495 Ibid.
887 2471 942 2497 20.
961 2481 1002 2488 —
1024 2463 1041 2494 4
1066 2464 1150 2498 Ibid.
1176 2475 1209 2508 9.
1225 2480 1266 2490 —
1284 2463 1301 2489 5
1316 2466 1428 2508 Philip.

48 2524 82 2556 n,
103 2514 133 2547 5.
149 2532 189 2539 --
204 2513 219 2538 6
238 2515 358 2549 Matth.
379 2526 443 2558 ΧΠ,
467 2516 517 2548 16.
