1729 3143
230 190 313 229 104
661 203 693 227 s.
730 197 961 227 Avensa-nu
993 199 1176 227 muscom

225 267 381 312 mundi
411 268 456 310 in
488 266 685 324 proximo
724 272 787 308 est
823 284 833 309 2
869 265 980 319 etsi,
1020 274 1069 309 ut
1109 264 1289 324 quidam
1324 273 1520 323 putant,
1565 266 1612 308 in

225 339 422 398 proximo
437 353 525 381 non
539 344 604 379 est
620 370 631 389 ‚
657 335 750 379 dies
768 335 950 379 ultimus
965 337 1309 395 uniuscujusque
1325 345 1522 379 nostrum
1541 336 1614 379 in-

225 418 367 452 certus
398 415 474 450 est.
503 404 621 457 Quid
642 403 912 460 differimus,
949 407 983 450 si
1021 407 1073 450 ad
1102 407 1276 450 beatam
1299 406 1429 449 vitam
1466 405 1613 449 tendi-

227 480 353 521 mus?
377 475 680 533 Corrigamur‚
706 475 813 520 dum
842 485 1016 535 tempus
1045 486 1108 521 est
1139 476 1423 520 emendemur
1445 493 1454 516 :
1479 475 1616 520 bonas

225 561 371 590 causas
388 546 626 589 habeamus
643 580 654 598 ‚
680 555 729 589 ut
750 545 945 589 futuram
964 546 1246 605 diemjudicii
1262 561 1351 590 non
1371 546 1613 590 timeamus.

285 617 363 658 ΙΧ.
390 614 533 660 Credo
554 615 600 658 in
630 616 836 674 Spiritum
859 626 1072 660 sanctum.
1103 618 1285 675 Spiritus
1309 626 1482 660 sanctus
1505 619 1619 660 Deus

225 694 316 740 est,
345 689 471 729 Patre
503 685 704 745 Filioque
734 701 822 730 non
858 687 1028 741 minor,
1054 687 1128 730 sed
1163 702 1249 729 una
1280 688 1505 745 majestas,
1530 701 1619 730 una

227 765 413 814 potestas
435 790 447 810 ‚
482 756 778 815 inseparabilis
815 757 1003 800 Trinitas
1027 791 1038 811 ‚
1078 755 1352 799 indivisibilis
1385 757 1587 800 sanctitas
1606 791 1617 810 ‚

227 826 355 869 simul
377 826 545 885 ubique
569 835 660 870 tota
686 845 695 870 ε
721 830 838 870 Deus
869 830 1022 881 Pater,
1053 829 1168 870 Deus
1192 824 1329 868 Filius
1345 860 1356 879 ‚
1382 828 1498 870 Deus
1523 826 1622 884 Spi-

228 896 333 939 ritus
355 905 529 940 sanctus
546 931 557 951 ,
583 911 674 940 non
695 904 782 939 tres
804 894 894 951 dii,
928 897 1004 940 sed
1028 895 1213 939 Trinitas
1234 910 1349 939 unus
1371 898 1502 940 Deus.
1534 897 1624 940 Nec

226 974 422 1025 tempore
459 975 684 1024 separatur
724 965 861 1010 Filius
898 983 920 1010 a
961 970 1116 1020 Patre,
1157 966 1370 1026 quoniam
1407 975 1624 1010 aeternum

225 1035 423 1078 Verbum
451 1035 589 1079 Patris
611 1044 675 1079 est
703 1054 713 1080 z
738 1050 819 1079 nec
843 1038 982 1096 major
1008 1045 1072 1080 est
1103 1034 1216 1079 Filio
1238 1039 1365 1077 Pater
1380 1070 1393 1085 ‚
1417 1036 1626 1089 quoniam

225 1103 440 1159 aequalem
459 1098 612 1154 genuit
634 1098 748 1139 Deus
773 1100 914 1139 Deum
941 1105 1033 1140 sine
1058 1111 1256 1156 tempore
1275 1134 1286 1153 ‚
1311 1115 1391 1158 per
1410 1115 1545 1159 quem
1566 1100 1627 1144 fe·

227 1171 286 1213 cit
304 1176 515 1224 tempora.
541 1167 630 1210 Nec
654 1165 838 1223 Spiritus
870 1174 1044 1209 sanctus
1067 1166 1211 1210 minor
1233 1176 1298 1211 est
1328 1172 1455 1212 Patre
1485 1178 1529 1213 et
1551 1170 1628 1213 Fi-

228 1239 289 1282 lio
314 1257 326 1294 3
362 1250 463 1280 cum
503 1236 557 1279 sit
594 1235 780 1278 charitas
816 1244 949 1295 atque
989 1236 1224 1280 concordia
1263 1239 1402 1281 Patris
1435 1247 1478 1282 et
1509 1238 1626 1283 Filii.

230 1307 460 1362 Quomodo
482 1306 599 1350 enim
620 1305 756 1350 Filius
775 1308 917 1351 minor
940 1315 1003 1350 est
1028 1310 1156 1351 Patre
1171 1342 1182 1361 ,
1217 1317 1266 1351 ut
1290 1309 1476 1352 Arianus
1492 1310 1630 1354 haere-

231 1380 342 1423 ticus
359 1377 595 1436 praedicat,
619 1391 721 1420 cum
741 1377 976 1435 Apostolus
999 1392 1101 1421 eum
1125 1378 1242 1422 dicat
1265 1378 1342 1422 Dei
1364 1379 1570 1423 virtutem
1586 1389 1631 1424 et

232 1448 310 1492 Dei
333 1447 619 1506 sapientiam?
645 1447 688 1490 Si
702 1446 838 1490 virtus
851 1455 896 1491 et
907 1448 1120 1506 'sapientia
1135 1450 1271 1492 Patris
1289 1448 1428 1492 Filius
1444 1458 1508 1493 est
1522 1483 1532 1503 ,
1553 1450 1629 1508 qui

234 1533 335 1562 eum
352 1518 566 1561 minorem
586 1516 720 1571 dicit,
750 1520 840 1561 Deo
868 1518 984 1561 Patri
1006 1517 1317 1561 contumeliam
1333 1517 1437 1563 facit
1451 1521 1466 1545 ¹
1487 1538 1495 1563 :
1518 1534 1630 1579 quo-

234 1588 352 1631 niam
374 1602 475 1630 eum
493 1595 535 1629 et
553 1587 765 1630 minorem
787 1588 1044 1645 sapientiam
1062 1596 1106 1630 et
1123 1588 1341 1632 infirmam
1363 1588 1570 1632 virtutem
1583 1590 1630 1633 in

235 1674 278 1700 se
300 1657 461 1701 habere
481 1656 722 1700 contendit.
748 1660 838 1700 Aut
859 1657 1084 1715 quomodo
1107 1658 1324 1715 Spiritum
1338 1668 1538 1703 sanctum
1555 1659 1631 1703 mi-

235 1741 386 1771 norem
420 1726 627 1785 praedicat
652 1727 781 1770 etiam
805 1726 915 1770 Filio
930 1761 941 1780 ‚
976 1742 1076 1770 cum
1105 1728 1302 1770 membra
1327 1728 1492 1772 Christi
1514 1738 1631 1772 tem.-

237 1797 360 1857 plum
379 1796 612 1855 Apostolus
636 1805 769 1855 ponat
793 1797 977 1855 Spiritus
995 1798 1161 1841 sancti?
1188 1800 1316 1842 «Vos
1331 1832 1342 1852 ‚
1368 1799 1513 1858 inquit
1530 1833 1540 1852 ‚
1567 1814 1632 1843 es-

242 1887 260 1908 »
288 1868 340 1911 tis
362 1882 520 1925 corpus
539 1867 700 1913 Christi
722 1877 765 1910 et
787 1868 985 1912 membra
999 1871 1030 1910 ².
1055 1886 1075 1909 »
1101 1871 1157 1912 Et
1178 1869 1261 1913 alio
1289 1869 1387 1914 loco
1411 1889 1420 1914 :
1449 1887 1469 1911 «
1489 1870 1632 1914 Nesci-

242 1956 262 1978 »
292 1938 344 1982 tis
363 1972 374 1992 ,
399 1937 567 1996 inquit,
598 1938 700 1996 quia
726 1938 923 1981 membra
945 1947 1086 1981 vestra
1109 1938 1325 1996 templum
1348 1940 1395 1982 in
1417 1940 1539 1984 vohis
1569 1948 1633 1984 est

245 2026 264 2048 »
293 2007 474 2066 Spiritus
501 2008 636 2051 sancti
659 2008 708 2050 3?
733 2025 753 2048 »
782 2007 1013 2060 Quomodo
1043 2011 1156 2052 Deus
1181 2018 1386 2063 nonest,
1413 2011 1490 2068 qui
1518 2018 1632 2054 tem-

242 2077 366 2134 pium
406 2077 539 2121 habet
578 2095 587 2120 ε
629 2086 704 2121 aut
741 2078 965 2136 quomodo
995 2078 1137 2120 minor
1171 2086 1235 2121 est
1269 2078 1443 2122 Christo
1464 2113 1476 2132 ‚
1511 2080 1633 2137 cujus

241 2146 437 2190 membra
468 2146 684 2205 templum
710 2146 879 2191 habet?
909 2149 1005 2191 Non
1032 2156 1135 2190 sunt
1156 2145 1313 2191 diversi
1335 2148 1519 2203 gradus,
1554 2149 1633 2192 ubi

244 2226 307 2260 est
350 2232 436 2260 una
465 2217 649 2261 Trinitas
681 2225 724 2260 et
761 2217 873 2260 trina
907 2217 1140 2261 aeternitas.
1180 2217 1265 2269 Qui
1296 2217 1413 2260 enim
1443 2216 1633 2262 diversos

244 2287 401 2342 gradus
424 2287 648 2345 componit
664 2321 675 2341 ,
701 2286 791 2345 ipse
813 2301 857 2329 se
883 2287 938 2329 ab
963 2288 1133 2330 unitate
1158 2284 1369 2343 praecidit.
1400 2288 1632 2338 Quomodo

246 2354 434 2410 exultas,
458 2357 615 2401 Ariane
635 2392 646 2412 ‚
682 2357 803 2416 quod
833 2366 977 2400 teneas
1006 2357 1233 2400 veritatem
1252 2388 1262 2408 ‚
1305 2370 1405 2398 cum
1428 2365 1471 2400 te
1493 2357 1633 2401 malus
1683 2386 1686 2387 ν

247 2440 364 2468 error
396 2441 419 2468 a
445 2428 654 2472 catholica
685 2427 883 2471 doctriua
905 2441 1104 2485 separans
1121 2459 1133 2480 ‚
1156 2425 1501 2484 haereticumque
1526 2441 1632 2485 pro-

309 2516 313 2528 ί
338 2519 347 2537 1
373 2510 442 2537 Cor.
466 2520 487 2538 ι.
510 2510 562 2547 24,
584 2527 618 2530 -
634 2518 642 2530 ⁷
665 2511 708 2539 1εὸ
730 2521 780 2539 Ui.
808 2518 859 2548 Τ).
879 2526 918 2529 --
938 2508 1074 2547 51'l‹'i.v1,
1099 2520 1147 2548 ¹9·
