1729 3143
128 350 148 374 ))

126 421 147 445 ³)

126 491 146 515 ))

124 559 144 584 ))

122 630 144 655 ))

123 701 143 724 ))

122 771 143 795 ))

120 842 141 866 ))

120 913 140 936 Η

118 983 139 1006 ))

118 1053 139 1076 ))

117 1123 139 1146 ))

117 1195 138 1218 ))

116 1264 136 1288 ))

118 1338 136 1359 “))

116 1477 137 1500 ))

116 1546 138 1570 ))

115 1616 136 1640 ))

114 1686 134 1709 ))

115 1755 135 1779 ))

114 1825 135 1849 ))

115 1895 135 1920 ))

115 1967 135 1990 ))

115 2039 135 2060 ))

115 2108 137 2132 ))

115 2179 136 2203 ))

115 2251 135 2274 ))

115 2319 135 2343 ))

118 2389 139 2413 ))

117 2460 138 2483 ))

118 2529 139 2553 ))

391 268 472 293 Lm.
509 268 555 293 11.
592 267 645 293 niz
677 267 860 294 MORIBUS
891 266 1232 294 MANICHAEORUM.
1417 255 1499 293 569

184 333 373 377 scientia.
401 331 586 385 Quidam
609 343 753 377 autem
770 333 815 376 in
834 333 1093 377 conscientia
1111 347 1186 376 sua
1204 346 1341 391 usque
1359 332 1500 377 adhuc

182 403 227 446 in
250 402 383 447 idolio
404 405 527 463 quasi
548 403 842 462 idolothytum
862 405 1128 448 manducant
1145 438 1156 458 ‚
1182 413 1224 448 et
1243 403 1502 448 conscientia

182 489 332 518 eorum
369 489 468 518 cum
502 475 554 518 sit
586 475 756 519 infirma
794 475 1063 534 inquinatur.
1100 477 1208 519 Esca
1244 483 1388 518 autem
1424 490 1502 520 nos

179 559 269 587 non
289 545 566 589 commendat
588 548 691 589 Deo.
717 547 867 604 Neque
885 545 1004 599 ‚enim
1027 545 1060 588 si
1077 544 1498 601 manducaverimus,

179 614 526 673 abundabimus3
550 630 693 675 neque
712 616 746 659 si
767 631 857 659 non
880 614 1282 663 manducaverimus
1297 650 1308 671 ,
1333 615 1502 659 deficie-

178 700 288 728 mus.
316 684 471 729 Videte
492 695 636 729 autem
666 701 720 729 ne
750 684 861 729 forte
882 686 976 729 haec
997 684 1171 730 licentia
1193 695 1333 731 vestra
1359 687 1503 731 offen-
1533 704 1535 706 ·

178 754 374 798 diculum
408 756 483 799 fiat
517 756 712 799 infirmis.
752 756 793 800 Si
825 756 938 800 enim
966 757 1062 815 quis
1093 756 1251 802 viderit
1279 772 1404 812 eum,
1428 758 1504 817 qui
1531 776 1538 786 ⁴-
1593 814 1599 823 Ἰ

1592 828 1596 843 1

176 825 309 868 habet
331 825 553 869 scientiam
571 860 581 880 ‚
612 827 657 869 in
677 825 812 869 idolio
835 826 1158 870 recumbentem
1180 848 1190 883 3
1224 842 1370 871 nonne
1399 843 1505 872 con-

175 896 353 939 scientia
377 897 469 955 ejus
492 910 591 939 cum
614 895 667 939 sit
688 896 858 940 infirma
877 931 887 950 ,
924 896 1211 941 aedificabitur
1234 899 1289 941 ad
1314 898 1503 942 mandu-

175 965 364 1009 candum
383 965 628 1023 idolothyta
642 1000 652 1020 ,
679 975 720 1010 et
742 967 901 1025 peribit
918 967 1115 1011 infirmus
1130 967 1177 1011 in
1194 976 1268 1012 tua
1286 969 1505 1013 conscien-

177 1037 232 1079 tia
266 1035 399 1080 frater
414 1071 424 1091 ‚
464 1046 642 1096 propter
676 1052 807 1096 quem
847 1038 1043 1082 Christus
1081 1047 1280 1082 mortuus
1314 1041 1408 1083 est?
1436 1040 1504 1084 Sic

175 1115 320 1150 autem
341 1115 570 1165 peccantes
602 1107 650 1150 in
678 1107 831 1151 fratres
848 1142 858 1162 ‚
897 1117 939 1152 et
961 1108 1252 1167 percutientes
1285 1110 1505 1154 conscien-

175 1179 278 1221 tiam
308 1178 503 1236 ipsorum
539 1178 754 1222 infirmam
771 1213 781 1233 ‚
817 1181 861 1222 in
896 1179 1116 1224 Christum
1149 1181 1349 1238 peccatis.
1386 1183 1505 1234 Qua-

173 1256 349 1305 propter
372 1249 406 1291 si
424 1263 518 1292 esca
537 1247 798 1292 scandalizat
815 1248 991 1293 fratrem
1009 1264 1154 1293 meum
1172 1284 1182 1304 ,
1209 1265 1298 1294 non
1317 1251 1502 1295 mandu-

172 1318 283 1361 cabo
304 1332 480 1361 carnem
503 1319 546 1361 in
564 1328 778 1362 aeternum
797 1354 807 1373 ‚
834 1334 888 1362 ne
905 1318 1082 1364 fratrem
1101 1319 1386 1364 scandalizem
1404 1324 1432 1364 1.
1458 1339 1478 1362 »

176 1389 381 1431 XXXIV.
408 1391 519 1431 Item
542 1388 625 1433 alio
646 1388 743 1433 loco
766 1409 774 1434 :
804 1409 822 1431 «
850 1390 965 1443 Quid
988 1406 1090 1450 ergo
1113 1391 1210 1436 dico
1232 1391 1353 1451 quod
1375 1390 1503 1436 idolis

173 1458 446 1503 immolatum
460 1459 514 1502 sit
531 1459 710 1518 aliquid,
732 1469 806 1504 aut
821 1461 942 1519 quod
956 1461 1122 1506 idolum
1141 1462 1194 1507 sit
1206 1462 1398 1522 aliquid?
1418 1463 1503 1507 Sed

172 1544 271 1588 quae
308 1528 536 1572 immolant
567 1538 714 1587 gentes
732 1565 742 1585 ,
779 1530 1005 1574 daemoniis
1039 1531 1268 1575 immolant
1283 1565 1294 1585 ‚
1332 1541 1375 1576 et
1411 1547 1501 1575 non
1537 1584 1541 1590 ..

172 1601 278 1642 Deo.
304 1598 415 1644 Nolo
434 1608 579 1643 autem
597 1615 671 1644 vos
691 1601 828 1644 socios
848 1601 939 1644 fieri
957 1600 1291 1645 daemoniorum.
1312 1603 1410 1647 Non
1426 1617 1500 1660 po-

174 1669 289 1712 testis
311 1668 490 1712 calicem
510 1670 680 1713 Domini
693 1670 841 1713 bibere
856 1705 866 1723 ‚
893 1679 936 1714 et
957 1671 1135 1715 calicem
1150 1671 1467 1716 daemoniorum
1486 1693 1498 1731 3
1542 1703 1543 1706 =

170 1753 260 1782 non
276 1740 452 1797 potestis
465 1754 626 1783 mensae
639 1740 809 1784 Domini
825 1741 1053 1800 participes
1068 1756 1173 1796 esse,
1190 1750 1232 1785 et
1243 1757 1404 1786 mensae
1417 1743 1500 1787 dae-

170 1808 435 1852 moniorum.
475 1812 543 1851 An
580 1808 839 1853 aemulamur
868 1811 1135 1854 Dominum?
1166 1812 1390 1870 Numquid
1426 1812 1501 1857 illo

170 1878 368 1923 fortiores
383 1881 557 1923 sumus?
579 1881 735 1925 Omnia
750 1881 855 1924 mihi
874 1880 989 1925 licita
1002 1891 1128 1936 sunt,
1153 1881 1227 1925 sed
1245 1898 1335 1926 non
1354 1884 1500 1928 omnia
1528 1884 1533 1891 “

171 1949 408 2008 expediunt
429 1968 437 1993 :
459 1950 604 1992 omnia
621 1951 727 1993 mihi
742 1949 857 1994 licita
872 1960 989 2005 sunt,
1003 1951 1078 1994 sed
1095 1966 1184 1995 non
1200 1952 1344 1996 omnia
1360 1953 1500 1997 aedifi-
1528 2002 1529 2005 Ἴ

170 2028 286 2063 cant.
313 2022 449 2064 Nemo
470 2020 590 2078 quod
613 2034 741 2063 suum
763 2029 825 2063 est
844 2030 1012 2080 quaerat
1029 2055 1040 2075 ‚
1065 2022 1140 2065 sed
1162 2022 1282 2081 quod
1305 2022 1494 2067 alterius.
1526 2030 1532 2052 s

172 2092 313 2134 Omne
335 2089 456 2149 quod
478 2090 521 2133 in
544 2089 725 2134 macello
749 2090 896 2145 venit,
924 2091 1212 2149 manducate3
1234 2091 1344 2136 nihil
1364 2093 1496 2138 inter-

172 2170 372 2219 rogantes
396 2169 571 2219 propter
600 2161 923 2205 conscientiam.
959 2162 1001 2206 Si
1024 2162 1120 2222 quis
1143 2172 1289 2207 autem
1311 2163 1494 2210 dixerit:
1554 2153 1560 2161 ⁴

173 2234 265 2276 Hoc
294 2232 567 2276 immolatum
598 2241 660 2275 est
682 2231 807 2276 idolis
825 2267 835 2287 ‚
871 2233 1006 2277 nolite
1037 2233 1300 2278 manducare
1321 2245 1498 2295 propter

171 2301 295 2345 illum
320 2302 395 2361 qui
420 2301 581 2345 indicat
598 2336 608 2356 ‚
643 2310 685 2345 et
711 2311 887 2361 propter
908 2303 1212 2348 conscientiam
1242 2324 1251 2349 :
1275 2306 1497 2349 conscien-

174 2372 277 2415 tiam
296 2381 440 2415 autem
460 2371 558 2416 dico
572 2407 582 2427 ,
609 2387 696 2416 non
714 2381 832 2417 tuam
846 2408 856 2428 ‚
879 2373 953 2417 sed
972 2373 1161 2418 alterius.
1183 2377 1240 2419 Ut
1256 2375 1363 2435 quid
1381 2376 1496 2421 enim

173 2439 350 2485 libertas
378 2457 472 2486 mea
488 2441 713 2501 judicatur
736 2443 790 2486 ab
812 2442 894 2487 alia
916 2444 1207 2489 conscientia?
1231 2445 1274 2490 Si
1297 2460 1375 2503 ego
1396 2461 1496 2490 cum

175 2512 310 2570 gratia
332 2512 542 2571 participo
556 2547 567 2568 ‚
593 2512 699 2572 quid
716 2512 990 2572 blasphemor
1011 2529 1090 2573 pro
1105 2530 1194 2575 quo
1212 2516 1366 2574 gratias
1382 2518 1495 2575 ago?

163 2601 173 2618 ¹
197 2607 209 2628 1
231 2597 305 2628 Cor.
326 2606 392 2637 vm,
415 2595 511 2637 4-13.
