1729 3143
241 234 324 274 468
674 241 708 270 s.
745 241 976 272 AUGUSTffll
1011 244 1191 273 zrlscom

239 328 260 352 »
285 319 329 354 et
350 323 449 354 caro
465 307 521 351 de
535 309 813 351 carnemea1-
832 325 852 349 »
878 309 935 352 Os
957 307 1011 352 de
1033 309 1199 353 ossibus
1214 343 1226 365 ‚
1250 308 1428 354 fortasse
1440 320 1616 371 propter

235 377 538 424 fortitudinem
559 386 601 421 et
624 392 723 422 caro
738 376 792 421 de
809 393 952 432 carne,
975 388 1152 437 propter
1173 380 1518 439 temperantiam.
1539 384 1618 425 Hae

236 461 424 507 namque
447 446 546 490 duae
567 447 747 492 virtutes
770 446 825 492 ad
840 447 1089 492 inferiorem
1114 450 1245 493 animi
1268 459 1436 508 partem
1451 484 1462 505 ‚
1486 446 1618 509 quam

235 516 467 577 prudentia
490 517 710 562 rationalis
738 518 849 578 regit
864 553 876 573 ‚
900 517 1114 564 docentur
1136 520 1367 579 pertinere.
1396 520 1522 573 Quod
1543 535 1620 564 au-

232 597 321 632 tem
350 587 517 633 dictum
547 597 643 633 est:
675 591 815 633 «Haec
849 590 1077 635 vocabitur
1108 590 1291 646 mulier,
1323 592 1532 650 quoniam
1566 590 1620 635 de

233 677 254 701 »
279 659 372 704 viro
394 674 472 704 suo
489 668 663 719 sumpta
679 669 743 705 est
757 694 768 716 ,
791 680 808 701 »
830 661 908 705 ista
926 661 1044 719 origo
1067 661 1252 706 nominis
1266 670 1309 705 et
1323 661 1620 721 interpretatio

229 730 277 775 in
306 729 458 789 lingua
486 730 620 775 latina
650 746 740 776 non
773 741 968 790 apparet.
993 731 1113 785 Quid
1146 732 1262 776 enim
1292 732 1429 776 simile
1459 733 1619 776 habeat

226 799 420 844 mulieris
441 815 604 845 nomen
623 800 678 845 ad
696 801 775 845 viri
795 815 957 845 nomen
971 835 982 857 ‚
1009 817 1098 847 non
1121 801 1355 847 invenitur.
1377 801 1461 847 Sed
1482 803 1528 846 in
1541 803 1619 846 he-

226 871 346 916 braea
365 870 586 916 locutione
607 871 768 915 dicitur
789 872 849 916 sic
870 886 1041 927 sonare,
1068 873 1191 933 quasi
1213 871 1381 917 dictum
1404 874 1458 917 sit
1479 891 1488 917 :
1516 874 1621 917 Haec

224 942 454 988 vocabitur
475 942 640 999 virago,
667 940 875 1000 quoniam
897 939 952 984 de
983 941 1078 986 viro
1105 956 1184 986 suo
1212 952 1387 1002 sumpta
1409 952 1486 988 est.
1511 946 1622 989 Nam

223 1014 372 1074 virago
393 1013 463 1058 vel
484 1013 606 1070 virgo
629 1011 774 1069 potius
796 1011 928 1055 habet
950 1010 1143 1072 aliquam
1168 1013 1502 1058 similitudinem
1522 1031 1622 1059 curn

227 1085 308 1129 viri
330 1082 535 1139 110mine3
560 1079 716 1125 mulier
738 1090 884 1126 autem
901 1097 991 1127 non
1009 1082 1145 1127 habet
1167 1101 1177 1128 z
1202 1083 1278 1127 sed
1297 1084 1380 1128 hoc
1402 1085 1418 1140 (
1435 1093 1485 1128 ut
1504 1083 1620 1141 dixi)

228 1155 391 1213 linguae
412 1153 633 1198 diversitas
655 1152 775 1198 facit.

286 1228 408 1270 XIX.
445 1223 576 1278 Quod
594 1233 740 1268 autem
758 1222 957 1268 additum
980 1233 1043 1268 est
1061 1243 1070 1269 ;
1099 1243 1120 1266 «
1144 1223 1381 1284 Relinquet
1397 1226 1529 1270 homo
1543 1241 1622 1285 pa-

229 1316 249 1339 »
285 1307 397 1342 trem
420 1305 463 1340 et
485 1305 685 1351 matrem,
709 1304 751 1339 et
769 1295 1010 1340 adhaerebit
1025 1296 1152 1340 uxori
1174 1311 1280 1351 suae,
1308 1306 1350 1341 et
1372 1306 1502 1341 erunt
1531 1297 1620 1342 duo

230 1387 250 1410 »
286 1368 332 1412 in
355 1382 483 1412 carne
507 1369 635 1421 una2‚
659 1386 676 1407 »
694 1366 917 1426 quomodo
940 1365 1154 1410 referatur
1184 1366 1240 1410 ad
1269 1368 1491 1412 historiam
1530 1384 1621 1413 non

227 1439 418 1493 invenio,
444 1437 526 1482 nisi
548 1436 668 1498 quod
690 1437 951 1497 plerumque
973 1438 1018 1481 in
1037 1452 1194 1496 genere
1212 1438 1406 1483 humano
1423 1439 1503 1483 ista
1520 1455 1622 1484 con-

228 1510 405 1568 tingunt
424 1527 433 1553 z
458 1508 532 1552 sed
550 1517 640 1553 tota
658 1508 887 1567 prophetia
906 1517 984 1563 est,
1006 1509 1128 1567 cujus
1145 1510 1379 1568 Apostolus
1402 1510 1617 1565 meminit,

230 1580 403 1625 dicens:
425 1599 445 1622 «
467 1583 648 1639 Propter
666 1579 748 1624 hoc
772 1578 990 1639 relinquet
1010 1579 1144 1624 homo
1165 1589 1332 1639 patrem
1354 1590 1397 1624 et
1418 1590 1617 1636 matrem,

235 1672 253 1693 »
289 1660 332 1695 et
349 1649 591 1695 adhaerebit
608 1650 731 1694 uxori
754 1665 859 1706 suae,
886 1659 929 1694 et
950 1658 1080 1694 erunt
1097 1649 1186 1695 duo
1203 1651 1248 1694 in
1270 1666 1397 1695 carne
1413 1667 1515 1696 una.
1544 1654 1621 1697 Sa-

234 1739 254 1762 »
290 1731 561 1766 cramentum
576 1721 660 1765 hoc
672 1735 881 1779 magnum
894 1729 958 1764 est
973 1723 1085 1777 :Ego
1099 1730 1245 1765 autem
1262 1720 1415 1766 dicoin
1430 1722 1617 1776 Christo,

235 1808 256 1832 »
291 1800 334 1835 et
350 1792 396 1834 in
413 1789 648 1835 Ecclesiass.
668 1789 838 1843 »Quod
858 1790 1089 1834 Manichaei
1112 1791 1146 1834 si
1171 1806 1260 1835 non
1283 1792 1386 1835 caeci
1409 1791 1617 1848 legerent,

233 1861 309 1922 qui
322 1859 621 1921 perEpistolas
637 1859 890 1920 apostolicas
904 1859 1064 1904 multos
1077 1859 1316 1919 decipiunt,
1331 1859 1622 1918 intelligerent

233 1931 456 1992 quomodo
485 1930 748 1990 accipiendae
777 1930 862 1974 sint
884 1930 1051 1975 Veteris
1084 1931 1345 1974 Testamenti
1379 1932 1616 1990 scripturae,

233 2018 314 2047 nec
336 2011 426 2046 tam
454 2000 657 2060 sacrilega
678 2015 782 2045 voce
807 2000 1018 2044 auderent
1041 2015 1241 2044 accusare
1264 2000 1383 2060 quod
1403 2002 1615 2046 nesciunt.

233 2074 362 2127 Quod
383 2083 529 2118 autem
548 2071 656 2116 nudi
674 2080 796 2116 erant
814 2070 953 2115 Adam
972 2080 1014 2114 et
1033 2070 1187 2114 mulier
1204 2071 1310 2130 ejus,
1338 2080 1380 2115 et
1401 2086 1490 2116 non
1511 2088 1620 2117 con·-

231 2143 546 2199 fundebantur,
577 2142 895 2202 simplicitatem
922 2142 1076 2185 animae
1099 2142 1428 2202 castitatemque
1457 2143 1620 2200 signifi-

231 2224 315 2260 cat.
342 2218 450 2261 Nam
473 2223 515 2258 et
537 2212 769 2273 Apostolus
786 2214 842 2256 ita
862 2211 965 2256 dicit
985 2231 993 2256 :
1018 2231 1038 2253 «
1057 2213 1213 2271 Aptavi
1233 2228 1308 2257 vos
1324 2213 1401 2256 uni
1421 2213 1513 2258 viro
1532 2214 1620 2259 vir-

235 2304 256 2327 »
293 2285 438 2344 ginem
466 2293 627 2329 castam
652 2283 854 2327 exhibere
876 2283 1046 2327 Christo
1067 2302 1075 2326 ;
1102 2283 1234 2326 timeo
1261 2291 1408 2327 autem
1433 2299 1487 2327 ne
1509 2284 1619 2329 sicut

234 2374 253 2397 »
290 2372 463 2416 serpens
495 2359 631 2400 Evam
665 2353 821 2398 fefellit
848 2354 1036 2398 versutia
1065 2369 1156 2408 sua,
1192 2354 1251 2397 ita
1280 2363 1619 2414 corrumpantur

233 2445 253 2468 »
292 2438 456 2474 mentes
486 2436 638 2472 vestrae
665 2442 689 2470 a
720 2425 991 2485 simplicitate
1021 2434 1063 2469 et
1098 2426 1307 2481 castitate,
1345 2442 1444 2485 quae
1473 2435 1535 2470 est
1571 2426 1617 2470 in

238 2516 256 2537 »
292 2500 504 2543 Christo4.
528 2517 548 2539 »

282 2591 286 2602 ¹
311 2585 379 2616 Gen
397 2596 432 2625 ιι,
452 2583 506 2623 ⁴23,
528 2589 591 2615 ete.
610 2597 649 2606 «ἡ
670 2590 682 2605 ²
702 2583 782 2614 lbid.
804 2582 858 2622 24.
878 2598 918 2604 --
935 2581 947 2605 3
966 2581 1078 2624 Ephes.
1101 2593 1134 2622 v,
1156 2584 1209 2614 31.
1228 2599 1266 2605 -
1282 2581 1297 2611 4
1317 2591 1335 2614 2
1354 2585 1427 2615 Cor.
1452 2594 1494 2624 xi,
1515 2591 1546 2615 2.

1678 2724 1683 2898 -‚..—,.--„
1682 2704 1684 2710 <
1680 2603 1685 2697 ——
1681 2580 1684 2597 -
1682 2540 1685 2556 ν
1682 2491 1685 2534 ψ
1682 2177 1688 2484 ———-——-—.-
1684 1275 1691 2172 .-————————-——4-
1688 1262 1690 1268 s
1688 1241 1690 1250 <
