1729 3143
260 182 314 220 82
686 186 721 214 s.
755 184 986 213 Aucus'nm
1018 185 1200 213 Errscori

251 269 323 300 eos
343 262 436 299 erat
457 261 500 298 et
520 251 595 296 ille
615 249 896 311 phreneticus
912 284 923 305 ‚
950 249 1071 309 prius
1090 247 1266 304 Saulus,
1290 257 1440 308 postea
1456 247 1636 292 Paulus²

250 325 370 386 prius
403 323 645 384 superbus,
676 330 826 381 postea
857 320 1035 366 humilis
1063 339 1072 364 ε
1105 328 1148 364 et
1174 319 1265 379 ipse
1285 318 1488 378 phrenesi
1514 317 1640 363 labo-

254 396 378 441 rabat
393 430 404 450 ,
429 407 630 439 somnum
647 391 797 436 salutis
814 390 1089 450 repudiabat.
1117 390 1203 436 Sed
1231 388 1340 450 quid
1366 390 1406 434 ei
1427 389 1533 434 fecit
1548 403 1641 433 me-

251 466 403 511 dicus?
424 463 660 509 Prostravit
682 464 929 508 saevientem
948 497 960 518 ‚
992 462 1126 506 erexit
1149 461 1400 506 credentem
1419 479 1429 505 :
1450 468 1643 520 prostra-

251 537 314 582 vit
346 543 667 595 persecutorem
694 569 706 589 ‚
748 533 880 579 erexit
916 532 1263 592 praedicatorem.
1306 534 1551 575 Prostratus
1583 527 1642 574 ad
1676 540 1683 560 ⁵

250 615 410 649 terram
426 604 631 650 dormivit
648 604 925 663 phreneticus
942 622 951 648 ε
972 603 1182 657 surrexit,
1208 611 1251 646 et
1264 600 1405 645 factus
1422 609 1486 644 est
1501 599 1641 643 medi-

249 690 340 719 cus.
362 675 511 735 Coepit
529 675 576 719 in
592 673 684 718 aliis
705 688 857 718 curare
877 673 1083 718 morbum
1103 687 1192 732 quo
1213 672 1303 730 ipse
1319 669 1550 715 laborabat
1565 703 1577 723 ,
1597 676 1641 712 et

249 745 432 790 effectus
462 744 701 804 discipulus
747 743 934 788 coelestis
969 743 1170 788 archiatri
1194 776 1206 796 ,
1247 739 1495 785 antidotum
1529 739 1643 783 bibit

245 816 499 862 confectum
528 831 580 860 ex
613 814 825 874 sanguine
850 814 1008 863 medici
1039 833 1048 857 :
1079 813 1198 872 prior
1218 812 1310 870 ipse
1337 810 1476 865 bibit,
1510 818 1554 854 et
1576 808 1644 852 bi·
1681 863 1683 866 Α
1728 845 1729 857 ,

246 886 445 931 bendum
478 887 744 931 amatoribus
775 885 1037 944 propinavit.
1071 886 1166 928 Hoc
1197 882 1446 927 antidotum
1468 895 1519 924 ex
1545 894 1645 923 san-

245 956 377 1014 guine
405 956 602 1002 crucifixi
637 954 890 1000 confectum
907 989 918 1008 ‚
954 953 1085 998 etiam
1105 952 1187 1012 ipsi
1218 967 1338 1011 reges
1366 960 1492 995 terrae
1515 948 1646 993 bibe-

243 1035 348 1070 runt
368 1046 376 1070 :
407 1036 451 1071 et
475 1027 549 1084 qui
573 1035 698 1069 erant
719 1024 928 1070 Ecclesiae
952 1031 1250 1081 persecutores
1268 1056 1279 1075 ‚
1304 1022 1394 1078 ejus
1418 1020 1523 1064 facti
1543 1026 1647 1063 sunt

242 1093 516 1137 defensores.
546 1091 827 1150 Sepulturam
855 1104 958 1135 vero
982 1090 1112 1148 hujus
1134 1087 1328 1132 crucifixi
1355 1096 1555 1131 sanctum
1583 1088 1647 1130 in·
1684 1118 1686 1124 .

240 1162 356 1207 dicat
375 1161 677 1220 Evangelium
707 1179 716 1205 ;
741 1160 864 1220 quod
884 1167 1109 1217 susceptus
1127 1159 1181 1202 sit
1199 1174 1222 1202 a
1241 1157 1404 1216 Joseph
1420 1191 1431 1212 ‚
1458 1156 1646 1201 obvolu-
1684 1208 1686 1210 v

246 1242 408 1292 tusque
431 1230 762 1275 linteaminibus
779 1264 790 1284 ‚
815 1245 915 1274 cum
939 1229 1206 1273 aromatibus
1227 1228 1391 1286 positus
1409 1227 1463 1272 sit
1484 1227 1531 1270 in
1552 1241 1650 1271 mo·
1681 1240 1687 1283 ξ

245 1311 458 1346 numento
480 1316 611 1345 novo.
641 1303 785 1345 Homo
808 1301 927 1344 enim
950 1314 1090 1342 novus
1122 1299 1214 1342 sine
1244 1297 1335 1341 ulla
1367 1297 1648 1356 corruptione

247 1388 299 1417 ex
319 1373 486 1431 virgine
509 1377 763 1428 procreatus
781 1402 791 1422 ,
817 1370 864 1412 in
889 1378 1178 1413 monumento
1208 1383 1324 1413 novo
1353 1368 1518 1426 positus
1550 1376 1615 1412 est
1633 1401 1646 1423 ‚
1678 1361 1687 1423 ξ

246 1443 292 1487 in
316 1457 404 1499 quo
422 1439 622 1483 nondum
645 1439 814 1497 positus
833 1447 926 1482 erat
944 1447 1143 1482 mortuus
1162 1447 1213 1482 ut
1235 1438 1439 1482 sanctitas
1456 1438 1649 1497 virgina-
1677 1437 1689 1490 ᾖ

1678 1497 1689 1518 ,.

248 1511 299 1553 lis
321 1508 436 1553 uteri
459 1509 505 1552 in
523 1508 728 1553 omnibus
750 1516 979 1553 ornaretur
999 1522 1050 1551 ex
1064 1507 1368 1552 convenientia
1387 1506 1648 1552 inviolabilis

252 1579 456 1640 sepulcri.

309 1652 387 1695 VI.
429 1650 571 1693 Tertia
609 1648 679 1693 die
713 1665 736 1693 a
770 1648 953 1693 mortuis
988 1649 1234 1693 resurrexit.
1273 1649 1483 1702 Quamvis
1518 1647 1647 1693 multi

249 1720 386 1765 sancti
408 1718 548 1764 multa
576 1719 678 1763 hinc
704 1718 916 1763 senserint
946 1727 1079 1777 atque
1103 1718 1308 1761 dixerint.
1334 1721 1444 1763 Nam
1467 1719 1671 1778 quidam.

250 1791 445 1837 volentes
466 1799 553 1834 tres
568 1790 658 1834 dies
675 1799 718 1834 et
733 1799 818 1834 tres
837 1798 986 1834 noctes
1006 1804 1145 1847 usque
1166 1789 1213 1831 in
1235 1789 1351 1831 diem
1369 1789 1648 1833 Dominicum
1664 1790 1671 1831 ².

256 1861 525 1922 exprimere,
551 1877 575 1905 a
607 1869 735 1905 nocte
773 1859 1048 1918 praecedente
1085 1867 1216 1902 sextae
1248 1856 1397 1913 feriae,
1432 1867 1476 1902 et
1511 1858 1649 1917 ipsam

255 1942 417 1978 sextam
451 1931 602 1975 {eriam
636 1930 944 1975 concluserunt
976 1930 1023 1972 in
1055 1944 1195 1972 unum
1224 1927 1368 1983 diem,
1398 1938 1442 1973 et
1474 1939 1648 1974 noctem

257 2002 424 2047 sabbati
452 2010 495 2045 et
522 2000 753 2045 sabbatum
769 2035 779 2055 ‚
806 2008 849 2044 et
883 2007 1056 2043 noctem
1090 1998 1303 2042 Dominici
1331 1998 1416 2042 diei
1438 2007 1482 2042 et
1507 1999 1667 2058 ipsum‘

258 2074 375 2118 diem
409 2071 748 2117 resurrectionis.
785 2069 870 2115 Alii
900 2079 1046 2114 autem
1080 2069 1133 2113 ab
1166 2069 1259 2128 ipsa
1291 2077 1407 2113 sexta
1436 2067 1570 2125 feria,
1606 2078 1650 2114 et
1690 2090 1691 2095 ¹

259 2152 387 2188 nocte
409 2158 510 2203 quae
526 2141 671 2186 media
693 2140 763 2185 die
780 2140 894 2184 facta
911 2149 975 2184 cst
988 2174 999 2194 ,
1026 2139 1262 2184 voluerunt
1277 2148 1364 2183 tres
1385 2137 1476 2183 dies
1498 2147 1542 2182 et
1563 2148 1648 2183 tres
1690 2158 1691 2162 ¹

259 2223 407 2260 noctes
429 2213 630 2273 usquein
642 2211 758 2256 diem
777 2210 1055 2256 Dominicum
1068 2225 1283 2270 exponere
1297 2244 1308 2264 ‚
1334 2219 1511 2268 propter
1528 2209 1647 2253 illam

261 2284 520 2330 sententiam
544 2282 719 2327 Domini
749 2283 794 2325 in
824 2280 1064 2340 Evangelio
1093 2281 1277 2340 positam
1303 2298 1312 2323 :
1348 2298 1366 2320 «
1390 2280 1509 2324 Sicut
1530 2279 1646 2323 enim

266 2374 285 2396 »
314 2359 444 2401 Jonas
460 2354 544 2400 fuit
556 2355 603 2399 in
613 2363 764 2399 ventre
774 2353 859 2398 ceti
878 2353 1016 2397 tribus
1035 2352 1189 2396 diebus
1202 2359 1246 2394 et
1258 2350 1398 2394 tribus
1418 2350 1621 2395 noctibus
1631 2383 1642 2404 ‚

271 2444 290 2467 »
318 2425 377 2470 ita
390 2434 562 2485 oportet
573 2440 663 2470 esse
678 2424 840 2469 Filium
856 2422 1046 2467 hominis
1059 2422 1109 2470 in
1122 2419 1252 2466 corde
1267 2429 1393 2465 terrae
1410 2419 1548 2465 tribus
1560 2419 1649 2464 die·

309 2516 318 2532 ¹
341 2512 411 2542 Act.
433 2520 474 2542 xi.

1670 2343 1688 2403 ἕ
1725 2390 1729 2413 .
