1729 3143
174 203 256 239 588
607 210 640 239 s.
679 212 909 241 AUGUSTINI
943 214 1124 244 zrrscom
1170 210 1177 215 ‘

171 276 442 322 comedendo
479 274 738 321 dissolvitis?
770 277 882 330 Quid
914 278 948 322 si
982 293 1084 338 ergo
1117 294 1241 338 agros
1270 279 1450 326 locustae
1482 294 1557 329 aut

172 363 312 392 mures
336 356 377 390 et
400 346 554 391 sorices
572 355 770 402 vastant,
796 348 914 408 quod
931 364 1046 408 saepe
1068 350 1262 395 accidere
1277 351 1557 398 manifestum

169 428 259 472 est,
285 418 463 476 impune
481 417 536 461 ab
553 416 739 475 agricola
757 428 900 465 vestro
916 420 1114 466 auditore
1131 421 1404 467 necabuntur
1420 458 1431 479 ,
1456 425 1557 484 quia

169 488 268 534 ideo
289 497 442 548 peccat
462 497 513 533 ut
533 488 702 534 fructus
724 490 986 550 proficiant?
1019 492 1101 537 Hic
1123 501 1241 538 certe
1263 494 1556 539 coarctamini.

169 564 257 605 Aut
289 559 406 604 enim
440 560 676 605 conceditis
711 560 983 608 auditoribus
1018 562 1367 610 interfectionem
1396 566 1563 612 anima-

168 632 274 677 lium
292 667 303 688 ,
328 647 460 693 quam
493 641 634 677 vester
667 642 819 678 auctor
846 633 1086 680 concedere
1114 635 1282 692 noluit,
1310 645 1385 681 aut
1411 651 1484 682 eos
1505 637 1562 681 ab

169 703 435 764 agricultura
452 705 580 749 etiam
597 705 885 764 prohibebitis
901 742 911 762 ,
932 723 1066 767 quam
1084 706 1158 752 ille
1175 709 1399 754 concessit.
1416 710 1562 762 Quan-

167 790 300 837 quam
323 790 437 835 saepe
455 775 586 820 etiam
608 774 752 820 dicere
775 775 969 822 audeatis
988 813 1000 833 ‚
1025 777 1336 824 foeneratorem
1352 780 1564 825 innocen-

168 846 323 891 tiorem
346 860 435 890 esse
453 861 586 906 quam
606 845 818 889 rusticum
834 881 845 901 ‚
870 861 1007 906 usque
1030 847 1138 892 adeo
1160 847 1408 893 melonibus
1430 865 1563 909 quam

168 917 418 963 hominibus
448 917 547 961 estis
578 916 815 962 amiciores.
853 917 896 962 Si
929 917 1107 978 quidem
1136 917 1199 962 illi
1230 934 1286 963 ne
1312 919 1531 965 laedantur
1549 956 1560 976 ‚

169 988 323 1033 melius
354 987 559 1049 judicatis
581 988 806 1032 hominem
827 985 999 1032 foenore
1023 988 1246 1033 trucidari.
1275 990 1478 1034 Haeccine
1500 1000 1564 1036 est

169 1059 415 1120 appetenda
437 1068 479 1102 et
501 1057 778 1118 praedicanda
789 1059 957 1119 justitia
975 1095 985 1114 ,
1011 1075 1065 1104 an
1085 1060 1232 1119 potius
1260 1061 1500 1106 execranda
1518 1071 1562 1106 et

169 1129 418 1175 damnanda
441 1129 641 1175 fallacia?
665 1130 867 1176 Haeccine
891 1139 954 1175 est
983 1131 1277 1177 misericordia
1300 1133 1563 1178 memorabi-

170 1203 219 1246 lis
237 1239 248 1258 ‚
275 1218 330 1246 an
353 1201 592 1246 execranda
610 1203 754 1262 potius
776 1203 1051 1247 immanitas?

229 1277 392 1318 LXIII.
416 1273 533 1327 Quid
550 1274 671 1335 quod
692 1290 715 1318 a
733 1290 840 1320 nece
855 1274 1109 1320 animalium
1131 1290 1211 1319 nec
1233 1290 1308 1320 vos
1325 1275 1406 1335 ipsi
1423 1276 1467 1319 in
1488 1291 1566 1336 pe-

171 1344 325 1390 diculis
343 1355 385 1389 et
402 1344 620 1405 pulicibus
643 1355 686 1391 et
707 1347 935 1391 cimicibus
953 1346 1237 1406 temperatis?
1270 1349 1566 1408 Magnamque

170 1418 300 1477 hujus
326 1418 387 1461 rei
410 1416 711 1462 defensionem
733 1419 894 1477 putatis
909 1454 920 1473 ‚
949 1417 1069 1478 quod
1090 1418 1168 1462 has
1191 1433 1283 1461 esse
1305 1417 1451 1462 sordes
1469 1434 1565 1464 nos-

173 1497 338 1532 trorum
367 1503 601 1548 corporum
624 1486 779 1532 dicitis.
816 1487 942 1540 Quod
970 1488 1111 1547 primo
1144 1497 1292 1547 aperte
1324 1486 1479 1533 falsum
1510 1488 1565 1534 de

170 1559 315 1618 pulice
338 1568 381 1602 et
403 1559 554 1603 cimice
576 1558 751 1603 dicitur.
792 1559 875 1604 Cui
909 1560 1022 1604 enim
1047 1574 1138 1603 non
1163 1559 1444 1604 manifestum
1472 1570 1562 1617 est,

170 1630 266 1674 haec
299 1629 500 1674 animalia
537 1644 627 1674 non
654 1629 709 1673 de
733 1639 881 1674 nostro
904 1645 1086 1690 corpore
1109 1631 1315 1675 existere?
1344 1631 1510 1675 Deinde
1532 1633 1565 1676 si

170 1700 458 1745 concubitum
492 1700 792 1746 vehementius
828 1702 1112 1757 execramini,
1141 1701 1262 1762 quod
1292 1703 1474 1746 nimium
1497 1703 1564 1747 vi-

171 1771 262 1816 deri
292 1771 424 1817 vultis
440 1806 450 1826 ‚
477 1786 556 1816 cur
584 1787 674 1816 non
705 1772 828 1816 vobis
851 1772 1082 1817 mundiora
1104 1773 1309 1817 videntur
1331 1772 1530 1817 animalia
1549 1809 1560 1829 ‚

171 1858 269 1902 quae
302 1842 394 1886 sine
423 1841 661 1886 concubitu
696 1841 751 1885 de
789 1850 935 1886 nostra
965 1856 1095 1886 carne
1129 1843 1395 1886 nascuntur?
1419 1858 1562 1903 quan-

171 1927 304 1974 quam
336 1912 451 1956 enim
489 1921 638 1972 postea
672 1911 873 1957 coeundo
909 1913 1108 1972 pariant,
1139 1928 1231 1957 non
1260 1922 1406 1958 tamen
1439 1915 1564 1959 nobis

173 1984 433 2030 coeuntibus
455 1982 510 2028 de
533 1993 682 2029 nostro
709 1983 841 2030 corde
863 1985 1005 2045 primo
1027 1994 1279 2030 nascuntur.
1306 1988 1508 2031 Jamvero
1530 1987 1564 2031 si

172 2071 464 2118 quaecumque
493 2055 548 2100 de
578 2056 826 2101 viventibus
849 2056 1090 2116 gignuntur
1113 2056 1368 2116 corporibus
1385 2091 1396 2112 ‚
1422 2056 1563 2101 sordi-

171 2127 344 2173 dissima
361 2136 463 2172 sunt
485 2126 706 2187 putanda,
734 2127 874 2172 multo
899 2128 1031 2186 magis
1050 2142 1343 2188 quaecumque
1366 2126 1420 2171 de
1442 2143 1562 2173 mor-

175 2199 271 2243 tuis.
303 2198 533 2259 Impunius
557 2213 660 2257 ergo
683 2197 897 2243 occiditur
918 2197 988 2242 vel
1011 2213 1134 2242 sorex
1150 2232 1161 2253 ‚
1198 2197 1269 2242 vel
1291 2198 1443 2257 anguis
1458 2233 1470 2254 ,
1494 2199 1564 2243 vel

172 2271 341 2331 scorpio
356 2306 367 2326 ‚
390 2285 500 2331 quos
517 2270 572 2315 de
593 2270 795 2315 humanis
817 2270 1100 2315 cadaveribus
1120 2270 1237 2315 nasei
1255 2305 1266 2325 ‚
1296 2285 1319 2314 a
1340 2270 1463 2315 vobis
1484 2285 1563 2330 po-

173 2342 386 2386 tissimum
413 2341 602 2386 solemus
624 2340 789 2386 audire.
818 2340 902 2386 Sed
924 2341 1107 2385 obscura
1129 2340 1285 2385 omitto
1309 2349 1353 2385 et
1379 2341 1558 2387 incerta.

175 2413 237 2454 De
273 2411 428 2472 apibus
461 2421 577 2457 certe
609 2410 723 2457 fama
751 2420 815 2456 est
844 2409 1058 2456 celebrior
1077 2446 1088 2467 ‚
1113 2411 1233 2472 quod
1256 2411 1310 2456 de
1336 2412 1470 2456 boum
1492 2428 1564 2457 ca-

178 2480 410 2528 daveribus
444 2484 654 2530 oriantur.
685 2486 803 2543 Ergo
834 2482 1096 2529 occiduntur
1117 2484 1310 2543 impune.
1344 2485 1401 2528 At
1423 2483 1457 2528 si
1478 2484 1561 2528 hoc
