1729 3143
371 274 452 300 LIB.
490 275 536 300 11.
572 274 626 299 DE
658 272 842 298 MORIBUS
873 269 1214 297 MANICHAEORUM.
1397 259 1478 295 56..)

108 339 215 383 nihil
239 349 410 398 gustans
445 339 666 392 carnium,
698 336 807 380 nihil
829 336 944 390 vini,
973 335 1205 395 exquisitas
1227 343 1269 379 et
1289 336 1482 394 peregri-

107 424 183 453 nas
202 409 348 468 fruges
369 408 515 452 multis
533 406 704 452 ferculis
725 406 904 450 variatas
927 415 969 449 et
986 404 1104 462 largo
1127 406 1274 463 pipere
1296 420 1484 464 aspersas

107 494 221 523 nona
242 480 349 523 hora
372 478 557 522 libenter
588 486 776 522 assumat
793 510 804 530 ,
839 476 976 520 noctis
999 475 1128 519 etiam
1147 475 1362 534 principio
1384 475 1485 520 talia

107 558 358 594 coenaturus
378 570 390 606 3
411 548 533 593 bibat
555 557 699 592 autem
721 546 911 590 mulsum
927 580 938 601 ,
968 560 1196 590 caroenum
1218 561 1392 605 passum
1409 581 1421 601 ,
1446 556 1489 591 et

107 618 424 664 nonnullorum
454 633 686 678 pomorum
718 631 936 676 expressos
971 630 1148 670 succos,
1183 616 1274 660 vini
1303 617 1490 677 speciem

108 690 206 734 satis
228 690 467 744 imitantes,
491 698 620 749 atque
641 688 687 732 id
708 688 838 732 etiam
860 687 1068 731 suavitate
1086 688 1307 731 vincentes
1325 707 1336 743 3
1361 696 1404 732 et
1423 687 1493 730 bi-

107 759 183 803 bat
205 775 294 803 non
315 769 530 819 quantum
551 759 663 813 sitit,
686 757 761 801 sed
783 765 999 816 quantum
1021 756 1127 800 libet
1143 776 1154 814 3
1170 755 1303 816 idque
1318 756 1400 801 sibi
1417 771 1492 800 ex-

108 828 351 873 hibendum
385 839 508 873 curet
536 827 731 887 quotidie
748 861 759 881 ,
786 825 950 885 talique
971 826 1089 871 victu
1119 826 1371 887 deliciisque
1389 841 1492 886 per-

108 898 280 944 fruatur
301 934 312 955 ,
354 899 472 943 nulla
516 897 768 941 necessitate
793 931 804 951 ,
849 911 1007 954 magna
1048 896 1273 955 voluptate
1312 916 1321 941 :
1361 912 1492 957 quem

107 970 282 1014 tandem
310 970 469 1014 horum
491 970 680 1013 duorum
696 1003 706 1022 ,
741 965 861 1027 quod
883 965 938 1010 ad
962 966 1196 1011 cibandum
1226 967 1493 1026 potandum-

105 1056 191 1100 que
224 1040 414 1095 attinet,
454 1039 740 1084 abstinentius
772 1038 907 1082 vitam
937 1037 1098 1082 ducere
1115 1036 1358 1097 judicatis?
1396 1039 1494 1083 Non

105 1112 261 1170 opinor
283 1126 421 1171 usque
445 1112 552 1154 adeo
574 1125 648 1154 vos
672 1124 761 1153 esse
794 1123 929 1153 caecos
947 1143 957 1163 ,
983 1108 1091 1168 quin
1118 1107 1242 1151 illum
1277 1107 1332 1151 de
1362 1123 1494 1167 parco

103 1180 226 1225 lardo
246 1191 288 1225 et
310 1183 411 1225 vino
432 1216 442 1233 ,
468 1181 571 1224 huic
596 1180 754 1238 gurgiti
774 1178 1028 1238 praeferatis.

162 1253 305 1295 XXX.
334 1254 399 1295 Ita
422 1250 600 1310 quidem
621 1250 776 1294 veritas
798 1251 939 1308 cogit,
966 1249 1041 1293 sed
1062 1257 1203 1293 vester
1226 1263 1344 1293 error
1366 1247 1497 1307 longe

34 1345 37 1358 ·
101 1321 225 1365 aliter
258 1321 389 1365 canit.
423 1320 598 1365 Electus
620 1321 736 1364 enim
758 1329 896 1364 vester
920 1319 1058 1363 tribus
1081 1317 1312 1378 signaculis
1333 1317 1496 1378 praedi-

101 1401 222 1436 catus
243 1426 253 1446 ,
294 1391 327 1435 si
350 1390 547 1450 quotidie
568 1391 628 1434 ita
652 1390 768 1435 vivat
783 1425 793 1445 ‚
820 1400 870 1434 ut
900 1390 971 1434 hic
1001 1405 1133 1450 quem
1158 1389 1372 1449 posterius
1394 1390 1494 1433 des-

33 1506 36 1519 2
99 1461 352 1520 cripsimUS,
387 1460 441 1505 ab
471 1475 586 1513 uno,
625 1469 669 1503 et
703 1459 883 1504 fortasse
914 1460 1088 1504 duobus
1121 1459 1388 1517 gravioribus
1422 1475 1494 1504 re-

98 1532 312 1591 prehendi
359 1539 533 1590 potest,
575 1529 771 1574 damnari
823 1538 970 1573 autem
1022 1538 1231 1588 tanquam
1283 1528 1493 1587 signaculi

34 1635 35 1638 ,
100 1601 359 1660 dissignator
388 1602 567 1645 omnino
597 1615 686 1644 non
709 1608 866 1658 potest.
902 1599 944 1644 Si
973 1607 1118 1643 autem
1141 1598 1272 1642 semel
1294 1614 1394 1642 cum
1417 1598 1493 1644 illo
1527 1622 1529 1625 v

97 1673 242 1732 priore
279 1672 546 1726 coenaverit,
588 1671 817 1730 frustoque
855 1684 1003 1728 pernae
1044 1667 1113 1712 vel
1154 1668 1332 1713 rancido
1367 1668 1488 1714 labra
1525 1664 1529 1713 ἒ

98 1744 297 1798 unxerit,
323 1754 364 1787 et
385 1757 526 1802 vappa
543 1741 771 1796 udaverit,
797 1740 962 1785 solutor
979 1739 1189 1799 signaculi
1212 1749 1254 1783 et
1275 1740 1488 1798 gehennae
1527 1777 1530 1798 3

99 1813 215 1858 illico
248 1813 489 1857 destinatus
514 1847 525 1867 ,
565 1812 695 1856 vestri
729 1811 916 1855 auctoris
947 1810 1161 1854 sententia
1180 1844 1192 1864 ,
1227 1810 1488 1854 mirantibus

32 1879 34 1916 ἷ
98 1883 220 1928 vobis
241 1917 251 1937 ,
282 1883 357 1926 sed
392 1892 538 1926 tamen
571 1880 943 1926 consentientibus
964 1915 975 1934 ,
1007 1878 1289 1939 judicabitur.
1329 1882 1487 1932 Quaeso

99 1953 330 2013 relinquite
365 1967 553 1996 errorem
580 1986 591 2006 ,
630 1966 778 2011 quaeso
816 1950 1025 1994 advertite
1057 1951 1298 2004 rationem,
1338 1965 1486 2009 quaeso

99 2022 422 2083 aliquantulum
459 2020 762 2065 consuetudini
785 2019 990 2064 obsistite.
1023 2019 1135 2072 Quid
1162 2019 1278 2062 enim
1310 2028 1374 2063 est
1405 2019 1484 2064 ista

98 2096 310 2155 pravitate
331 2093 603 2153 perversius?
639 2090 756 2144 Quid
792 2091 927 2149 magis
962 2089 1183 2134 delirum?
1205 2089 1318 2143 Quid
1354 2106 1484 2149 porro

32 2180 34 2183 ’
98 2166 290 2210 insanius
308 2163 393 2208 dici
409 2172 483 2207 aut
501 2161 678 2220 cogitari
694 2170 849 2220 potest,
866 2161 1088 2205 hominem
1104 2160 1286 2216 boletos,
1303 2161 1479 2216 orizam,

98 2236 252 2280 tubera
270 2270 281 2290 ,
319 2235 539 2293 placentas
562 2267 573 2287 ,
614 2246 840 2276 caroenum
860 2266 870 2286 ,
911 2231 1034 2290 piper
1056 2265 1067 2285 ,
1104 2230 1214 2275 laser
1233 2266 1244 2286 ,
1291 2228 1480 2276 distento

100 2314 251 2351 ventre
273 2320 374 2349 cum
399 2303 686 2363 gratulatione
709 2311 952 2346 ructantem
969 2336 979 2356 ,
1012 2310 1054 2345 et
1077 2302 1273 2362 quotidie
1296 2301 1395 2346 talia
1417 2317 1484 2346 re-

101 2377 372 2436 quirentem,
406 2390 494 2419 non
518 2373 699 2417 inveniri
729 2371 1102 2432 quemadmodum
1131 2388 1154 2416 a
1181 2372 1320 2417 tribus
1340 2374 1484 2430 signa-

102 2445 208 2491 culis
221 2481 231 2500 ,
257 2446 302 2489 id
319 2454 381 2489 est
398 2480 408 2499 ,
436 2461 458 2488 a
476 2443 623 2502 regula
640 2442 876 2487 sanctitatis
894 2441 1097 2487 excidisse
1116 2442 1337 2500 videatur,
1355 2442 1486 2487 alium

103 2531 206 2560 vero
235 2516 378 2572 fruges
405 2513 627 2558 vilissimas
657 2513 828 2558 fumoso
857 2513 1036 2557 obsonio
1060 2512 1331 2557 condientem
1350 2548 1360 2568 ,
1386 2522 1485 2556 tan-

106 2596 288 2645 tumque
310 2586 410 2628 hinc
440 2593 755 2637 assumentem,
794 2593 1005 2642 quantum
1042 2582 1265 2626 refectioni
1296 2583 1484 2641 corporis
