1729 3143
454 231 508 257 DE
540 231 754 267 ΒῩΜΒοιο,
789 230 928 257 sEnMo
963 231 1023 257 1v.
1359 222 1437 256 101

59 306 130 342 tur
159 305 203 340 et
237 297 399 355 regitur
423 311 553 341 omne
574 309 726 339 sanum
754 295 985 339 consilium
1004 329 1015 350 ‚
1051 303 1286 353 utramque
1308 294 1443 338 aciem

58 367 341 426 respiciebat,
365 376 597 425 utramque
634 365 770 408 aciem
801 365 1016 419 servabat,
1056 373 1099 409 et
1130 364 1374 424 patientiae,
1403 373 1446 408 et

55 439 264 498 potentias=
283 457 291 482 ε
313 447 356 482 et
372 437 492 497 quod
515 435 699 480 servavit
713 469 724 489 ‚
751 435 964 479 exhibuit.
991 437 1102 481 Nam
1123 444 1166 479 et
1188 435 1442 495 patientiam

56 509 261 563 servavit,
287 509 390 568 quia
411 507 466 551 de
495 521 624 551 cruce
644 521 734 550 non
756 504 982 549 descendit
1009 524 1017 549 :
1042 514 1085 548 et
1105 505 1347 563 potentiam
1367 504 1445 550 de-

55 579 311 622 monstravit
330 613 340 632 ‚
374 592 474 621 cum
499 577 553 621 de
574 575 774 634 sepulcro
796 575 993 619 surrexit.
1019 577 1134 618 Dum
1156 576 1203 617 in
1224 590 1354 619 cruce
1369 591 1446 634 pe-

52 649 204 706 pendit
224 683 236 702 ,
266 648 372 692 falsa
395 648 574 692 victoria
597 647 855 691 Judaeorum
885 666 893 692 :
918 647 1024 690 dum
1049 646 1104 689 de
1127 646 1327 704 sepulcro
1352 663 1447 691 sur-

51 718 158 762 rexit
179 752 190 772 ,
229 733 329 761 vera
362 717 563 761 confusio
585 717 841 763 Judaeorum
864 751 875 771 ‚
914 725 957 760 et
979 716 1243 775 sempiterna
1265 716 1446 760 victoria

50 787 409 832 Christianorum.
435 789 550 830 Dum
571 787 617 830 in
638 802 768 832 cruce
792 786 1001 845 pependit
1016 821 1027 840 ,
1053 786 1228 840 moesti,
1255 786 1445 830 contris-

50 855 161 910 tati,
203 856 472 915 dispersique
494 856 703 915 Discipuli
731 875 740 900 ε
771 856 878 899 dum
909 854 964 899 de
998 855 1199 915 sepulcro
1229 856 1443 910 surrexit,

51 924 286 983 gaudentes
301 961 312 981 ‚
337 941 425 970 una
447 926 494 969 in
516 926 647 970 domo
669 935 773 970 sunt
799 927 1067 985 congregati.
1093 929 1210 970 Dum
1235 926 1280 970 in
1315 940 1448 970 cruce

48 995 285 1055 pependit,
327 995 573 1040 diffidentia
606 996 932 1056 Discipulorum
965 1015 973 1040 :
1011 996 1118 1040 dum
1155 995 1210 1040 de
1243 995 1443 1056 sepulcro

48 1067 230 1109 surrexit
251 1101 262 1114 ‚
300 1066 581 1123 congregatio
604 1067 818 1125 gentium.
845 1069 960 1110 Dum
980 1067 1026 1110 in
1050 1081 1179 1111 cruce
1201 1065 1412 1126 pependit
1432 1100 1442 1120 ,

46 1132 201 1176 timore
218 1131 390 1186 negavit
413 1135 565 1171 Petrus
594 1145 603 1171 z
631 1136 738 1170 dum
760 1133 814 1168 de
833 1130 1034 1185 sepulcro
1052 1129 1239 1171 surrexit
1260 1163 1270 1181 ,
1298 1145 1446 1175 amore

46 1210 164 1245 totus
186 1199 323 1244 credit
340 1197 547 1241 mundus.
574 1199 670 1241 Non
690 1195 831 1240 solum
852 1205 960 1240 tunc
983 1206 1130 1242 actum
1153 1207 1216 1242 est
1237 1199 1323 1243 hoc
1346 1215 1443 1244 cer-

48 1280 192 1315 tamen
212 1304 222 1324 ,
264 1267 339 1312 sed
373 1282 492 1311 nunc
525 1268 668 1325 agitur
691 1285 698 1310 :
724 1275 949 1325 pugnatur
968 1302 978 1321 ‚
1016 1267 1219 1312 laborant
1245 1270 1446 1315 membra

48 1340 207 1385 Christi
224 1347 408 1397 urgente
430 1337 674 1381 adversario
693 1371 703 1391 ,
729 1337 942 1380 resistitur
961 1336 1026 1380 illi
1045 1358 1056 1393 3
1079 1339 1287 1397 quoniam
1312 1350 1446 1399 caput

46 1419 242 1455 nostrum
269 1411 358 1469 jam
390 1409 510 1452 sedet
530 1409 577 1451 in
604 1407 731 1452 coelo.
763 1407 830 1451 Ad
853 1408 936 1452 hoc
953 1406 1027 1451 ille
1049 1423 1247 1466 pugnare
1270 1410 1439 1466 voluit,

45 1489 96 1524 ut
117 1489 160 1524 te
180 1480 356 1524 doceret
377 1478 599 1538 quomodo
624 1478 831 1521 vinceres.
869 1476 953 1521 Sed
985 1478 1017 1521 si
1046 1478 1158 1522 vires
1184 1488 1269 1523 tuae
1295 1495 1445 1539 parvae

45 1559 172 1605 sunt,
197 1551 341 1608 ipsum
357 1550 508 1592 invoca
524 1548 782 1592 salvatorem
796 1583 807 1602 ‚
833 1548 977 1606 ipsum
992 1547 1147 1592 invoca
1164 1550 1410 1609 adjutorem
1432 1571 1441 1597 ε

45 1623 159 1666 Cum
181 1629 225 1664 te
247 1619 512 1679 perspexerit
532 1618 720 1662 fideliter
740 1618 1017 1662 invocantem
1046 1637 1054 1662 :
1088 1619 1164 1678 qui
1191 1635 1272 1679 pro
1297 1630 1342 1665 te
1364 1637 1442 1681 pe-

45 1689 198 1750 pendit
235 1691 280 1735 in
312 1690 460 1748 ligno,
493 1699 537 1733 et
564 1689 635 1733 hic
666 1689 923 1744 victoriam,
948 1698 992 1733 et
1020 1704 1227 1735 coronam
1249 1692 1444 1736 victoriae

45 1761 308 1821 praeparabit
335 1761 382 1804 in
404 1760 535 1805 coelo.

43 1834 181 1875 VI.
209 1832 350 1876 Tertia
372 1831 457 1875 die.
490 1829 708 1875 Triduana
731 1844 847 1875 mors
879 1831 1055 1875 Domini
1087 1846 1166 1891 per
1197 1833 1440 1892 Prophetas

43 1910 90 1946 et
130 1901 340 1960 praedicta
383 1911 448 1946 est
471 1937 482 1957 ,
521 1911 565 1945 et
602 1901 812 1961 promissa
827 1920 843 1957 ‚¹
875 1910 919 1945 et
948 1902 1142 1961 impleta.
1185 1905 1293 1948 Nam
1332 1906 1442 1949 Osee

42 1972 260 2030 propheta
297 1972 356 2015 ait
388 1987 396 2013 :
429 1990 449 2013 «
474 1975 577 2016 Post
605 1971 795 2016 biduum
821 1972 1058 2017 suscitabit
1079 1988 1158 2017 nos
1172 2000 1189 2027 ‚=
1214 1972 1284 2017 die
1311 1975 1439 2019 tertia

13 2079 15 2084 ,
49 2059 72 2083 »
95 2043 353 2096 veniemus,⁴
371 2051 416 2086 et
441 2043 565 2102 quasi
589 2051 690 2087 ante
710 2042 854 2087 lucem
869 2052 1071 2103 paratum
1091 2043 1217 2088 illum
1239 2045 1438 2089 invenie-

49 2130 71 2153 »
97 2126 193 2154 mus
210 2114 223 2137 ¹
250 2130 259 2156 ε
287 2130 307 2151 »
334 2113 566 2157 ostendens
587 2129 665 2157 nos
683 2114 728 2156 in
745 2113 822 2158 illo
839 2129 1061 2173 resurgere
1077 2150 1088 2170 ‚
1113 2115 1321 2175 quoniam
1338 2116 1436 2175 dig-

42 2191 177 2226 natus
191 2191 252 2226 est
264 2197 455 2236 carnem,
470 2183 522 2226 in
538 2199 626 2242 qua
640 2193 898 2240 moreretur,
913 2202 936 2230 a
949 2186 1074 2231 nobis
1091 2187 1299 2246 accipere.
1321 2187 1441 2240 Quid

43 2255 133 2313 jam
155 2252 296 2298 dicam
319 2253 374 2297 de
396 2255 533 2311 figura
554 2253 629 2298 illa
658 2256 781 2299 Jonae
803 2257 1053 2315 prophetae,
1078 2273 1209 2318 quem
1232 2258 1323 2316 ipse
1344 2259 1435 2301 Do-

44 2324 192 2366 minus
225 2325 462 2383 expressius
496 2324 796 2370 demonstrans
812 2360 823 2381 ‚
856 2327 915 2370 ait
937 2327 992 2372 ad
1012 2329 1189 2372 Judaeos
1211 2346 1220 2372 :
1248 2345 1269 2369 «
1294 2328 1440 2371 Gene-

51 2409 73 2433 »
97 2393 207 2436 ratio
229 2393 323 2437 haec
339 2428 350 2448 ,
390 2396 608 2452 generatio
630 2411 820 2456 nequam
847 2405 939 2454 est3
974 2397 1145 2456 signum
1174 2397 1332 2458 quaerit
1350 2432 1362 2452 ‚
1392 2406 1437 2441 et

55 2479 75 2503 »
100 2463 270 2521 signum
295 2479 385 2509 non
410 2465 587 2510 dabitur
609 2466 647 2511 ei
671 2502 682 2522 ‚
722 2468 805 2513 nisi
835 2468 1005 2526 signum
1042 2471 1165 2515 Jonae
1195 2469 1437 2529 prophetae.

101 2553 109 2568 ¹
132 2549 225 2587 Osee:
246 2558 296 2588 vr,
319 2549 347 2580 3,
