1729 3143
494 227 548 254 DE
581 227 700 255 umus
731 227 917 255 Excmio.
1320 220 1402 258 209

24 305 108 352 que
139 292 352 350 migrante
372 291 494 335 locus
510 289 584 334 ille
606 292 957 334 consumeretur?
981 292 1049 335 Sic
1070 291 1249 335 minime
1270 280 1406 336 dubi-

22 362 207 406 tandum
229 371 293 406 est
315 361 554 421 pepercisse
570 363 712 405 Deum
729 363 938 405 Romanae
960 362 1088 405 etiam
1105 362 1284 418 civitati,
1306 379 1407 423 quae

23 441 124 476 ante
139 431 295 477 hostile
310 431 563 476 incendium
583 431 630 473 in
650 429 798 473 multis
821 446 873 473 ex
894 431 1030 475 multa
1048 441 1171 490 parte
1190 433 1406 492 migrave-

22 512 103 547 rat.
130 504 373 560 Migrarunt
395 502 472 561 qui
493 501 721 559 fugerunt,
759 500 1002 558 migrarunt
1030 503 1106 561 qui
1139 502 1194 547 de
1228 519 1409 564 corpore

23 573 220 617 exierunt
238 591 248 618 2
272 571 401 616 multi
422 579 653 631 praesentes
673 579 915 631 utcumque
931 571 1177 629 latuerunt,
1214 576 1343 620 multi
1363 575 1410 619 in

22 642 127 687 locis
151 642 308 686 sanctis
328 642 415 686 vivi
435 640 629 700 salvique
650 641 807 685 servati
828 650 945 685 sunt.
973 644 1111 687 Manu
1132 658 1233 701 ergo
1260 660 1410 689 emen-

23 710 165 756 dantis
188 712 267 755 Dei
289 719 487 769 correpta
508 719 572 754 est
598 711 742 769 potius
764 711 912 756 civitas
932 711 1007 757 illa
1020 749 1031 769 ,
1057 729 1191 773 quam
1212 715 1382 774 perdita
1400 735 1409 760 :

27 799 50 823 «
75 784 301 840 Tanquam
315 795 462 826 servus
475 781 613 825 sciens
628 782 899 828 voluntatem
916 783 1084 828 domini
1096 786 1178 838 sui,
1195 793 1238 829 et
1252 785 1415 831 faciens

25 869 47 893 »
73 852 206 910 digna
220 851 373 910 plagis,
391 850 616 911 vapulavit
632 852 780 898 multis
792 855 822 897 1.
846 873 867 896 »

80 924 160 966 IX.
195 924 340 982 Atque
357 923 526 967 utinam
543 923 686 968 valeat
708 924 763 969 ad
781 926 1029 984 exemplum
1042 927 1224 983 timoris,
1246 936 1289 972 et
1301 927 1417 971 mala

23 992 375 1050 concupiscentia
398 993 545 1037 sitiens
573 993 808 1051 mundum,
837 1005 880 1039 et
901 1005 1108 1055 appetens
1127 994 1294 1057 perfrui
1315 1013 1418 1056 per-

23 1062 310 1107 niciosissimis
343 1063 659 1123 voluptatibus,
699 1065 1026 1112 demonstrante
1060 1069 1248 1114 Domino
1286 1084 1419 1129 quam

24 1133 108 1176 sint
123 1133 344 1177 instabiles
362 1143 405 1178 et
421 1135 600 1179 caducae
615 1150 764 1180 omnes
781 1137 928 1176 scoot-li
946 1139 1156 1177 vanitates
1174 1150 1218 1181 et
1238 1140 1419 1183 insaniae

23 1203 270 1256 mendaces,
286 1203 431 1257 potius
445 1204 704 1255 refrenetur,
715 1211 849 1258 quam
865 1196 947 1240 sub
963 1196 1142 1255 flagellis
1159 1203 1420 1258 dignissimis

26 1268 229 1314 adversus
247 1267 484 1312 Dominum
502 1278 814 1311 murmuretur.
839 1266 924 1312 Sed
941 1283 1073 1311 unam
1091 1268 1302 1314 tribulam
1318 1286 1420 1317 sen-

26 1341 80 1385 tit
97 1355 210 1396 area,
235 1348 287 1384 ut
308 1338 467 1399 stipula
489 1338 760 1394 concidatur,
788 1354 970 1398 granum
989 1338 1251 1398 mundetur,
1280 1358 1420 1388 unum

24 1411 172 1470 ignem
188 1411 350 1470 patitur
366 1408 518 1453 fornax
535 1409 736 1464 aurificis,
757 1418 806 1452 ut
828 1409 951 1467 palea
970 1410 1014 1452 iu
1038 1410 1227 1455 cinerem
1245 1424 1412 1472 pergat,

31 1496 189 1526 aurum
216 1479 414 1525 sordibus
437 1489 580 1523 careat
600 1498 608 1524 2
633 1479 692 1523 sic
714 1487 757 1522 et
778 1494 911 1523 unam
938 1479 1266 1526 tribulationem
1284 1485 1423 1529 Roma

28 1551 232 1611 pertulit,
277 1551 324 1594 in
356 1566 442 1610 qua
476 1549 546 1594 vel
573 1549 828 1593 emendatus
853 1549 922 1593 vel
951 1550 1160 1596 liberatus
1197 1562 1261 1597 est
1300 1554 1416 1613 pius3

29 1621 190 1681 impius
220 1629 366 1665 autem
398 1619 630 1664 damnatus
664 1628 743 1674 est,
783 1620 869 1663 sive
898 1620 953 1663 ab
975 1621 1056 1665 hac
1080 1622 1168 1666 vita
1202 1632 1348 1682 raptus
1370 1625 1423 1668 sit

30 1693 108 1737 ubi
125 1691 260 1750 magis
276 1705 427 1751 poenas
439 1689 691 1749 justissimas
708 1688 864 1744 lueret,
883 1690 971 1734 sive
988 1691 1059 1735 hic
1078 1693 1330 1736 remanserit
1348 1694 1424 1737 ubi

31 1760 322 1806 damnabilius
350 1760 691 1817 blasphemaret,
727 1768 803 1803 aut
834 1768 949 1804 certe
981 1776 1059 1819 pro
1091 1761 1305 1806 ineffabili
1337 1763 1425 1807 elc-

30 1832 194 1876 mentia
210 1847 286 1875 sua
302 1834 432 1885 Deus,
454 1844 563 1888 quos
584 1829 708 1874 novit
728 1828 973 1885 salvandos,
995 1832 1265 1889 poenitentiae
1288 1832 1426 1878 reser—

30 1910 167 1946 varet.
181 1903 279 1946 Non
296 1915 400 1959 ergo
414 1915 493 1944 nos
513 1907 688 1944 moveat
703 1898 830 1943 labor
847 1899 1020 1958 piorum
1040 1920 1048 1944 z
1074 1903 1321 1947 exercitatio
1340 1913 1420 1960 est,

31 1987 123 2017 non
145 1971 382 2016 damnatio.
407 1970 497 2016 Nisi
518 1970 631 2015 forte
652 1970 881 2014 horremus
905 1985 1005 2014 cum
1026 1971 1224 2016 videmus
1245 1972 1425 2032 indigna

32 2051 76 2087 et
98 2042 243 2101 gravia
263 2042 310 2085 in
330 2042 413 2085 hac
434 2049 546 2084 terra
569 2041 739 2100 perpeti
761 2040 951 2099 aliquem
967 2041 1151 2100 justum,
1184 2051 1227 2086 et
1244 2042 1424 2088 oblivis-

33 2113 172 2158 cimur
203 2127 302 2170 quae
324 2110 552 2171 pertulerit
567 2111 710 2169 justus
727 2112 945 2170 justorum
968 2122 1229 2172 sanctusque
1251 2124 1424 2160 sanctw

33 2197 148 2229 rum.
169 2182 298 2236 Quod
320 2195 442 2240 passa
460 2187 524 2223 est
540 2179 740 2223 universa
759 2180 832 2224 illa
854 2182 1018 2237 civitas,
1044 2198 1192 2242 passus
1214 2193 1277 2228 est
1293 2201 1421 2230 unus.

36 2254 123 2300 Sed
138 2252 281 2298 videte
295 2251 392 2312 quis
414 2264 527 2293 unus
545 2267 553 2292 ε
579 2267 598 2290 «
622 2251 716 2293 Rex
735 2264 890 2308 regum
906 2260 949 2296 et
965 2254 1175 2298 Dominus
1193 2254 1426 2301 dominan-

37 2343 58 2368 »
93 2325 247 2377 tium2,
269 2341 291 2365 »
312 2320 670 2380 comprehensim,
695 2319 888 2376 vinCtUS,
915 2322 1177 2380 flagellatus,
1198 2335 1426 2371 contume-

34 2395 102 2440 liis
133 2393 338 2439 omnibus
376 2392 576 2450 agitatus,
608 2389 729 2448 ligno
757 2406 987 2450 suspensus
1018 2403 1060 2437 et
1082 2395 1206 2450 fixus,
1242 2398 1420 2443 occisus.

36 2464 249 2526 Appende
270 2477 371 2508 cum
391 2462 565 2507 Christo
587 2464 788 2518 Romam,
814 2463 1012 2522 appende
1035 2480 1136 2510 cum
1157 2467 1330 2513 Christo
1355 2478 1422 2515 to-

85 2557 97 2574 ¹
122 2553 200 2584 Luc.
218 2561 278 2592 xu,
293 2549 346 2591 47.
364 2565 406 2574 --
426 2555 439 2572 ²
458 2550 559 2591 Apoc.
580 2559 645 2590 mx,
673 2548 725 2580 16.

198 2613 389 2646 cxxxiv.
1219 2608 1265 2647 12
