1729 3143
240 242 322 279 380
672 250 704 276 s.
743 245 970 275 Auocsrnw
1003 248 1182 276 Emscom

295 318 495 363 XXXIV.
533 318 584 358 In
604 314 856 374 corporibus
877 323 1021 359 autem
1042 314 1317 360 inferioribus
1343 325 1472 376 atque
1494 331 1613 360 mor-

237 388 394 434 talibus
433 395 529 446 post
570 395 798 446 peccatum
843 387 986 431 anima
1031 386 1229 432 ordinata
1248 422 1260 443 ,
1301 388 1412 447 regit
1459 403 1614 447 corpus

237 474 390 513 suum,
435 473 524 502 non
563 459 681 502 omni
715 458 846 503 modo
884 474 963 518 pro
1002 459 1205 515 arbitrio,
1242 458 1315 504 sed
1352 459 1464 503 sicut
1500 459 1616 518 leges

235 529 526 574 universitatis
563 529 724 574 sinunt.
756 532 845 576 Nec
881 530 979 575 ideo
1007 539 1152 575 tamen
1187 529 1283 575 talis
1321 531 1463 575 anima
1501 528 1616 573 infe-

234 601 320 645 rior
341 609 404 645 est
427 616 607 661 corpore
636 601 828 656 coelesti,
867 602 937 646 cui
962 602 1132 662 corpori
1161 602 1290 647 etiam
1318 616 1500 660 corpora
1526 609 1616 644 ter-

232 687 335 716 rena
365 672 557 732 subJ'ecta
588 681 702 716 sunt.
730 676 926 717 Pannosa
955 674 1117 734 quippe
1139 673 1267 718 vestis
1288 672 1482 717 damnati
1507 670 1616 716 servi

231 741 371 787 multo
393 751 455 787 est
476 742 654 788 inferior
675 752 793 787 veste
811 743 923 787 bene
941 744 1109 799 meriti,
1135 753 1178 788 et
1199 744 1243 788 in
1265 744 1432 788 honore
1459 756 1615 800 magno

232 812 348 873 apud
366 813 592 858 dominum
615 814 838 859 constituti
859 833 868 859 ε
895 813 969 858 sed
987 815 1075 873 ipse
1099 830 1245 859 servus
1264 813 1416 858 melior
1434 822 1616 873 estqua-

229 884 336 929 libet
357 894 474 929 veste
490 886 674 945 pretiosa
692 921 702 940 ,
729 886 829 945 quia
847 886 979 929 homo
996 894 1072 930 est.
1094 885 1174 929 Illa
1190 901 1292 945 ergo
1308 885 1491 928 inhaeret
1504 887 1612 939 Deo,

230 965 272 1000 et
295 958 339 1000 in
361 956 526 1000 coelesti
549 970 750 1014 corpore,
778 955 971 1012 angelica
990 964 1202 1014 potestate
1218 990 1228 1010 ,
1263 955 1392 1016 etiarn
1416 963 1616 998 terrestre
1680 963 1683 982 ³
1717 944 1729 1019 3

229 1042 385 1086 corpus
406 1034 531 1070 ornat
553 1034 595 1068 et
618 1025 754 1083 regit,
776 1025 886 1068 sicut
901 1024 1031 1085 jubet
1056 1024 1129 1069 ille
1147 1026 1269 1084 cujus
1293 1033 1453 1068 nutum
1475 1024 1620 1067 intue-
1680 1052 1683 1065 .

230 1105 326 1140 tuer
347 1094 642 1139 ineffabiliter.
666 1097 750 1139 Ista
773 1110 875 1139 vero
901 1094 1158 1139 mortalibus
1181 1094 1386 1138 membris
1408 1103 1613 1148 onerata,

229 1168 298 1212 vix
320 1168 402 1211 hoc
430 1168 573 1227 ipsum
602 1182 690 1226 quo
723 1166 936 1226 premitur
959 1164 1230 1210 administrat
1260 1166 1518 1209 intrinsecus
1540 1199 1550 1217 ,
1577 1174 1620 1209 et

229 1248 375 1283 tamen
398 1248 522 1283 ornat
544 1247 758 1298 quantum
775 1245 917 1297 potest
939 1256 946 1281 :
969 1245 1125 1280 caetera
1142 1250 1243 1280 vero
1261 1236 1523 1280 extrinsecus
1544 1234 1616 1279 ad-

223 1311 425 1370 jacentia,
445 1309 575 1368 longe
596 1308 833 1352 infirmiore
852 1307 1104 1366 operatione
1123 1307 1388 1350 extrinsecus
1407 1307 1541 1350 aflicit
1560 1306 1616 1349 si—

228 1390 303 1425 cut
325 1389 481 1440 potest.

286 1453 468 1495 XXXV.
509 1450 631 1495 Unde
653 1449 871 1508 colligitur
887 1463 977 1492 non
994 1446 1248 1492 defuturum
1267 1446 1396 1492 fuisse
1413 1457 1616 1492 ornatum

226 1521 663 1580 congruentissimum
678 1519 1071 1579 infimaecorporeae
1089 1527 1316 1574 creaturae,
1334 1518 1463 1562 etiam
1485 1518 1519 1561 si
1534 1519 1612 1562 ista

227 1608 404 1652 peccare
438 1591 660 1636 noluissetc
701 1591 917 1644 Quoniam
956 1606 1055 1650 quae
1089 1599 1232 1634 totum
1264 1599 1406 1649 potest
1434 1604 1581 1647 regere
1602 1624 1613 1642 ,

227 1665 354 1708 etiam
378 1672 544 1722 partem
568 1662 676 1720 regit
703 1681 711 1706 :
737 1678 836 1722 quae
858 1670 1005 1705 autem
1027 1661 1172 1705 minus
1194 1669 1360 1719 potest,
1386 1675 1477 1704 non
1507 1675 1615 1704 con-

227 1736 350 1780 tinuo
372 1743 515 1794 potest
538 1732 760 1791 ampliora.
788 1732 1010 1776 Perfectus
1031 1733 1144 1777 enim
1165 1733 1358 1776 medicus
1374 1732 1503 1775 etiam
1521 1746 1615 1775 sca-

228 1806 343 1849 biem
367 1814 487 1849 sanat
509 1804 741 1848 efficaciter
767 1822 775 1846 :
802 1812 845 1846 at
865 1818 954 1846 non
976 1803 1186 1846 continuo
1208 1802 1284 1862 qui
1308 1802 1504 1844 scabioso
1528 1802 1615 1844 uti-

224 1877 321 1920 litcr
343 1874 548 1929 consulit,
567 1874 778 1918 universae
794 1873 998 1916 humanae
1018 1871 1258 1916 valetudini
1275 1871 1438 1914 mederi
1454 1880 1610 1929 potest.

226 1951 282 1992 Et
302 1948 410 1991 ratio
432 1945 608 2007 quidem
631 1946 664 1989 si
687 1953 804 1989 certa
826 1944 1108 2003 conspicitur,
1131 1959 1220 2002 qua
1242 1940 1522 1985 manifestum
1540 1943 1615 1986 fiat

227 2034 315 2063 esse
335 2017 573 2078 oportuisse
591 2025 850 2069 creaturam,
871 2030 970 2074 quae
985 2029 1212 2073 nunquam
1229 2012 1485 2072 peccaverit,
1502 2027 1617 2056 nun-

227 2104 357 2150 quam
381 2097 609 2148 peccatura
631 2087 711 2142 sit,
735 2086 863 2130 etiam
887 2084 999 2128 illud
1032 2083 1184 2128 eadem
1215 2084 1324 2127 ratio
1347 2083 1568 2126 renuntiat
1591 2097 1615 2126 a

229 2169 406 2220 peccato
429 2159 547 2203 illam
575 2158 710 2202 libera
738 2157 964 2202 voluntate
987 2155 1201 2199 abstinere
1216 2188 1227 2208 ‚
1253 2168 1396 2213 neque
1420 2162 1614 2197 coactam

228 2247 317 2276 non
338 2246 544 2292 peccare,
579 2228 653 2273 sed
682 2236 849 2287 sponte.
883 2228 1197 2269 Verumtamen
1226 2224 1391 2267 etiamsi
1417 2231 1614 2282 peccaret

225 2306 506 2364 (quanquam
542 2317 631 2346 non
664 2299 858 2360 peccavit
878 2334 888 2353 ‚
931 2299 1043 2341 sicut
1073 2312 1168 2340 eam
1209 2310 1299 2339 non
1338 2304 1613 2354 peccaturam

227 2375 440 2433 praescivit
461 2375 624 2430 Deus)3
650 2382 793 2416 tamen
818 2370 851 2412 si
874 2369 1005 2412 etiam
1028 2369 1119 2427 ipsa
1145 2375 1368 2426 peccaret,
1397 2366 1613 2409 sufficeret

228 2446 303 2487 Dei
322 2454 505 2504 potestas
528 2441 759 2488 ineffabilis
782 2439 1006 2500 potentiae,
1032 2438 1084 2482 ad
1111 2436 1347 2496 regendam
1370 2437 1494 2479 istam
1516 2435 1612 2477 uni-

231 2514 490 2568 versitatem,
517 2523 567 2558 ut
589 2512 792 2558 omnibus
821 2524 1013 2568 congrua
1036 2518 1078 2553 et
1100 2507 1315 2565 condigna
1341 2505 1581 2550 retribuens
1597 2539 1608 2559 ‚

233 2582 337 2626 nihil
362 2583 406 2626 in
428 2592 520 2628 toto
544 2582 724 2640 imperio
742 2596 821 2626 suo
844 2589 970 2638 turpe
990 2588 1120 2638 atque
1136 2578 1389 2622 indecorum
1406 2590 1494 2619 esse
1510 2590 1609 2634 per-
