1729 3143
11 0 19 197 ἰ
51 2 54 4 ,

9 273 14 345 ³

0 302 1 322 1

7 386 11 412 l

6 440 9 523 i

406 196 459 221 m:
494 195 643 221 Liuiano
676 191 892 230 Aassi‘rmo,
930 195 1011 218 rm.
1051 194 1112 218 ιιι,
1372 179 1454 215 373

73 258 199 303 Nulla
224 268 368 304 autem
391 276 570 321 corpora
586 297 595 315 ‚
622 268 834 320 quantum
858 259 913 303 ad
929 275 1018 303 sese
1039 258 1215 311 attinet,
1241 255 1308 300 vel
1328 257 1452 299 beata

8 351 12 383 ξ
71 339 251 389 possunt
272 346 386 386 esse,
408 331 477 375 vel
500 332 679 387 misera3
704 345 954 389 quanquam
972 329 1200 373 beatorum
1223 335 1298 371 aut
1325 327 1453 370 mise-

7 414 10 417 ·
68 414 215 444 rorum
239 417 420 460 corpora
442 402 607 461 possint
628 415 732 444 esse.
756 398 839 444 Sed
859 400 913 443 de
935 399 1019 443 illis
1041 398 1277 443 luminibus
1299 396 1452 441 simili-

69 470 178 516 tudo
199 471 394 516 adhibita
411 473 457 515 id
476 471 603 516 docet
619 505 630 525 ,
655 478 706 513 ut
719 468 1092 529 quemadmodum
1112 483 1346 529 corporum
1363 467 1451 512 dif-

69 539 272 586 ferentias
294 541 649 602 contemplando,
672 540 825 585 videns
854 539 935 584 alia
967 539 1146 584 clariora
1168 540 1326 600 injuste
1346 540 1456 599 petis

69 610 228 656 auferri
249 629 348 672 quae
370 613 620 658 obscuriora
642 610 936 671 conspexeris,
966 619 1041 654 aut
1071 610 1324 655 clarioribus
1343 610 1456 655 adae-

67 683 221 742 quari3
247 684 322 728 sed
349 683 404 728 ad
433 683 745 744 perfectionem
779 682 1032 728 universatis
1060 681 1249 726 referens
1279 682 1423 727 omnia
1441 716 1453 736 ‚

65 762 234 812 quanto
266 755 400 813 magis
430 755 628 799 minusve
660 755 773 798 inter
801 768 845 797 se
879 753 992 797 clara
1022 761 1146 807 sunt,
1179 761 1301 797 tanto
1324 752 1461 811 magis

67 824 205 867 cernis
227 839 315 869 esse
338 825 506 883 omnia3
530 841 610 869 nec
632 824 713 868 tibi
739 824 928 869 occurrit
949 823 1144 884 perfecta
1173 822 1430 866 universitas
1445 857 1456 877 ‚

68 893 149 937 nisi
180 895 258 938 ubi
288 897 449 954 majora
480 895 540 938 sic
568 904 725 954 praesto
748 904 875 948 sunt,
901 903 951 937 ut
978 895 1145 937 minora
1174 908 1263 937 non
1291 892 1456 936 desint:

64 964 124 1007 sic
147 965 274 1008 etiam
297 964 564 1009 differentias
600 966 843 1009 animarum
875 963 1037 1023 cogites
1056 998 1067 1016 ‚
1099 963 1144 1006 in
1176 963 1337 1023 quibus
1370 963 1455 1007 hoc

0 1061 1 1086 ᾗ
64 1049 241 1094 quoquc
263 1035 453 1079 invenies
471 1071 481 1090 ,
508 1045 556 1080 ut
577 1035 791 1079 miseriam
814 1049 943 1095 quam
968 1034 1108 1088 doles,
1136 1034 1191 1077 ad
1212 1033 1254 1077 id
1277 1048 1455 1093 quoque

64 1104 205 1148 valere
227 1119 459 1163 cognoscas
477 1140 486 1159 ‚
511 1114 561 1149 ut
583 1106 872 1149 universitatis
891 1103 1146 1163 perfectioni
1169 1119 1249 1148 nec
1270 1103 1356 1147 illae
1374 1104 1454 1148 de-

64 1175 149 1219 sint
166 1176 343 1231 animae,
369 1192 467 1236 quae
492 1176 658 1219 miserae
681 1176 774 1219 fieri
793 1175 1057 1229 debuerunt,
1074 1175 1176 1236 quia
1194 1176 1456 1234 peccatrices

64 1260 153 1289 esse
171 1245 418 1290 voluerunt.
447 1248 725 1305 Tantumque
744 1245 866 1289 abest
882 1254 932 1289 ut
949 1248 1062 1289 Deus
1084 1244 1190 1288 tales
1210 1242 1350 1288 facere
1365 1260 1455 1290 non

64 1315 292 1372 debuerit,
319 1325 369 1360 ut
392 1318 519 1360 etiam
550 1325 725 1360 caeteras
749 1324 966 1360 creaturas
999 1314 1278 1360 laudabiliter
1305 1314 1457 1360 fecerit

63 1386 190 1445 longe
207 1387 430 1433 inferiores
453 1388 607 1432 animis
624 1387 805 1431 miseris.

120 1460 279 1502 XXVI.
313 1459 396 1504 Sed
419 1458 562 1503 adhuc
584 1458 757 1503 videtur
777 1458 920 1501 minus
942 1457 1188 1516 intelligens
1211 1459 1333 1518 quod
1354 1458 1452 1503 dic-

63 1536 157 1572 tum
180 1538 242 1572 est
260 1564 270 1582 ‚
302 1529 463 1573 habere
485 1528 604 1589 quod
632 1527 903 1573 contradicat
930 1547 938 1572 :
963 1528 1069 1572 dicit
1090 1528 1204 1572 enim
1232 1548 1240 1572 ε
1277 1529 1318 1573 Si
1352 1529 1454 1572 uni-

60 1599 272 1643 versitatis
293 1598 604 1658 perfectionem
627 1598 819 1658 complet
836 1599 964 1643 etiam
985 1607 1131 1643 nostra
1154 1599 1347 1654 miseria,
1369 1598 1447 1643 de-

60 1667 210 1713 fuisset
235 1668 402 1729 aliquid
424 1670 526 1713 hnic
547 1668 831 1729 perfectioni,
858 1669 891 1713 si
912 1669 1028 1713 beati
1050 1684 1219 1729 semper
1241 1685 1449 1714 essemus.

61 1742 336 1799 Quapropter
365 1741 398 1784 si
433 1740 489 1784 ad
522 1741 736 1785 miseriam
772 1740 853 1784 nisi
886 1740 1108 1799 peccando
1142 1756 1231 1785 non
1254 1742 1453 1800 pervenit

60 1812 228 1866 anima,
255 1813 384 1856 etiaim
406 1821 581 1871 peccata
612 1821 758 1857 nostra
787 1813 1025 1856 necessaria
1057 1822 1158 1857 sunt
1193 1812 1453 1872 perfectioni

59 1882 347 1938 universitati,
367 1898 498 1941 quam
540 1883 737 1927 condidit
772 1886 901 1926 Deus.
939 1884 1170 1936 Quomodo
1205 1899 1307 1942 ergo
1335 1885 1451 1943 juste

58 1961 234 2010 peccata
258 1953 410 2011 punit,
437 1968 536 2012 quae
565 1953 598 1995 si
626 1952 892 2007 defuissent,
919 1962 1116 1997 creatura
1143 1955 1234 2013 ejus
1257 1953 1384 2013 plena
1407 1962 1451 1998 et

57 2020 249 2081 perfecta
286 2038 375 2067 non
409 2024 548 2067 esset?
577 2023 656 2067 Hic
688 2023 1002 2083 respondetur,
1031 2039 1119 2068 non
1150 2024 1239 2083 ipsa
1271 2034 1445 2083 peccata

57 2092 126 2137 vel
149 2094 284 2152 ipsam
306 2094 519 2137 miseriam
544 2092 799 2152 perfectioni
822 2095 1111 2139 universitatis
1138 2110 1228 2139 esse
1252 2111 1447 2140 necessa-

58 2163 118 2206 ria
138 2198 148 2216 ‚
174 2163 248 2207 sed
278 2163 440 2207 animas
462 2164 506 2206 in
528 2172 742 2222 quantum
766 2164 921 2208 animae
942 2175 1069 2222 sunt3
1095 2181 1193 2225 quae
1216 2166 1250 2210 si
1278 2165 1413 2210 velint
1431 2201 1442 2221 ‚

57 2242 239 2292 peccant
265 2255 275 2290 3
315 2233 349 2277 si
370 2233 666 2292 peccaverint,
691 2234 857 2277 miserae
884 2235 1011 2279 fiunt.
1047 2236 1089 2281 Si
1114 2237 1228 2280 enim
1259 2237 1447 2296 peccatis

57 2319 205 2347 earum
248 2303 449 2349 detractis
492 2305 659 2348 miseria
696 2314 939 2364 perseverat
957 2341 967 2361 ,
1006 2315 1080 2349 aut
1117 2307 1246 2351 etiam
1268 2316 1445 2366 peccata

58 2373 263 2434 praecedit
278 2409 289 2429 ,
314 2384 429 2419 recte
450 2374 683 2419 deformari
704 2375 863 2419 dicitur
886 2376 993 2420 ordo
1025 2386 1154 2437 atque
1175 2376 1445 2422 administra-

58 2445 119 2488 tio
139 2445 443 2490 universitatis.
470 2448 635 2489 Rursus
657 2446 688 2488 si
711 2455 885 2505 peccata
908 2447 1040 2501 fiant,
1068 2456 1110 2491 et
1128 2446 1237 2491 desit
1254 2448 1441 2503 miseria,

60 2514 340 2560 nihilominus
370 2515 625 2560 dehonestat
657 2516 852 2560 ordinem
894 2516 1111 2576 iniquitas.
1153 2519 1263 2562 Cum
1296 2527 1437 2562 autem
