<?xml version="1.0" encoding="UTF-8"?>
<!DOCTYPE html PUBLIC "-//W3C//DTD XHTML 1.0 Transitional//EN"
    "http://www.w3.org/TR/xhtml1/DTD/xhtml1-transitional.dtd">
<html xmlns="http://www.w3.org/1999/xhtml" xml:lang="en" lang="en">
 <head>
  <title>
</title>
<meta http-equiv="Content-Type" content="text/html;charset=utf-8" />
  <meta name='ocr-system' content='tesseract 3.04.00' />
  <meta name='ocr-capabilities' content='ocr_page ocr_carea ocr_par ocr_line ocrx_word'/>
</head>
<body>
  <div class='ocr_page' id='page_1' title='image "./operaomniaaccura27auguuoft/operaomniaaccura27auguuoft_0329.png"; bbox 0 0 1729 3143; ppageno 0'>
   <div class='ocr_carea' id='block_1_1' title="bbox 410 165 1450 213">
    <p class='ocr_par' dir='ltr' id='par_1_1' title="bbox 410 165 1450 213">
     <span class='ocr_line' id='line_1_1' title="bbox 410 165 1450 213; baseline 0.004 -14"><span class='ocrx_word' id='word_1_1' title='bbox 410 173 460 199; x_wconf 86' lang='lat' dir='ltr'>DE</span> <span class='ocrx_word' id='word_1_2' title='bbox 493 174 644 202; x_wconf 65' lang='lat' dir='ltr'>nmmo</span> <span class='ocrx_word' id='word_1_3' title='bbox 677 171 890 213; x_wconf 70' lang='lat' dir='ltr'>Anm&#39;rmo,</span> <span class='ocrx_word' id='word_1_4' title='bbox 926 176 1008 203; x_wconf 72' lang='lat' dir='ltr'>Lis.</span> <span class='ocrx_word' id='word_1_5' title='bbox 1044 176 1090 202; x_wconf 85' lang='lat'>11.</span> <span class='ocrx_word' id='word_1_6' title='bbox 1368 165 1450 203; x_wconf 85' lang='lat'>317</span> 
     </span>
    </p>
   </div>
   <div class='ocr_carea' id='block_1_2' title="bbox 55 237 1451 790">
    <p class='ocr_par' dir='ltr' id='par_1_2' title="bbox 55 237 1451 790">
     <span class='ocr_line' id='line_1_2' title="bbox 63 237 1448 300; baseline 0.003 -18"><span class='ocrx_word' id='word_1_7' title='bbox 63 237 352 282; x_wconf 86' lang='lat' dir='ltr'>convincitur.</span> <span class='ocrx_word' id='word_1_8' title='bbox 380 240 490 291; x_wconf 84' lang='lat' dir='ltr'>Quae</span> <span class='ocrx_word' id='word_1_9' title='bbox 511 240 545 283; x_wconf 90' lang='lat' dir='ltr'>si</span> <span class='ocrx_word' id='word_1_10' title='bbox 566 238 691 285; x_wconf 92' lang='lat' dir='ltr'>nullo</span> <span class='ocrx_word' id='word_1_11' title='bbox 712 239 911 285; x_wconf 84' lang='lat' dir='ltr'>adhibito</span> <span class='ocrx_word' id='word_1_12' title='bbox 931 241 1121 300; x_wconf 89' lang='lat' dir='ltr'>corporis</span> <span class='ocrx_word' id='word_1_13' title='bbox 1143 240 1448 296; x_wconf 83' lang='lat' dir='ltr'>instrumento,</span> 
     </span>
     <span class='ocr_line' id='line_1_3' title="bbox 61 309 1450 372; baseline 0.002 -21"><span class='ocrx_word' id='word_1_14' title='bbox 61 323 205 367; x_wconf 90' lang='lat' dir='ltr'>neque</span> <span class='ocrx_word' id='word_1_15' title='bbox 226 323 304 368; x_wconf 90' lang='lat' dir='ltr'>per</span> <span class='ocrx_word' id='word_1_16' title='bbox 318 318 484 354; x_wconf 79' lang='lat' dir='ltr'>tactum</span> <span class='ocrx_word' id='word_1_17' title='bbox 497 344 508 364; x_wconf 90' lang='lat'>‚</span> <span class='ocrx_word' id='word_1_18' title='bbox 533 326 677 370; x_wconf 89' lang='lat' dir='ltr'>neque</span> <span class='ocrx_word' id='word_1_19' title='bbox 694 326 772 370; x_wconf 84' lang='lat' dir='ltr'>per</span> <span class='ocrx_word' id='word_1_20' title='bbox 790 320 1009 368; x_wconf 83' lang='lat' dir='ltr'>gustatum</span> <span class='ocrx_word' id='word_1_21' title='bbox 1025 347 1036 367; x_wconf 84' lang='lat'>‚</span> <span class='ocrx_word' id='word_1_22' title='bbox 1057 327 1200 372; x_wconf 87' lang='lat' dir='ltr'>neque</span> <span class='ocrx_word' id='word_1_23' title='bbox 1218 309 1450 366; x_wconf 81' lang='lat' dir='ltr'>olfactum,</span> 
     </span>
     <span class='ocr_line' id='line_1_4' title="bbox 60 381 1451 442; baseline 0.004 -21"><span class='ocrx_word' id='word_1_24' title='bbox 60 392 204 437; x_wconf 89' lang='lat' dir='ltr'>neque</span> <span class='ocrx_word' id='word_1_25' title='bbox 228 394 303 437; x_wconf 84' lang='lat' dir='ltr'>per</span> <span class='ocrx_word' id='word_1_26' title='bbox 325 395 448 424; x_wconf 89' lang='lat' dir='ltr'>aures</span> <span class='ocrx_word' id='word_1_27' title='bbox 460 414 472 434; x_wconf 89' lang='lat'>,</span> <span class='ocrx_word' id='word_1_28' title='bbox 497 396 640 440; x_wconf 76' lang='lat' dir='ltr'>neque</span> <span class='ocrx_word' id='word_1_29' title='bbox 657 395 735 440; x_wconf 84' lang='lat' dir='ltr'>per</span> <span class='ocrx_word' id='word_1_30' title='bbox 749 381 898 425; x_wconf 86' lang='lat' dir='ltr'>oculos</span> <span class='ocrx_word' id='word_1_31' title='bbox 910 416 920 436; x_wconf 88' lang='lat'>‚</span> <span class='ocrx_word' id='word_1_32' title='bbox 943 397 1086 442; x_wconf 87' lang='lat' dir='ltr'>neque</span> <span class='ocrx_word' id='word_1_33' title='bbox 1101 397 1177 441; x_wconf 87' lang='lat' dir='ltr'>per</span> <span class='ocrx_word' id='word_1_34' title='bbox 1196 381 1337 426; x_wconf 87' lang='lat' dir='ltr'>ullum</span> <span class='ocrx_word' id='word_1_35' title='bbox 1352 397 1451 426; x_wconf 89' lang='lat' dir='ltr'>sen-</span> 
     </span>
     <span class='ocr_line' id='line_1_5' title="bbox 61 448 1447 509; baseline 0.004 -18"><span class='ocrx_word' id='word_1_36' title='bbox 61 461 159 491; x_wconf 90' lang='lat' dir='ltr'>sum</span> <span class='ocrx_word' id='word_1_37' title='bbox 181 463 224 491; x_wconf 92' lang='lat' dir='ltr'>se</span> <span class='ocrx_word' id='word_1_38' title='bbox 246 448 495 493; x_wconf 89' lang='lat' dir='ltr'>inferiorem</span> <span class='ocrx_word' id='word_1_39' title='bbox 510 483 521 503; x_wconf 82' lang='lat'>‚</span> <span class='ocrx_word' id='word_1_40' title='bbox 546 448 622 493; x_wconf 90' lang='lat' dir='ltr'>sed</span> <span class='ocrx_word' id='word_1_41' title='bbox 644 464 720 508; x_wconf 91' lang='lat' dir='ltr'>per</span> <span class='ocrx_word' id='word_1_42' title='bbox 737 465 781 494; x_wconf 91' lang='lat' dir='ltr'>se</span> <span class='ocrx_word' id='word_1_43' title='bbox 801 451 938 509; x_wconf 85' lang='lat' dir='ltr'>ipsam</span> <span class='ocrx_word' id='word_1_44' title='bbox 962 452 1100 496; x_wconf 80' lang='lat' dir='ltr'>cernit</span> <span class='ocrx_word' id='word_1_45' title='bbox 1120 461 1338 496; x_wconf 82' lang='lat' dir='ltr'>aeternum</span> <span class='ocrx_word' id='word_1_46' title='bbox 1366 451 1447 496; x_wconf 88' lang='lat' dir='ltr'>ali-</span> 
     </span>
     <span class='ocr_line' id='line_1_6' title="bbox 58 517 1444 578; baseline 0.004 -18"><span class='ocrx_word' id='word_1_47' title='bbox 58 517 167 576; x_wconf 85' lang='lat' dir='ltr'><strong>quid</strong></span> <span class='ocrx_word' id='word_1_48' title='bbox 191 527 235 562; x_wconf 86' lang='lat' dir='ltr'>et</span> <span class='ocrx_word' id='word_1_49' title='bbox 255 518 613 563; x_wconf 84' lang='lat' dir='ltr'><strong>incommutabile</strong></span> <span class='ocrx_word' id='word_1_50' title='bbox 628 553 639 574; x_wconf 92' lang='lat'>‚</span> <span class='ocrx_word' id='word_1_51' title='bbox 660 519 789 563; x_wconf 89' lang='lat' dir='ltr'>simul</span> <span class='ocrx_word' id='word_1_52' title='bbox 812 528 855 563; x_wconf 90' lang='lat' dir='ltr'>et</span> <span class='ocrx_word' id='word_1_53' title='bbox 872 535 916 563; x_wconf 90' lang='lat' dir='ltr'>se</span> <span class='ocrx_word' id='word_1_54' title='bbox 940 520 1076 578; x_wconf 86' lang='lat' dir='ltr'>ipsam</span> <span class='ocrx_word' id='word_1_55' title='bbox 1097 521 1347 566; x_wconf 81' lang='lat' dir='ltr'>inferiorem</span> <span class='ocrx_word' id='word_1_56' title='bbox 1362 556 1374 577; x_wconf 84' lang='lat'>‚</span> <span class='ocrx_word' id='word_1_57' title='bbox 1401 531 1444 566; x_wconf 87' lang='lat' dir='ltr'>et</span> 
     </span>
     <span class='ocr_line' id='line_1_7' title="bbox 57 585 1451 652; baseline 0.005 -23"><span class='ocrx_word' id='word_1_58' title='bbox 57 585 181 629; x_wconf 80' lang='lat' dir='ltr'>illum</span> <span class='ocrx_word' id='word_1_59' title='bbox 205 596 376 645; x_wconf 82' lang='lat' dir='ltr'>oportet</span> <span class='ocrx_word' id='word_1_60' title='bbox 406 591 546 632; x_wconf 91' lang='lat' dir='ltr'>Deum</span> <span class='ocrx_word' id='word_1_61' title='bbox 574 604 703 633; x_wconf 89' lang='lat' dir='ltr'>suum</span> <span class='ocrx_word' id='word_1_62' title='bbox 735 605 824 634; x_wconf 91' lang='lat' dir='ltr'>esse</span> <span class='ocrx_word' id='word_1_63' title='bbox 858 590 1061 634; x_wconf 79' lang='lat' dir='ltr'><strong>fateatur.</strong></span> <span class='ocrx_word' id='word_1_64' title='bbox 1089 594 1140 634; x_wconf 93' lang='lat' dir='ltr'>E.</span> <span class='ocrx_word' id='word_1_65' title='bbox 1168 594 1296 636; x_wconf 88' lang='lat' dir='ltr'>Hunc</span> <span class='ocrx_word' id='word_1_66' title='bbox 1318 592 1451 652; x_wconf 87' lang='lat' dir='ltr'>plane</span> 
     </span>
     <span class='ocr_line' id='line_1_8' title="bbox 56 654 1446 719; baseline 0.006 -21"><span class='ocrx_word' id='word_1_67' title='bbox 56 654 382 700; x_wconf 58' lang='lat' dir='ltr'>fateborsDeum</span> <span class='ocrx_word' id='word_1_68' title='bbox 394 692 404 712; x_wconf 84' lang='lat'>,</span> <span class='ocrx_word' id='word_1_69' title='bbox 431 673 519 716; x_wconf 86' lang='lat' dir='ltr'>quo</span> <span class='ocrx_word' id='word_1_70' title='bbox 537 659 647 703; x_wconf 89' lang='lat' dir='ltr'>nihil</span> <span class='ocrx_word' id='word_1_71' title='bbox 659 660 854 719; x_wconf 89' lang='lat' dir='ltr'>superius</span> <span class='ocrx_word' id='word_1_72' title='bbox 870 676 959 706; x_wconf 88' lang='lat' dir='ltr'>esse</span> <span class='ocrx_word' id='word_1_73' title='bbox 981 662 1240 706; x_wconf 88' lang='lat' dir='ltr'>constiterit.</span> <span class='ocrx_word' id='word_1_74' title='bbox 1258 666 1310 706; x_wconf 86' lang='lat' dir='ltr'>A.</span> <span class='ocrx_word' id='word_1_75' title='bbox 1328 666 1446 706; x_wconf 86' lang='lat' dir='ltr'>Bene</span> 
     </span>
     <span class='ocr_line' id='line_1_9' title="bbox 55 724 1451 790; baseline 0.005 -22"><span class='ocrx_word' id='word_1_76' title='bbox 55 724 189 769; x_wconf 85' lang='lat' dir='ltr'>habet</span> <span class='ocrx_word' id='word_1_77' title='bbox 210 744 219 770; x_wconf 88' lang='grc'>;</span> <span class='ocrx_word' id='word_1_78' title='bbox 244 741 347 769; x_wconf 87' lang='lat' dir='ltr'>nam</span> <span class='ocrx_word' id='word_1_79' title='bbox 367 726 476 770; x_wconf 87' lang='lat' dir='ltr'>mihi</span> <span class='ocrx_word' id='word_1_80' title='bbox 497 729 597 772; x_wconf 86' lang='lat' dir='ltr'>satis</span> <span class='ocrx_word' id='word_1_81' title='bbox 626 730 708 774; x_wconf 89' lang='lat' dir='ltr'>erit</span> <span class='ocrx_word' id='word_1_82' title='bbox 729 729 958 775; x_wconf 83' lang='lat' dir='ltr'>ostendere</span> <span class='ocrx_word' id='word_1_83' title='bbox 981 746 1070 775; x_wconf 89' lang='lat' dir='ltr'>esse</span> <span class='ocrx_word' id='word_1_84' title='bbox 1093 731 1261 790; x_wconf 89' lang='lat' dir='ltr'>aliquid</span> <span class='ocrx_word' id='word_1_85' title='bbox 1294 732 1451 790; x_wconf 85' lang='lat' dir='ltr'>hujus-</span> 
     </span>
    </p>
   </div>
   <div class='ocr_carea' id='block_1_3' title="bbox 54 794 1449 924">
    <p class='ocr_par' dir='ltr' id='par_1_3' title="bbox 54 794 1449 924">
     <span class='ocr_line' id='line_1_10' title="bbox 54 794 1448 860; baseline 0.004 -22"><span class='ocrx_word' id='word_1_86' title='bbox 54 794 199 850; x_wconf 84' lang='lat' dir='ltr'>modi,</span> <span class='ocrx_word' id='word_1_87' title='bbox 225 796 346 855; x_wconf 89' lang='lat' dir='ltr'>quod</span> <span class='ocrx_word' id='word_1_88' title='bbox 367 806 443 841; x_wconf 88' lang='lat' dir='ltr'>aut</span> <span class='ocrx_word' id='word_1_89' title='bbox 465 795 669 843; x_wconf 82' lang='lat' dir='ltr'>fateberis</span> <span class='ocrx_word' id='word_1_90' title='bbox 689 803 829 845; x_wconf 87' lang='lat' dir='ltr'>Deum</span> <span class='ocrx_word' id='word_1_91' title='bbox 846 816 952 856; x_wconf 86' lang='lat' dir='ltr'>esse,</span> <span class='ocrx_word' id='word_1_92' title='bbox 977 810 1052 845; x_wconf 89' lang='lat' dir='ltr'>aut</span> <span class='ocrx_word' id='word_1_93' title='bbox 1071 801 1106 845; x_wconf 87' lang='lat' dir='ltr'>si</span> <span class='ocrx_word' id='word_1_94' title='bbox 1127 800 1296 860; x_wconf 80' lang='lat' dir='ltr'>aliquid</span> <span class='ocrx_word' id='word_1_95' title='bbox 1317 814 1448 858; x_wconf 85' lang='lat' dir='ltr'>supra</span> 
     </span>
     <span class='ocr_line' id='line_1_11' title="bbox 54 866 1449 924; baseline 0.001 -20"><span class='ocrx_word' id='word_1_96' title='bbox 54 874 143 916; x_wconf 84' lang='lat' dir='ltr'>est,</span> <span class='ocrx_word' id='word_1_97' title='bbox 169 879 270 903; x_wconf 87' lang='lat' dir='ltr'>eum</span> <span class='ocrx_word' id='word_1_98' title='bbox 292 866 436 919; x_wconf 86' lang='lat' dir='ltr'>ipsum</span> <span class='ocrx_word' id='word_1_99' title='bbox 467 870 609 905; x_wconf 81' lang='lat' dir='ltr'>Deum</span> <span class='ocrx_word' id='word_1_100' title='bbox 642 884 732 904; x_wconf 66' lang='lat' dir='ltr'>esst:</span> <span class='ocrx_word' id='word_1_101' title='bbox 765 868 992 905; x_wconf 67' lang='lat' dir='ltr'>concedes.</span> <span class='ocrx_word' id='word_1_102' title='bbox 1027 875 1167 914; x_wconf 68' lang='lat' dir='ltr'>Quam</span> <span class='ocrx_word' id='word_1_103' title='bbox 1195 870 1283 906; x_wconf 77' lang='lat' dir='ltr'>sive</span> <span class='ocrx_word' id='word_1_104' title='bbox 1320 884 1449 924; x_wconf 84' lang='lat' dir='ltr'>supra</span> 
     </span>
    </p>
   </div>
   <div class='ocr_carea' id='block_1_4' title="bbox 19 929 1472 2464">
    <p class='ocr_par' dir='ltr' id='par_1_4' title="bbox 53 929 1447 1189">
     <span class='ocr_line' id='line_1_12' title="bbox 54 929 1446 990; baseline 0.001 -15"><span class='ocrx_word' id='word_1_105' title='bbox 54 931 108 975; x_wconf 91' lang='lat' dir='ltr'>sit</span> <span class='ocrx_word' id='word_1_106' title='bbox 141 929 333 990; x_wconf 80' lang='lat' dir='ltr'>aliquid,</span> <span class='ocrx_word' id='word_1_107' title='bbox 368 930 456 974; x_wconf 90' lang='lat' dir='ltr'>sive</span> <span class='ocrx_word' id='word_1_108' title='bbox 490 945 580 974; x_wconf 89' lang='lat' dir='ltr'>non</span> <span class='ocrx_word' id='word_1_109' title='bbox 608 930 689 986; x_wconf 84' lang='lat' dir='ltr'>sit,</span> <span class='ocrx_word' id='word_1_110' title='bbox 728 930 1007 975; x_wconf 83' lang='lat' dir='ltr'>manifestum</span> <span class='ocrx_word' id='word_1_111' title='bbox 1040 931 1121 975; x_wconf 90' lang='lat' dir='ltr'>erit</span> <span class='ocrx_word' id='word_1_112' title='bbox 1155 934 1295 975; x_wconf 89' lang='lat' dir='ltr'>Deum</span> <span class='ocrx_word' id='word_1_113' title='bbox 1330 948 1446 990; x_wconf 88' lang='lat' dir='ltr'>esse,</span> 
     </span>
     <span class='ocr_line' id='line_1_13' title="bbox 55 1001 1446 1062; baseline 0.003 -16"><span class='ocrx_word' id='word_1_114' title='bbox 55 1017 155 1047; x_wconf 87' lang='lat' dir='ltr'>cum</span> <span class='ocrx_word' id='word_1_115' title='bbox 189 1016 269 1061; x_wconf 83' lang='lat' dir='ltr'>ego</span> <span class='ocrx_word' id='word_1_116' title='bbox 313 1002 433 1061; x_wconf 89' lang='lat' dir='ltr'>quod</span> <span class='ocrx_word' id='word_1_117' title='bbox 475 1001 653 1061; x_wconf 83' lang='lat' dir='ltr'>promisi</span> <span class='ocrx_word' id='word_1_118' title='bbox 689 1017 777 1046; x_wconf 90' lang='lat' dir='ltr'>esse</span> <span class='ocrx_word' id='word_1_119' title='bbox 814 1017 943 1062; x_wconf 81' lang='lat' dir='ltr'>supra</span> <span class='ocrx_word' id='word_1_120' title='bbox 984 1002 1195 1047; x_wconf 86' lang='lat' dir='ltr'>rationem</span> <span class='ocrx_word' id='word_1_121' title='bbox 1222 1037 1233 1057; x_wconf 84' lang='grc'>,</span> <span class='ocrx_word' id='word_1_122' title='bbox 1293 1004 1446 1050; x_wconf 91' lang='lat' dir='ltr'>eodem</span> 
     </span>
     <span class='ocr_line' id='line_1_14' title="bbox 54 1072 1447 1133; baseline 0.001 -15"><span class='ocrx_word' id='word_1_123' title='bbox 54 1073 146 1133; x_wconf 86' lang='lat' dir='ltr'>ipso</span> <span class='ocrx_word' id='word_1_124' title='bbox 159 1072 391 1132; x_wconf 84' lang='lat' dir='ltr'>adjuvante</span> <span class='ocrx_word' id='word_1_125' title='bbox 409 1081 721 1117; x_wconf 87' lang='lat' dir='ltr'>monstravero.</span> <span class='ocrx_word' id='word_1_126' title='bbox 740 1075 791 1117; x_wconf 85' lang='lat' dir='ltr'>E.</span> <span class='ocrx_word' id='word_1_127' title='bbox 814 1076 1068 1118; x_wconf 86' lang='lat' dir='ltr'>Demonstra</span> <span class='ocrx_word' id='word_1_128' title='bbox 1085 1087 1187 1131; x_wconf 84' lang='lat' dir='ltr'>ergo</span> <span class='ocrx_word' id='word_1_129' title='bbox 1208 1073 1327 1132; x_wconf 91' lang='lat' dir='ltr'>quod</span> <span class='ocrx_word' id='word_1_130' title='bbox 1348 1074 1447 1133; x_wconf 90' lang='lat' dir='ltr'>pol—</span> 
     </span>
     <span class='ocr_line' id='line_1_15' title="bbox 53 1144 210 1189; baseline -0.006 -1"><span class='ocrx_word' id='word_1_131' title='bbox 53 1144 210 1189; x_wconf 88' lang='lat' dir='ltr'>liceris.</span> 
     </span>
    </p>

    <p class='ocr_par' dir='ltr' id='par_1_5' title="bbox 51 1214 1472 2393">
     <span class='ocr_line' id='line_1_16' title="bbox 113 1214 1446 1274; baseline 0.001 -15"><span class='ocrx_word' id='word_1_132' title='bbox 113 1218 208 1259; x_wconf 89' lang='lat' dir='ltr'>XV.</span> <span class='ocrx_word' id='word_1_133' title='bbox 245 1218 298 1259; x_wconf 88' lang='lat' dir='ltr'>A.</span> <span class='ocrx_word' id='word_1_134' title='bbox 326 1216 500 1260; x_wconf 82' lang='lat' dir='ltr'>Faciam</span> <span class='ocrx_word' id='word_1_135' title='bbox 523 1234 531 1259; x_wconf 88' lang='lat'><strong>:</strong></span> <span class='ocrx_word' id='word_1_136' title='bbox 558 1214 635 1259; x_wconf 90' lang='lat' dir='ltr'>sed</span> <span class='ocrx_word' id='word_1_137' title='bbox 656 1215 774 1274; x_wconf 88' lang='lat' dir='ltr'>prius</span> <span class='ocrx_word' id='word_1_138' title='bbox 797 1230 969 1274; x_wconf 75' lang='lat' dir='ltr'>quaero,</span> <span class='ocrx_word' id='word_1_139' title='bbox 996 1224 1146 1259; x_wconf 86' lang='lat' dir='ltr'>utrum</span> <span class='ocrx_word' id='word_1_140' title='bbox 1177 1230 1324 1259; x_wconf 89' lang='lat' dir='ltr'>sensus</span> <span class='ocrx_word' id='word_1_141' title='bbox 1347 1231 1446 1260; x_wconf 86' lang='lat' dir='ltr'>cor-</span> 
     </span>
     <span class='ocr_line' id='line_1_17' title="bbox 55 1285 1446 1346; baseline 0 -17"><span class='ocrx_word' id='word_1_142' title='bbox 55 1286 169 1346; x_wconf 88' lang='lat' dir='ltr'>poris</span> <span class='ocrx_word' id='word_1_143' title='bbox 190 1301 310 1329; x_wconf 90' lang='lat' dir='ltr'>meus</span> <span class='ocrx_word' id='word_1_144' title='bbox 335 1285 451 1329; x_wconf 88' lang='lat' dir='ltr'>idem</span> <span class='ocrx_word' id='word_1_145' title='bbox 479 1286 531 1328; x_wconf 89' lang='lat' dir='ltr'>sit</span> <span class='ocrx_word' id='word_1_146' title='bbox 556 1285 631 1344; x_wconf 86' lang='lat' dir='ltr'>qui</span> <span class='ocrx_word' id='word_1_147' title='bbox 651 1294 753 1329; x_wconf 91' lang='lat' dir='ltr'>tuus</span> <span class='ocrx_word' id='word_1_148' title='bbox 770 1319 780 1339; x_wconf 87' lang='lat'>,</span> <span class='ocrx_word' id='word_1_149' title='bbox 806 1300 862 1329; x_wconf 86' lang='lat' dir='ltr'>an</span> <span class='ocrx_word' id='word_1_150' title='bbox 888 1296 991 1329; x_wconf 86' lang='lat' dir='ltr'>vero</span> <span class='ocrx_word' id='word_1_151' title='bbox 1011 1300 1133 1328; x_wconf 89' lang='lat' dir='ltr'>meus</span> <span class='ocrx_word' id='word_1_152' title='bbox 1156 1300 1246 1329; x_wconf 88' lang='lat' dir='ltr'>non</span> <span class='ocrx_word' id='word_1_153' title='bbox 1275 1285 1329 1328; x_wconf 86' lang='lat' dir='ltr'>sit</span> <span class='ocrx_word' id='word_1_154' title='bbox 1363 1285 1446 1329; x_wconf 90' lang='lat' dir='ltr'>nisi</span> 
     </span>
     <span class='ocr_line' id='line_1_18' title="bbox 55 1354 1441 1414; baseline 0 -14"><span class='ocrx_word' id='word_1_155' title='bbox 55 1371 177 1401; x_wconf 90' lang='lat' dir='ltr'>meus</span> <span class='ocrx_word' id='word_1_156' title='bbox 193 1391 204 1411; x_wconf 85' lang='lat'>‚</span> <span class='ocrx_word' id='word_1_157' title='bbox 230 1365 273 1399; x_wconf 90' lang='lat' dir='ltr'>et</span> <span class='ocrx_word' id='word_1_158' title='bbox 294 1365 394 1400; x_wconf 89' lang='lat' dir='ltr'>tuus</span> <span class='ocrx_word' id='word_1_159' title='bbox 423 1370 513 1399; x_wconf 90' lang='lat' dir='ltr'>non</span> <span class='ocrx_word' id='word_1_160' title='bbox 534 1355 587 1399; x_wconf 92' lang='lat' dir='ltr'>sit</span> <span class='ocrx_word' id='word_1_161' title='bbox 609 1354 689 1398; x_wconf 89' lang='lat' dir='ltr'>nisi</span> <span class='ocrx_word' id='word_1_162' title='bbox 719 1363 821 1398; x_wconf 88' lang='lat' dir='ltr'>tuus</span> <span class='ocrx_word' id='word_1_163' title='bbox 846 1373 854 1398; x_wconf 74' lang='grc' dir='ltr'>ε</span> <span class='ocrx_word' id='word_1_164' title='bbox 880 1354 1002 1414; x_wconf 87' lang='lat' dir='ltr'>quod</span> <span class='ocrx_word' id='word_1_165' title='bbox 1028 1356 1061 1397; x_wconf 85' lang='lat' dir='ltr'>si</span> <span class='ocrx_word' id='word_1_166' title='bbox 1089 1370 1178 1398; x_wconf 89' lang='lat' dir='ltr'>non</span> <span class='ocrx_word' id='word_1_167' title='bbox 1213 1355 1272 1398; x_wconf 87' lang='lat' dir='ltr'>ita</span> <span class='ocrx_word' id='word_1_168' title='bbox 1304 1367 1441 1411; x_wconf 80' lang='lat' dir='ltr'>esset,</span> 
     </span>
     <span class='ocr_line' id='line_1_19' title="bbox 54 1423 1445 1486; baseline -0.001 -14"><span class='ocrx_word' id='word_1_169' title='bbox 54 1443 142 1472; x_wconf 91' lang='lat' dir='ltr'>non</span> <span class='ocrx_word' id='word_1_170' title='bbox 169 1442 338 1486; x_wconf 91' lang='lat' dir='ltr'>possem</span> <span class='ocrx_word' id='word_1_171' title='bbox 360 1441 436 1486; x_wconf 88' lang='lat' dir='ltr'>per</span> <span class='ocrx_word' id='word_1_172' title='bbox 458 1425 607 1470; x_wconf 89' lang='lat' dir='ltr'>oeulos</span> <span class='ocrx_word' id='word_1_173' title='bbox 627 1441 746 1470; x_wconf 90' lang='lat' dir='ltr'>meos</span> <span class='ocrx_word' id='word_1_174' title='bbox 768 1424 915 1469; x_wconf 89' lang='lat' dir='ltr'>videre</span> <span class='ocrx_word' id='word_1_175' title='bbox 938 1423 1121 1484; x_wconf 71' lang='lat' dir='ltr'>aliquid,</span> <span class='ocrx_word' id='word_1_176' title='bbox 1146 1425 1264 1484; x_wconf 85' lang='lat' dir='ltr'>quod</span> <span class='ocrx_word' id='word_1_177' title='bbox 1290 1434 1338 1469; x_wconf 89' lang='lat' dir='ltr'>tu</span> <span class='ocrx_word' id='word_1_178' title='bbox 1355 1442 1445 1470; x_wconf 90' lang='lat' dir='ltr'>non</span> 
     </span>
     <span class='ocr_line' id='line_1_20' title="bbox 53 1494 1472 1556; baseline -0.004 -13"><span class='ocrx_word' id='word_1_179' title='bbox 53 1498 233 1544; x_wconf 85' lang='lat' dir='ltr'>videres.</span> <span class='ocrx_word' id='word_1_180' title='bbox 258 1501 309 1542; x_wconf 90' lang='lat' dir='ltr'>E.</span> <span class='ocrx_word' id='word_1_181' title='bbox 335 1497 540 1544; x_wconf 83' lang='lat' dir='ltr'>Concedo</span> <span class='ocrx_word' id='word_1_182' title='bbox 562 1512 761 1556; x_wconf 84' lang='lat' dir='ltr'>prorsus,</span> <span class='ocrx_word' id='word_1_183' title='bbox 798 1496 994 1556; x_wconf 87' lang='lat' dir='ltr'>quamvis</span> <span class='ocrx_word' id='word_1_184' title='bbox 1025 1494 1219 1555; x_wconf 85' lang='lat' dir='ltr'>ejusdem</span> <span class='ocrx_word' id='word_1_185' title='bbox 1243 1497 1411 1555; x_wconf 76' lang='lat' dir='ltr'>generis</span> <span class='ocrx_word' id='word_1_186' title='bbox 1430 1531 1441 1551; x_wconf 87' lang='lat'>‚</span> <span class='ocrx_word' id='word_1_187' title='bbox 1467 1534 1472 1537; x_wconf 70' lang='grc'>,</span> 
     </span>
     <span class='ocr_line' id='line_1_21' title="bbox 56 1563 1440 1625; baseline -0.001 -14"><span class='ocrx_word' id='word_1_188' title='bbox 56 1577 199 1613; x_wconf 89' lang='lat' dir='ltr'>tamen</span> <span class='ocrx_word' id='word_1_189' title='bbox 221 1567 410 1625; x_wconf 83' lang='lat' dir='ltr'>singulos</span> <span class='ocrx_word' id='word_1_190' title='bbox 431 1582 509 1611; x_wconf 92' lang='lat' dir='ltr'>nos</span> <span class='ocrx_word' id='word_1_191' title='bbox 527 1566 685 1610; x_wconf 87' lang='lat' dir='ltr'>habere</span> <span class='ocrx_word' id='word_1_192' title='bbox 703 1581 851 1610; x_wconf 85' lang='lat' dir='ltr'>sensus</span> <span class='ocrx_word' id='word_1_193' title='bbox 868 1601 878 1620; x_wconf 83' lang='lat'>,</span> <span class='ocrx_word' id='word_1_194' title='bbox 904 1564 1097 1618; x_wconf 87' lang='lat' dir='ltr'>videndi,</span> <span class='ocrx_word' id='word_1_195' title='bbox 1124 1563 1192 1609; x_wconf 84' lang='lat' dir='ltr'>vel</span> <span class='ocrx_word' id='word_1_196' title='bbox 1216 1565 1440 1621; x_wconf 86' lang='lat' dir='ltr'>audiendi,</span> 
     </span>
     <span class='ocr_line' id='line_1_22' title="bbox 53 1634 1438 1696; baseline -0.001 -15"><span class='ocrx_word' id='word_1_197' title='bbox 53 1637 122 1681; x_wconf 92' lang='lat' dir='ltr'>vel</span> <span class='ocrx_word' id='word_1_198' title='bbox 149 1635 367 1696; x_wconf 84' lang='lat' dir='ltr'>quoslibet</span> <span class='ocrx_word' id='word_1_199' title='bbox 398 1636 501 1680; x_wconf 86' lang='lat' dir='ltr'>alios</span> <span class='ocrx_word' id='word_1_200' title='bbox 534 1645 806 1680; x_wconf 88' lang='lat' dir='ltr'>caeterorum.</span> <span class='ocrx_word' id='word_1_201' title='bbox 833 1637 930 1680; x_wconf 92' lang='lat' dir='ltr'>Non</span> <span class='ocrx_word' id='word_1_202' title='bbox 952 1635 1068 1678; x_wconf 88' lang='lat' dir='ltr'>enim</span> <span class='ocrx_word' id='word_1_203' title='bbox 1090 1634 1231 1678; x_wconf 86' lang='lat' dir='ltr'>solum</span> <span class='ocrx_word' id='word_1_204' title='bbox 1263 1635 1412 1679; x_wconf 85' lang='lat' dir='ltr'>videre</span> <span class='ocrx_word' id='word_1_205' title='bbox 1428 1671 1438 1690; x_wconf 85' lang='lat'>‚</span> 
     </span>
     <span class='ocr_line' id='line_1_23' title="bbox 52 1704 1443 1764; baseline 0 -14"><span class='ocrx_word' id='word_1_206' title='bbox 52 1706 128 1750; x_wconf 91' lang='lat' dir='ltr'>sed</span> <span class='ocrx_word' id='word_1_207' title='bbox 159 1706 289 1749; x_wconf 83' lang='lat' dir='ltr'>etiam</span> <span class='ocrx_word' id='word_1_208' title='bbox 310 1704 461 1748; x_wconf 83' lang='lat' dir='ltr'>audire</span> <span class='ocrx_word' id='word_1_209' title='bbox 482 1714 624 1762; x_wconf 87' lang='lat' dir='ltr'>potest</span> <span class='ocrx_word' id='word_1_210' title='bbox 647 1704 800 1762; x_wconf 88' lang='lat' dir='ltr'>aliquis</span> <span class='ocrx_word' id='word_1_211' title='bbox 820 1705 1049 1749; x_wconf 90' lang='lat' dir='ltr'>hominum</span> <span class='ocrx_word' id='word_1_212' title='bbox 1072 1704 1193 1764; x_wconf 85' lang='lat' dir='ltr'>quod</span> <span class='ocrx_word' id='word_1_213' title='bbox 1215 1704 1322 1748; x_wconf 88' lang='lat' dir='ltr'>alius</span> <span class='ocrx_word' id='word_1_214' title='bbox 1353 1721 1443 1750; x_wconf 85' lang='lat' dir='ltr'>non</span> 
     </span>
     <span class='ocr_line' id='line_1_24' title="bbox 52 1773 1442 1835; baseline -0.001 -15"><span class='ocrx_word' id='word_1_215' title='bbox 52 1775 228 1830; x_wconf 87' lang='lat' dir='ltr'>audiat,</span> <span class='ocrx_word' id='word_1_216' title='bbox 265 1784 308 1819; x_wconf 91' lang='lat' dir='ltr'>et</span> <span class='ocrx_word' id='word_1_217' title='bbox 341 1773 459 1818; x_wconf 90' lang='lat' dir='ltr'>aliud</span> <span class='ocrx_word' id='word_1_218' title='bbox 488 1773 654 1833; x_wconf 88' lang='lat' dir='ltr'>aliquid</span> <span class='ocrx_word' id='word_1_219' title='bbox 690 1774 889 1833; x_wconf 85' lang='lat' dir='ltr'>quolibet</span> <span class='ocrx_word' id='word_1_220' title='bbox 925 1773 1008 1818; x_wconf 80' lang='lat' dir='ltr'>alio</span> <span class='ocrx_word' id='word_1_221' title='bbox 1044 1789 1172 1818; x_wconf 89' lang='lat' dir='ltr'>sensu</span> <span class='ocrx_word' id='word_1_222' title='bbox 1208 1775 1442 1835; x_wconf 86' lang='lat' dir='ltr'>quisquam</span> 
     </span>
     <span class='ocr_line' id='line_1_25' title="bbox 51 1843 1443 1905; baseline 0 -15"><span class='ocrx_word' id='word_1_223' title='bbox 51 1846 209 1891; x_wconf 86' lang='lat' dir='ltr'>sentire</span> <span class='ocrx_word' id='word_1_224' title='bbox 230 1844 351 1905; x_wconf 92' lang='lat' dir='ltr'>quod</span> <span class='ocrx_word' id='word_1_225' title='bbox 384 1844 491 1889; x_wconf 85' lang='lat' dir='ltr'>alius</span> <span class='ocrx_word' id='word_1_226' title='bbox 519 1860 609 1889; x_wconf 90' lang='lat' dir='ltr'>non</span> <span class='ocrx_word' id='word_1_227' title='bbox 640 1845 810 1889; x_wconf 89' lang='lat' dir='ltr'>sentiat.</span> <span class='ocrx_word' id='word_1_228' title='bbox 848 1845 971 1888; x_wconf 90' lang='lat' dir='ltr'>Unde</span> <span class='ocrx_word' id='word_1_229' title='bbox 999 1843 1278 1889; x_wconf 86' lang='lat' dir='ltr'>manifestum</span> <span class='ocrx_word' id='word_1_230' title='bbox 1312 1855 1376 1889; x_wconf 87' lang='lat' dir='ltr'>est</span> <span class='ocrx_word' id='word_1_231' title='bbox 1399 1855 1443 1890; x_wconf 91' lang='lat' dir='ltr'>et</span> 
     </span>
     <span class='ocr_line' id='line_1_26' title="bbox 51 1914 1436 1969; baseline -0.001 -9"><span class='ocrx_word' id='word_1_232' title='bbox 51 1925 179 1960; x_wconf 89' lang='lat' dir='ltr'>tuum</span> <span class='ocrx_word' id='word_1_233' title='bbox 198 1914 374 1959; x_wconf 88' lang='lat' dir='ltr'>nonnisi</span> <span class='ocrx_word' id='word_1_234' title='bbox 393 1923 534 1969; x_wconf 84' lang='lat' dir='ltr'>tuum,</span> <span class='ocrx_word' id='word_1_235' title='bbox 552 1924 595 1958; x_wconf 87' lang='lat' dir='ltr'>et</span> <span class='ocrx_word' id='word_1_236' title='bbox 609 1930 755 1958; x_wconf 91' lang='lat' dir='ltr'>meum</span> <span class='ocrx_word' id='word_1_237' title='bbox 772 1929 946 1958; x_wconf 90' lang='lat' dir='ltr'>sensum</span> <span class='ocrx_word' id='word_1_238' title='bbox 961 1930 1050 1959; x_wconf 90' lang='lat' dir='ltr'>non</span> <span class='ocrx_word' id='word_1_239' title='bbox 1063 1930 1152 1959; x_wconf 87' lang='lat' dir='ltr'>esse</span> <span class='ocrx_word' id='word_1_240' title='bbox 1166 1915 1247 1958; x_wconf 91' lang='lat' dir='ltr'>nisi</span> <span class='ocrx_word' id='word_1_241' title='bbox 1269 1931 1436 1959; x_wconf 88' lang='lat' dir='ltr'>meum.</span> 
     </span>
     <span class='ocr_line' id='line_1_27' title="bbox 51 1983 1441 2042; baseline -0.002 -11"><span class='ocrx_word' id='word_1_242' title='bbox 51 1987 105 2031; x_wconf 77' lang='lat' dir='ltr'>A.</span> <span class='ocrx_word' id='word_1_243' title='bbox 132 1987 225 2030; x_wconf 90' lang='lat' dir='ltr'>Hoc</span> <span class='ocrx_word' id='word_1_244' title='bbox 247 1983 363 2027; x_wconf 91' lang='lat' dir='ltr'>idem</span> <span class='ocrx_word' id='word_1_245' title='bbox 383 1984 662 2042; x_wconf 88' lang='lat' dir='ltr'>respondebis</span> <span class='ocrx_word' id='word_1_246' title='bbox 684 1983 739 2028; x_wconf 91' lang='lat' dir='ltr'>de</span> <span class='ocrx_word' id='word_1_247' title='bbox 755 1983 830 2028; x_wconf 79' lang='lat' dir='ltr'>illo</span> <span class='ocrx_word' id='word_1_248' title='bbox 846 1984 976 2028; x_wconf 86' lang='lat' dir='ltr'>etiam</span> <span class='ocrx_word' id='word_1_249' title='bbox 991 2000 1119 2029; x_wconf 90' lang='lat' dir='ltr'>sensu</span> <span class='ocrx_word' id='word_1_250' title='bbox 1139 1985 1363 2040; x_wconf 86' lang='lat' dir='ltr'>interiore,</span> <span class='ocrx_word' id='word_1_251' title='bbox 1385 2000 1441 2028; x_wconf 88' lang='lat' dir='ltr'>an</span> 
     </span>
     <span class='ocr_line' id='line_1_28' title="bbox 52 2052 1441 2115; baseline -0.002 -15"><span class='ocrx_word' id='word_1_252' title='bbox 52 2053 217 2114; x_wconf 69' lang='lat' dir='ltr'>aliquid</span> <span class='ocrx_word' id='word_1_253' title='bbox 240 2052 358 2098; x_wconf 87' lang='lat' dir='ltr'>aliud</span> <span class='ocrx_word' id='word_1_254' title='bbox 375 2054 392 2096; x_wconf 77' lang='grc' dir='ltr'><strong><em>Ρ</em></strong></span> <span class='ocrx_word' id='word_1_255' title='bbox 414 2056 465 2096; x_wconf 87' lang='grc' dir='ltr'>Ε.</span> <span class='ocrx_word' id='word_1_256' title='bbox 491 2053 607 2098; x_wconf 88' lang='lat' dir='ltr'>Nihil</span> <span class='ocrx_word' id='word_1_257' title='bbox 623 2068 724 2097; x_wconf 88' lang='lat' dir='ltr'>sane</span> <span class='ocrx_word' id='word_1_258' title='bbox 743 2053 877 2098; x_wconf 84' lang='lat' dir='ltr'>aliud.</span> <span class='ocrx_word' id='word_1_259' title='bbox 896 2057 1005 2100; x_wconf 88' lang='lat' dir='ltr'>Nam</span> <span class='ocrx_word' id='word_1_260' title='bbox 1023 2063 1066 2098; x_wconf 91' lang='lat' dir='ltr'>et</span> <span class='ocrx_word' id='word_1_261' title='bbox 1083 2053 1156 2098; x_wconf 80' lang='lat' dir='ltr'>ille</span> <span class='ocrx_word' id='word_1_262' title='bbox 1176 2055 1328 2115; x_wconf 86' lang='lat' dir='ltr'>utique</span> <span class='ocrx_word' id='word_1_263' title='bbox 1348 2070 1441 2099; x_wconf 91' lang='lat' dir='ltr'>sen-</span> 
     </span>
     <span class='ocr_line' id='line_1_29' title="bbox 52 2123 1440 2183; baseline -0.002 -14"><span class='ocrx_word' id='word_1_264' title='bbox 52 2139 147 2169; x_wconf 87' lang='lat' dir='ltr'>sum</span> <span class='ocrx_word' id='word_1_265' title='bbox 170 2138 317 2183; x_wconf 81' lang='lat' dir='ltr'>meum</span> <span class='ocrx_word' id='word_1_266' title='bbox 339 2123 469 2167; x_wconf 83' lang='lat' dir='ltr'>sentit</span> <span class='ocrx_word' id='word_1_267' title='bbox 490 2137 611 2166; x_wconf 90' lang='lat' dir='ltr'>meus</span> <span class='ocrx_word' id='word_1_268' title='bbox 630 2158 640 2177; x_wconf 88' lang='lat'>,</span> <span class='ocrx_word' id='word_1_269' title='bbox 668 2132 711 2167; x_wconf 88' lang='lat' dir='ltr'>et</span> <span class='ocrx_word' id='word_1_270' title='bbox 740 2133 867 2167; x_wconf 86' lang='lat' dir='ltr'>tuum</span> <span class='ocrx_word' id='word_1_271' title='bbox 899 2125 1029 2169; x_wconf 83' lang='lat' dir='ltr'>sentit</span> <span class='ocrx_word' id='word_1_272' title='bbox 1060 2134 1161 2168; x_wconf 88' lang='lat' dir='ltr'>tuus</span> <span class='ocrx_word' id='word_1_273' title='bbox 1186 2144 1194 2169; x_wconf 88' lang='lat'>:</span> <span class='ocrx_word' id='word_1_274' title='bbox 1220 2139 1321 2169; x_wconf 87' lang='lat' dir='ltr'>nam</span> <span class='ocrx_word' id='word_1_275' title='bbox 1343 2124 1440 2168; x_wconf 88' lang='lat' dir='ltr'>ideo</span> 
     </span>
     <span class='ocr_line' id='line_1_30' title="bbox 52 2193 1438 2255; baseline -0.002 -16"><span class='ocrx_word' id='word_1_276' title='bbox 52 2195 311 2255; x_wconf 85' lang='lat' dir='ltr'>plerumque</span> <span class='ocrx_word' id='word_1_277' title='bbox 333 2195 574 2251; x_wconf 80' lang='lat' dir='ltr'>interrogor</span> <span class='ocrx_word' id='word_1_278' title='bbox 596 2193 651 2237; x_wconf 84' lang='lat' dir='ltr'>ab</span> <span class='ocrx_word' id='word_1_279' title='bbox 669 2208 720 2238; x_wconf 91' lang='lat' dir='ltr'>eo</span> <span class='ocrx_word' id='word_1_280' title='bbox 736 2228 747 2248; x_wconf 87' lang='lat'>‚</span> <span class='ocrx_word' id='word_1_281' title='bbox 772 2195 847 2253; x_wconf 82' lang='lat' dir='ltr'>qui</span> <span class='ocrx_word' id='word_1_282' title='bbox 865 2193 1032 2254; x_wconf 79' lang='lat' dir='ltr'>aliquid</span> <span class='ocrx_word' id='word_1_283' title='bbox 1051 2195 1170 2240; x_wconf 90' lang='lat' dir='ltr'>videt</span> <span class='ocrx_word' id='word_1_284' title='bbox 1190 2205 1342 2239; x_wconf 86' lang='lat' dir='ltr'>utrum</span> <span class='ocrx_word' id='word_1_285' title='bbox 1355 2195 1438 2237; x_wconf 90' lang='lat' dir='ltr'>hoc</span> 
     </span>
     <span class='ocr_line' id='line_1_31' title="bbox 52 2262 1438 2322; baseline -0.002 -14"><span class='ocrx_word' id='word_1_286' title='bbox 52 2266 180 2309; x_wconf 88' lang='lat' dir='ltr'>etiam</span> <span class='ocrx_word' id='word_1_287' title='bbox 209 2279 289 2322; x_wconf 82' lang='lat' dir='ltr'>ego</span> <span class='ocrx_word' id='word_1_288' title='bbox 316 2263 485 2307; x_wconf 85' lang='lat' dir='ltr'>videam</span> <span class='ocrx_word' id='word_1_289' title='bbox 504 2298 514 2317; x_wconf 80' lang='grc'>,</span> <span class='ocrx_word' id='word_1_290' title='bbox 550 2264 652 2322; x_wconf 82' lang='lat' dir='ltr'>quia</span> <span class='ocrx_word' id='word_1_291' title='bbox 675 2277 753 2320; x_wconf 84' lang='lat' dir='ltr'>ego</span> <span class='ocrx_word' id='word_1_292' title='bbox 775 2279 845 2306; x_wconf 88' lang='lat' dir='ltr'>me</span> <span class='ocrx_word' id='word_1_293' title='bbox 882 2263 1027 2308; x_wconf 86' lang='lat' dir='ltr'>videre</span> <span class='ocrx_word' id='word_1_294' title='bbox 1062 2274 1136 2308; x_wconf 87' lang='lat' dir='ltr'>aut</span> <span class='ocrx_word' id='word_1_295' title='bbox 1168 2280 1257 2308; x_wconf 90' lang='lat' dir='ltr'>non</span> <span class='ocrx_word' id='word_1_296' title='bbox 1292 2262 1438 2306; x_wconf 88' lang='lat' dir='ltr'>videre</span> 
     </span>
     <span class='ocr_line' id='line_1_32' title="bbox 51 2333 1433 2393; baseline -0.003 -14"><span class='ocrx_word' id='word_1_297' title='bbox 51 2335 188 2380; x_wconf 87' lang='lat' dir='ltr'>sentio</span> <span class='ocrx_word' id='word_1_298' title='bbox 206 2369 216 2389; x_wconf 89' lang='lat'>,</span> <span class='ocrx_word' id='word_1_299' title='bbox 242 2349 332 2378; x_wconf 88' lang='lat' dir='ltr'>non</span> <span class='ocrx_word' id='word_1_300' title='bbox 348 2333 422 2377; x_wconf 85' lang='lat' dir='ltr'>ille</span> <span class='ocrx_word' id='word_1_301' title='bbox 442 2334 519 2393; x_wconf 85' lang='lat' dir='ltr'>qui</span> <span class='ocrx_word' id='word_1_302' title='bbox 543 2334 795 2392; x_wconf 77' lang='lat' dir='ltr'>interrogat.</span> <span class='ocrx_word' id='word_1_303' title='bbox 824 2336 874 2376; x_wconf 82' lang='lat' dir='ltr'>A.</span> <span class='ocrx_word' id='word_1_304' title='bbox 902 2333 1018 2386; x_wconf 87' lang='lat' dir='ltr'>Quid</span> <span class='ocrx_word' id='word_1_305' title='bbox 1040 2335 1176 2393; x_wconf 85' lang='lat' dir='ltr'>ipsam</span> <span class='ocrx_word' id='word_1_306' title='bbox 1198 2333 1433 2387; x_wconf 84' lang='lat' dir='ltr'>rationem,</span> 
     </span>
    </p>

    <p class='ocr_par' dir='ltr' id='par_1_6' title="bbox 19 2400 1434 2464">
     <span class='ocr_line' id='line_1_33' title="bbox 19 2400 1434 2464; baseline -0.004 -13"><span class='ocrx_word' id='word_1_307' title='bbox 19 2400 24 2418; x_wconf 68' lang='lat'>³</span> <span class='ocrx_word' id='word_1_308' title='bbox 51 2421 197 2451; x_wconf 87' lang='lat' dir='ltr'>nonne</span> <span class='ocrx_word' id='word_1_309' title='bbox 216 2405 517 2464; x_wconf 86' lang='lat' dir='ltr'>unusquisque</span> <span class='ocrx_word' id='word_1_310' title='bbox 536 2414 730 2449; x_wconf 87' lang='lat' dir='ltr'>nostrum</span> <span class='ocrx_word' id='word_1_311' title='bbox 753 2404 884 2448; x_wconf 81' lang='lat' dir='ltr'>habet</span> <span class='ocrx_word' id='word_1_312' title='bbox 904 2406 1058 2449; x_wconf 83' lang='lat' dir='ltr'>suam?</span> <span class='ocrx_word' id='word_1_313' title='bbox 1079 2402 1434 2463; x_wconf 87' lang='lat' dir='ltr'>quandoquidem</span> 
     </span>
    </p>
   </div>
   <div class='ocr_carea' id='block_1_5' title="bbox 19 2473 1433 2543">
    <p class='ocr_par' dir='ltr' id='par_1_7' title="bbox 19 2473 1433 2543">
     <span class='ocr_line' id='line_1_34' title="bbox 19 2473 1433 2543; baseline -0.001 -25"><span class='ocrx_word' id='word_1_314' title='bbox 19 2474 143 2543; x_wconf 32' lang='lat' dir='ltr'>{qfieri</span> <span class='ocrx_word' id='word_1_315' title='bbox 165 2484 305 2535; x_wconf 89' lang='lat' dir='ltr'>potest</span> <span class='ocrx_word' id='word_1_316' title='bbox 326 2484 376 2520; x_wconf 89' lang='lat' dir='ltr'>ut</span> <span class='ocrx_word' id='word_1_317' title='bbox 397 2490 477 2533; x_wconf 83' lang='lat' dir='ltr'>ego</span> <span class='ocrx_word' id='word_1_318' title='bbox 499 2473 665 2534; x_wconf 82' lang='lat' dir='ltr'>aliquid</span> <span class='ocrx_word' id='word_1_319' title='bbox 687 2474 924 2533; x_wconf 84' lang='lat' dir='ltr'>intelligam</span> <span class='ocrx_word' id='word_1_320' title='bbox 943 2509 954 2530; x_wconf 88' lang='lat'>,</span> <span class='ocrx_word' id='word_1_321' title='bbox 989 2489 1089 2519; x_wconf 90' lang='lat' dir='ltr'>cum</span> <span class='ocrx_word' id='word_1_322' title='bbox 1112 2482 1160 2519; x_wconf 89' lang='lat' dir='ltr'>tu</span> <span class='ocrx_word' id='word_1_323' title='bbox 1181 2473 1225 2517; x_wconf 90' lang='lat' dir='ltr'>id</span> <span class='ocrx_word' id='word_1_324' title='bbox 1255 2487 1343 2517; x_wconf 92' lang='lat' dir='ltr'>non</span> <span class='ocrx_word' id='word_1_325' title='bbox 1365 2473 1433 2516; x_wconf 92' lang='lat' dir='ltr'>in-</span> 
     </span>
    </p>
   </div>
  </div>
 </body>
</html>
