1729 3143
608 208 662 233 DE
690 207 880 233 CANTICO.
1363 195 1443 234 135

65 285 159 319 tura
182 273 285 317 dicit
306 292 313 317 :
344 275 531 330 «Ignem
551 281 593 315 et
610 285 766 330 aquam
789 289 797 314 :
823 271 877 314 ad
901 269 1020 330 qnod
1043 269 1228 314 volueris
1243 305 1254 324 ‚
1279 270 1444 330 inquit5

65 363 86 387 i)
108 345 280 404 porrige
296 358 475 387 manum
498 344 659 385 tuam¹.
683 359 702 380 n
729 339 873 398 Elegit
890 340 1054 398 ignem,
1073 339 1249 399 reliquit
1270 356 1445 400 aquam.

65 414 219 459 Videte
232 416 398 474 justum
409 410 617 471 jndicem.
637 409 766 462 Quod
788 407 918 467 elegit
938 411 1071 453 homo
1087 409 1197 454 liber
1211 445 1223 466 ,
1253 411 1418 470 accepit
1438 432 1447 456 :

64 484 230 529 malum
247 481 401 537 voluit,
419 483 502 525 hoc
517 479 642 523 illum
660 487 858 523 secutum
871 487 948 522 est.
968 480 1121 524 Videte
1139 495 1310 525 rursum
1324 479 1451 526 illum

59 556 225 615 justum
258 552 453 612 judicem
490 548 830 594 misericordiam
861 548 1110 593 facientem.
1143 553 1254 595 Cum
1286 551 1455 596 videret

63 624 184 684 quod
205 624 338 666 homo
356 629 491 665 totam
510 620 689 679 stirpem
707 633 828 663 suam
844 652 855 673 ,
884 617 997 662 male
1019 634 1120 662 usus
1140 618 1278 664 libero
1299 621 1456 666 volun*

61 694 160 738 tatis
182 691 387 746 arbitrio,
411 691 458 734 in
486 706 531 734 se
558 699 768 750 tanquam
797 689 844 733 in
881 688 1026 733 radice
1055 687 1326 746 damnasset,
1366 693 1456 751 ipse

63 778 153 808 non
183 770 357 820 rogatus
390 761 445 805 de
481 760 597 805 coelo
627 760 878 815 descendit,
917 768 961 804 et
996 760 1221 804 hominem
1254 762 1459 821 superbia

62 841 317 893 pereuntem
333 866 344 887 ‚
369 846 445 876 sua
465 831 714 875 humilitate
731 831 899 875 sanavit
920 850 929 876 :
954 840 1147 875 errantes
1167 831 1372 890 perduxit
1401 832 1457 876 ad

60 904 173 949 viam
189 938 199 956 ‚
223 903 472 962 peregrinos
491 901 696 962 perducit
714 902 766 946 ad
786 902 986 962 patriam.
1007 904 1106 947 Non
1127 916 1229 960 ergo
1252 902 1460 960 glorietur

63 973 257 1017 humana
274 981 430 1016 natura
452 973 508 1016 de
529 987 596 1027 se,
621 972 698 1016 sed
723 973 770 1016 in
792 988 843 1016 eo
861 971 1071 1031 glorietur
1093 972 1170 1032 qui
1192 969 1297 1016 lecit
1318 987 1379 1016 se.

139 1046 217 1086 IX;
262 1046 467 1084 Jamvero
509 1052 679 1082 caeterae
722 1052 850 1083 sectae
886 1043 1193 1086 haereticorum
1236 1043 1459 1087 Christum

59 1112 173 1157 viam
190 1109 520 1170 praedicantium
534 1143 545 1162 ,
574 1107 647 1151 sed
666 1106 797 1165 longe
819 1122 842 1150 a
865 1107 933 1150 via
949 1108 1188 1151 errantium
1202 1142 1214 1163 ‚
1241 1124 1328 1154 una
1351 1126 1459 1156 voce

61 1181 195 1240 ipsius
219 1193 335 1222 verae
360 1178 441 1222 viae
458 1177 783 1221 convincuntur
801 1185 933 1237 atque
950 1176 1285 1223 confunduntur
1308 1180 1459 1225 dicen-

61 1251 147 1294 tis:
179 1247 344 1293 «Multi
376 1247 482 1290 mihi
508 1246 656 1290 dicent
687 1247 734 1290 in
768 1245 844 1290 illo
875 1246 975 1291 die:
1003 1248 1216 1303 Domine,
1243 1250 1455 1308 Domine,

65 1338 88 1362 »
122 1335 270 1364 nonne
291 1320 337 1362 in
354 1327 433 1362 tuo
454 1317 630 1361 nomine
653 1318 1010 1376 prophetavimus
1026 1353 1037 1373 ,
1058 1327 1102 1362 et
1122 1319 1168 1363 in
1185 1327 1264 1364 tuo
1281 1322 1459 1366 nomine

65 1409 87 1433 »
122 1390 339 1434 daemonia
361 1390 566 1450 ejecimus
581 1424 592 1443 ‚
614 1399 656 1432 et
672 1389 718 1432 in
735 1397 812 1433 tuo
828 1389 1006 1433 nomine
1020 1391 1201 1435 virtutes
1220 1390 1381 1437 multas
1397 1394 1458 1437 fe·

65 1480 86 1504 >³
121 1463 288 1506 cimus?
309 1465 366 1505 Et
389 1470 496 1505 tunc
528 1460 671 1503 dicam
694 1461 783 1504 eis:
814 1463 913 1505 Non
946 1461 1049 1504 novi
1077 1476 1182 1507 vos:
1212 1462 1403 1508 recedite
1433 1480 1458 1509 a

64 1551 86 1575 »
121 1548 192 1577 me
210 1547 361 1577 omnes
376 1532 453 1591 qui
471 1532 637 1590 operati
654 1531 753 1574 estis
774 1530 1049 1590 iniquitatem
1061 1535 1094 1575 ².
1116 1549 1136 1573 »
1163 1531 1268 1578 Ideo
1290 1535 1457 1593 operati

63 1603 163 1647 estis
197 1603 499 1662 iniquitatem,
528 1602 631 1661 quia
668 1600 874 1645 Ecclesiae
902 1616 1011 1645 meae
1043 1604 1329 1661 perturbastis
1355 1605 1456 1649 uni-

63 1682 213 1718 tatem.

120 1745 178 1786 X.
213 1744 300 1786 Vos
333 1750 479 1786 autem
500 1740 645 1785 fidelia
667 1741 860 1799 germina
883 1750 1044 1786 sanctae
1072 1744 1220 1787 matris
1248 1745 1455 1790 Ecclesiae

63 1812 291 1857 catholicae
313 1828 391 1872 per
417 1814 671 1857 universum
688 1811 907 1855 mundum
930 1811 1103 1856 diflusae
1119 1849 1130 1868 ,
1150 1813 1290 1872 fugite
1307 1831 1458 1861 omnes

62 1882 262 1926 haereses.
297 1883 377 1926 «Si
400 1882 496 1942 quis
527 1881 646 1925 aliud
673 1880 1032 1941 evangelizaverit
1052 1884 1199 1940 vobis,
1226 1886 1457 1931 anathema

65 1970 86 1993 »
122 1953 220 1997 sit3.
241 1971 261 1993 »
289 1955 445 1996 Rectos
471 1968 619 1996 cursus
644 1951 771 1996 facite
801 1952 985 2012 pedibus
1008 1955 1158 1999 vestris
1179 1975 1188 2000 ε
1213 1972 1302 2001 non
1323 1956 1454 2001 decli-

63 2022 174 2066 netis
191 2038 270 2066 nec
290 2024 344 2066 ad
366 2023 585 2067 dexteram
603 2022 931 2082 praesumendo,
951 2040 1031 2068 nec
1045 2025 1100 2069 ad
1118 2025 1333 2070 sinistram
1352 2026 1453 2070 des-

64 2094 273 2152 perando.
300 2094 471 2136 Currite
500 2095 706 2139 velociter
734 2105 895 2139 rectam
924 2097 1038 2140 viam
1071 2116 1080 2142 :
1108 2098 1201 2157 ipsa
1235 2098 1350 2142 enim
1378 2115 1454 2144 vos

65 2162 266 2222 perducit
289 2161 343 2206 ad
367 2162 578 2221 patriam3
603 2163 658 2207 ad
677 2163 795 2208 illam
818 2166 1001 2224 patriam
1020 2169 1143 2228 cujus
1167 2170 1281 2214 cives
1299 2170 1456 2228 Angeli

66 2245 168 2277 sunt
183 2268 194 2287 ,
226 2235 351 2293 cujus
377 2233 591 2292 templum
612 2237 750 2289 Deus,
772 2237 895 2295 cujus
912 2238 1119 2296 splendor
1143 2240 1279 2284 Filius
1295 2276 1305 2296 ‚
1332 2243 1455 2302 cujus

65 2303 249 2347 charitas
281 2304 464 2361 Spiritus
498 2314 703 2361 sanctus;
744 2305 892 2350 civitas
915 2318 1060 2352 sancta
1077 2344 1088 2363 ‚
1123 2310 1272 2355 civitas
1297 2311 1451 2364 beata3

67 2372 217 2416 civitas
249 2372 327 2415 ubi
356 2373 502 2417 nullus
536 2375 647 2432 perit
678 2375 870 2431 amicus,
903 2393 992 2437 quo
1021 2378 1169 2423 nullus
1209 2380 1455 2426 admittitur

67 2441 289 2496 inimicus,
327 2442 403 2485 ubi
425 2442 572 2487 nullus
603 2445 813 2501 moritur,
839 2447 942 2505 quia
975 2447 1124 2494 nullus
1146 2450 1312 2509 oritur3
1349 2452 1453 2496 nul-

122 2530 129 2545 ¹
149 2524 245 2556 Eccli.
268 2535 449 2566 xv‚12·.—
466 2533 477 2547 ²
497 2526 766 2569 Matri-.v1x,22,
791 2528 927 2560 23.—3
950 2530 1108 2572 Ga1.1,9.
