1729 3143
482 255 536 280 DE
567 254 778 291 sYMBOLo‚
804 254 942 281 selmo
975 254 1039 280 111.
1401 243 1454 279 77

74 317 260 362 tenebris
289 326 565 376 peccatorum
600 316 858 362 obvolutum
881 352 891 372 ‚
923 321 1062 361 Deum
1092 316 1249 376 quaerit
1276 315 1455 361 videre?

73 406 94 430 «
118 391 214 432 Lux
241 387 358 432 lucet
387 389 432 432 in
461 388 649 432 tenebris
665 421 676 441 ‚
703 386 778 430 sed
806 389 999 431 tenebrae
1027 402 1122 432 eam
1142 402 1232 431 non
1254 401 1455 446 compre—

71 475 91 497 »
116 456 367 502 henderunt
380 460 411 502 1.
435 475 455 498 »
475 456 702 516 Numquid
717 456 820 516 quia
839 472 978 500 caecus
998 472 1087 500 non
1103 455 1244 511 videt,
1264 456 1364 501 ideo
1379 456 1456 501 lux

67 543 157 572 non
177 528 320 573 lucet?
343 528 386 572 Si
405 542 567 580 nosses,
592 542 618 571 o
640 525 852 581 infidelis,
878 525 1021 570 dicere
1041 530 1131 571 Deo
1147 542 1275 571 vero:
1299 545 1319 569 «
1344 527 1456 572 Illu-

69 614 90 637 »
116 598 232 641 mina
255 596 404 641 oculos
426 611 544 640 meos
561 599 595 651 ²,
623 613 644 637 »
669 594 838 640 videres
860 596 1091 640 nobiscum
1117 612 1236 641 nunc
1257 612 1334 656 per
1355 612 1455 657 spe-

65 667 214 711 culum
236 668 282 710 in
304 668 533 725 aenigmate
549 669 588 722 3,
615 676 665 711 ut
686 667 822 726 possis
842 667 991 712 videre
1009 665 1116 711 facie
1138 667 1195 710 ad
1212 668 1383 712 faciem.
1411 670 1455 714 Si

64 750 114 780 ex
141 737 344 796 operibus
371 736 634 794 intelligeres
657 737 868 782 artificem
885 772 896 793 ‚
928 752 979 781 ex
1004 745 1200 781 creatura
1223 738 1455 796 conjiceres

63 815 314 852 creatorem.
345 808 389 852 Si
412 822 712 866 expavesceres
735 808 781 851 in
813 817 857 852 te
874 843 885 863 ,
911 808 1014 867 quia
1043 823 1132 852 non
1163 817 1307 852 totum
1339 810 1455 868 capis

63 885 106 920 te
124 911 134 931 ‚
158 892 409 935 agnosceres
430 881 571 922 Deum
588 878 665 938 qui
682 877 787 922 fecit
805 887 862 923 te.
880 881 979 924 Non
996 878 1113 922 enim
1129 878 1248 922 vides
1265 879 1454 923 animam

65 954 209 1001 tuam,
235 963 336 991 cum
372 947 519 991 omnia
545 947 692 992 videat
721 948 863 992 anima
892 957 965 993 tua
997 963 1075 1008 per
1110 964 1284 993 carnem
1312 957 1450 992 tuam.

61 1018 152 1059 Aut
180 1017 214 1060 si
251 1016 372 1061 vides
411 1018 598 1062 animam
620 1027 768 1071 tuam,
801 1017 870 1062 dic
904 1018 1010 1062 mihi
1039 1018 1177 1078 qualis
1197 1018 1268 1063 vel
1288 1028 1453 1078 quanta

61 1085 115 1127 sit
140 1103 148 1127 :
176 1095 324 1127 utrum
345 1085 534 1143 quadra,
555 1099 612 1127 an
632 1085 847 1141 rotund-013
872 1096 1020 1127 utrum
1042 1087 1171 1140 lenis,
1193 1104 1248 1129 an
1271 1104 1419 1146 aspera
1437 1122 1448 1143 ,

0 1181 1 1187 =
61 1164 209 1199 utrum
243 1153 382 1199 calida
406 1190 416 1209 ‚
459 1170 514 1198 an
550 1153 708 1213 frigida
727 1176 738 1213 3
772 1164 923 1199 utrum
960 1155 1140 1216 alicujus
1183 1157 1362 1214 coloris,
1396 1175 1451 1202 an

61 1225 179 1270 omni
214 1224 358 1268 colore
393 1239 556 1268 carens.
590 1225 755 1279 Video,
786 1224 935 1269 deficis
963 1245 972 1270 2
1003 1226 1231 1271 ostendere
1261 1229 1451 1273 animam

61 1304 181 1339 tuam
202 1294 340 1353 qualis
363 1295 446 1349 sit,
484 1309 573 1338 non
607 1304 744 1352 potes.
787 1298 901 1339 Ecce
935 1295 1189 1340 immortalis
1217 1307 1281 1341 est
1307 1300 1450 1342 anima

60 1372 134 1408 tua
146 1398 156 1417 ,
177 1372 220 1406 et
238 1363 423 1407 vivificat
442 1363 669 1407 mortalem
687 1378 861 1407 carnem
880 1373 1015 1406 tuam.
1037 1366 1335 1411 Immortalem
1351 1368 1450 1413 dico

61 1435 248 1478 animam
265 1442 386 1477 tuam
405 1433 459 1476 ad
481 1442 733 1491 utrumque.
765 1434 807 1477 Si
829 1435 967 1478 credit
985 1470 994 1487 ,
1027 1435 1284 1478 immortalis
1307 1447 1370 1481 est
1393 1439 1450 1483 ad

61 1505 193 1549 vitam
219 1523 228 1548 :
253 1506 287 1548 si
314 1519 403 1548 non
426 1503 564 1546 credit
582 1537 592 1557 ‚
620 1503 876 1547 immortalis
904 1514 967 1548 est
998 1504 1052 1548 ad
1075 1520 1267 1563 poenam.
1294 1507 1448 1551 Credi-

60 1590 157 1619 mus
193 1588 293 1631 ergo
335 1577 474 1617 Deum
510 1573 798 1617 immortalem
824 1584 866 1618 et
891 1575 1179 1631 invisibilem3
1205 1591 1293 1619 non
1322 1575 1448 1621 illum

61 1659 193 1704 quem
214 1659 288 1688 vos
310 1643 505 1687 infideles
528 1646 666 1686 Deum
692 1643 876 1702 fingitis,
911 1643 1040 1687 simul
1062 1653 1105 1687 et
1128 1644 1448 1690 adulterantem

61 1723 104 1758 et
126 1723 346 1758 tonantem
371 1733 379 1757 :
402 1712 478 1757 sed
502 1717 639 1757 Deum
662 1728 811 1758 verum
828 1748 839 1768 ‚
867 1715 999 1759 totius
1032 1713 1186 1758 mundi
1208 1713 1449 1761 fabricato-

62 1799 150 1828 rem
175 1793 305 1844 atque
327 1792 555 1827 rectorem.

121 1856 196 1898 IV.
229 1856 287 1898 Et
315 1853 475 1897 Filium
491 1854 582 1912 ejus
605 1856 750 1897 Jesum
776 1854 996 1898 Christum
1017 1889 1028 1909 ‚
1064 1854 1167 1899 olim
1187 1857 1449 1914 promissum

62 1938 138 1983 per
160 1924 411 1982 Prophetas.
436 1926 650 1967 Tenemus
667 1923 786 1983 quod
802 1925 893 1984 jam
909 1924 1137 1983 impletum
1157 1942 1245 1970 esse
1267 1943 1448 1987 cognos-

63 1995 213 2038 cimus.
243 1994 327 2039 Sed
346 1995 446 2038 ideo
463 1995 592 2038 etiam
610 1995 693 2039 hoc
711 1995 887 2039 credere
894 1996 1124 2055 jubemur,
1150 1998 1251 2053 quia
1269 1999 1448 2058 quando

62 2063 227 2108 factum
250 2073 338 2121 est,
363 2074 597 2122 praesentes
619 2081 710 2109 non
731 2064 908 2109 fuimus.
935 2066 1130 2111 Aderant
1150 2076 1256 2111 tunc
1275 2071 1300 2111 J
1303 2069 1418 2112 udaei
1434 2105 1446 2125 ,

62 2149 114 2177 ex
130 2149 318 2194 quorum
338 2143 466 2192 gente
486 2134 576 2192 ipse
596 2135 791 2180 Salvator
810 2136 1040 2195 Apostolos
1058 2137 1189 2195 elegit
1209 2173 1219 2193 ‚
1245 2153 1321 2197 per
1339 2155 1449 2198 quos

63 2204 116 2247 ad
137 2220 216 2249 nos
242 2204 347 2248 fides
369 2205 447 2247 ista
473 2206 685 2262 pervenit.
713 2209 766 2248 In
786 2207 876 2264 ipsa
900 2216 1046 2251 autem
1068 2217 1196 2266 gente
1222 2209 1267 2252 in
1296 2226 1381 2269 qna
1405 2220 1448 2254 et

63 2288 113 2316 ex
149 2290 234 2334 qua
266 2274 383 2318 nasci
415 2274 616 2332 dignatus
648 2283 734 2329 est,
766 2275 897 2333 longe
927 2286 1052 2321 antea
1082 2281 1211 2322 Isaias
1235 2280 1446 2338 propheta

64 2343 354 2402 praedixerat:
384 2363 400 2384 «
424 2347 535 2387 Ecce
564 2345 685 2402 virgo
719 2345 763 2387 in
795 2353 921 2389 utero
952 2347 1134 2406 accipiet
1164 2357 1206 2391 et
1225 2350 1363 2407 pariet
1390 2351 1445 2393 fi-

65 2431 85 2453 »
113 2413 218 2456 lium
237 2448 247 2467 ,
274 2423 315 2457 et
337 2415 544 2458 vocabitis
565 2430 725 2458 nomen
743 2416 833 2474 ejus
852 2418 1110 2461 Emmanuel
1131 2453 1141 2471 ‚
1168 2419 1288 2478 qnod
1308 2421 1444 2464 inter-

66 2501 87 2524 »
114 2493 332 2542 pretatur,
356 2485 590 2530 Nobiscum
621 2488 734 2529 Deus
753 2487 784 2528 ⁴.
810 2504 829 2527 >›
863 2489 918 2530 Et
941 2487 1024 2532 alio
1046 2488 1092 2531 in
1113 2488 1210 2533 loco
1235 2509 1244 2534 :
1274 2509 1293 2532 «
1319 2491 1444 2535 Exiet

112 2574 120 2591 ¹
142 2570 231 2601 Joan.
251 2580 274 2610 1,
291 2569 322 2601 5.
340 2586 381 2592 --
398 2576 410 2592 2
426 2569 507 2602 Psal.
527 2580 582 2611 ιιι,
603 2569 632 2611 -Ξ,
650 2588 690 2594 -
706 2569 719 2594 3
742 2583 755 2603 1
777 2573 851 2605 Cor.
871 2583 941 2614 ¹111,
963 2581 1013 2606 12.
1030 2572 1180 2607 —41sai.
1202 2585 1259 2616 vn,
1282 2574 1332 2617 14.
