1729 3143
3 278 16 307 ἃ

0 348 13 377 C

0 418 16 447 :e
64 459 68 462 γ

0 489 20 518 a.

1 559 20 589 ῃ.

1 631 21 659 ῃ.

0 698 20 732 El

5 758 19 801 si

0 843 16 871 :a

0 914 16 942 ic

347 201 430 228 ΠΒ.
466 201 497 227 1.
533 201 587 228 DE
619 201 804 228 mominis
835 199 1034 227 Eccrsssffl
1064 196 1323 226 CATHOLICAE.
1450 188 1527 226 531

152 272 296 308 tamen
317 265 592 325 incorruptus
614 274 656 310 et
676 264 816 310 verior
833 299 844 319 ,
871 264 946 308 ubi
972 263 1062 308 sola
1089 263 1233 307 desint
1257 278 1307 307 ca
1338 278 1436 323 quae
1456 263 1532 307 hic

148 333 338 379 immissa
359 350 448 379 esse
466 335 718 380 criminaris.
746 336 803 379 Ut
819 335 854 378 si
873 334 996 379 verbi
1017 348 1145 379 causa
1164 367 1176 387 ‚
1207 331 1331 377 Pauli
1355 333 1532 393 Episto-

148 403 236 448 lam
255 439 267 459 ‚
301 420 400 464 quae
425 404 480 450 ad
502 408 723 450 Romanos
748 405 906 464 scripta
926 414 1015 461 est,
1042 413 1292 465 corruptam
1316 419 1406 450 esse
1426 420 1536 450 con-

146 473 289 524 :iendis
308 508 319 529 ,
355 474 483 519 aliam
512 474 704 534 proferas
735 476 1033 534 incorruptam
1049 510 1060 531 ‚
1091 475 1161 520 vel
1183 474 1316 520 alium
1338 474 1533 520 codicem

149 543 310 601 potius,
333 544 380 588 in
401 560 490 604 quo
507 544 701 605 ejusdem
720 545 914 604 Apostoli
934 544 1086 589 eadem
1101 545 1295 605 Epistola
1311 545 1477 590 sincera
1493 554 1537 589 et

145 612 396 674 incorrupta
430 616 673 675 conscripta
699 614 770 659 sit.
806 617 906 660 Non
932 613 1087 658 faciam
1105 649 1116 670 ‚
1140 615 1286 676 inquis
1303 650 1315 671 ,
1358 630 1413 659 ne
1445 615 1536 674 ipse

145 685 386 744 corrupisse
406 685 581 730 credam
600 720 612 742 ,
636 686 720 730 hoc
739 685 855 729 enim
872 684 1016 730 soletis
1035 685 1178 730 dicere
1198 707 1210 744 3
1239 695 1282 730 et
1302 701 1456 731 verum
1473 685 1537 730 di-

145 754 240 798 citis
262 773 272 800 :
303 754 413 799 nihil
433 770 606 815 prorsus
634 755 753 801 aliud
787 756 1123 816 suspicabuntur
1155 756 1223 801 vel
1249 756 1532 801 mediocriter

144 823 311 869 cordati
331 825 528 870 homines
544 861 556 882 ,
580 826 615 870 si
630 827 715 871 hoc
732 825 898 870 feceris.
920 825 1032 870 Vide
1054 840 1154 885 ergo
1174 835 1222 870 tu
1237 826 1327 886 ipse
1349 825 1459 886 quid
1477 824 1531 870 de

146 895 401 940 auctoritate
422 905 497 941 tua
513 893 776 953 judicaveris
802 913 810 938 :
836 903 879 938 et
899 894 1093 953 intellige
1115 904 1266 940 utrum
1287 897 1372 941 tuis
1393 896 1536 941 verbis

78 998 82 1001 «
144 974 296 1008 contra
315 965 410 1009 illas
430 965 668 1024 Scripturas
687 963 863 1009 credere
880 964 1070 1009 debeant
1087 1000 1098 1021 ‚
1123 965 1158 1010 si
1180 964 1349 1023 codici,
1374 967 1431 1011 ob
1448 967 1533 1011 hoc

143 1032 286 1078 solum
306 1034 428 1094 quod
448 1034 524 1079 abs
545 1042 589 1079 te
609 1033 832 1095 profertur
847 1070 859 1091 ‚
883 1049 1052 1094 magnae
1075 1035 1331 1081 temeritatis
1353 1045 1417 1082 est
1438 1050 1536 1081 cre-

145 1103 270 1150 dere.

202 1176 342 1220 LXII.
369 1175 455 1221 Sed
474 1175 582 1236 quid
608 1175 711 1219 hinc
731 1175 887 1234 plura?
909 1176 1011 1230 Quis
1034 1176 1152 1220 enim
1173 1191 1263 1220 non
1291 1176 1436 1221 videat
1459 1191 1531 1221 eos

79 1283 94 1295 ,
143 1245 220 1304 qui
248 1254 400 1290 contra
423 1246 664 1306 Scripturas
687 1246 939 1291 christianas
967 1247 1062 1291 haec
1088 1245 1251 1291 audent
1272 1245 1417 1291 dicere
1434 1281 1445 1302 ‚
1481 1255 1532 1291 ut

142 1313 255 1358 illud
285 1329 376 1359 non
405 1318 491 1358 sint
527 1316 649 1375 quod
677 1317 876 1362 homines
910 1317 1212 1378 suspicantur,
1242 1327 1359 1363 certe
1386 1327 1535 1363 tamen

143 1399 235 1429 non
256 1398 346 1429 esse
368 1384 661 1430 Christianos?
684 1390 793 1433 Nam
810 1388 1064 1434 Christianis
1081 1389 1177 1433 haec
1196 1387 1296 1433 data
1314 1397 1378 1433 est
1391 1386 1533 1433 forma

145 1453 317 1500 vivendi
335 1489 346 1511 ‚
372 1464 422 1499 ut
451 1454 679 1514 diligamus
702 1458 936 1499 Dominum
966 1461 1105 1502 Deum
1137 1467 1335 1503 nostrum
1364 1474 1416 1499 ex
1438 1467 1532 1500 toto

145 1525 292 1581 corde,
317 1534 361 1569 et
381 1540 432 1569 ex
454 1534 544 1570 lota
568 1526 726 1582 anima,
751 1534 795 1569 et
815 1540 867 1569 ex
884 1533 975 1568 tota
992 1532 1136 1568 mente
1150 1525 1163 1549 1
1177 1558 1189 1579 ,
1213 1523 1372 1568 deinde
1391 1526 1529 1584 proxi-

145 1611 268 1641 mum
290 1605 486 1642 nostrum
509 1605 716 1656 tanquam
739 1593 1022 1654 nosmetipsos
1045 1611 1054 1638 ι
1079 1611 1099 1635 «
1119 1596 1172 1638 In
1188 1593 1254 1637 his
1274 1595 1391 1638 enim
1413 1593 1527 1640 duo-

149 1685 169 1709 »
194 1667 277 1711 bus
297 1667 523 1726 praeceptis
546 1674 637 1711 tota
659 1669 748 1709 Lex
770 1664 960 1724 pendet,
985 1671 1028 1707 et
1045 1678 1195 1708 omnes
1213 1664 1487 1723 Prophetae2.
1508 1681 1530 1705 »

147 1737 304 1783 Merito
325 1735 517 1782 Ecclesia
535 1734 746 1781 catholica
769 1742 907 1778 mater
930 1732 1278 1778 Christianorum
1300 1733 1533 1788 verissima,

147 1822 238 1852 non
254 1807 397 1852 solum
409 1808 553 1867 ipsum
569 1810 708 1851 Deum
724 1840 734 1860 ‚
755 1805 880 1864 cujus
897 1801 1071 1860 adeptio
1086 1800 1175 1844 vita
1192 1808 1256 1843 est
1271 1799 1533 1857 beatissima,

148 1879 373 1936 purissime
407 1884 539 1935 atque
572 1875 806 1918 castissime
839 1869 1075 1916 colendum
1109 1869 1345 1929 praedica53
1369 1871 1536 1916 nullam

148 1946 274 1992 nobis
297 1944 564 1991 adorandam
586 1951 828 1988 creaturam
851 1938 1063 1983 inducens
1077 1973 1089 1993 ,
1121 1939 1190 1983 cui
1211 1939 1370 1984 servire
1382 1941 1538 2000 jubea-

147 2032 273 2076 mur3
299 2026 342 2061 et
362 2016 418 2061 ab
441 2015 514 2060 illa
544 2016 802 2072 incorrupta
824 2019 868 2056 et
895 2008 1137 2055 inviolabili
1165 2009 1433 2066 aeternitate,
1463 2011 1535 2056 cui

148 2087 227 2132 soli
256 2087 389 2132 homo
417 2083 711 2147 subjiciendus
737 2091 800 2127 est
820 2117 831 2138 ‚
860 2082 931 2126 cui
952 2080 1031 2125 soli
1053 2080 1273 2125 rationalis
1295 2081 1437 2127 anima
1457 2098 1535 2128 co-

149 2159 358 2204 haerendo
378 2174 469 2203 non
492 2158 645 2202 misera
668 2164 731 2199 est
748 2190 758 2210 ‚
790 2151 1024 2198 excludens
1051 2166 1183 2196 omne
1215 2151 1337 2212 quod
1368 2152 1534 2198 factum

79 2226 82 2227 ⁷
149 2237 213 2272 est
230 2263 240 2283 ,
265 2229 387 2288 quod
405 2227 644 2273 obnoxium
662 2222 1024 2276 commutationi,
1050 2220 1168 2281 quod
1187 2220 1414 2266 subditum
1429 2231 1536 2267 tem-

149 2298 246 2357 pori
265 2319 276 2356 3
303 2314 444 2358 neque
467 2295 742 2342 confundens
759 2329 770 2348 ‚
795 2292 915 2352 quod
937 2292 1152 2336 aeternitas
1169 2326 1180 2346 ‚
1207 2290 1327 2351 quod
1350 2293 1532 2348 veritas,

152 2369 272 2429 quod
297 2369 486 2429 denique
518 2384 604 2428 pax
635 2367 725 2425 ipsa
761 2363 985 2421 distinguit
1006 2396 1016 2416 ‚
1042 2377 1120 2406 nec
1142 2376 1312 2405 rursum
1337 2377 1537 2421 separans

153 2437 274 2498 quod
292 2440 490 2500 majestas
507 2453 592 2483 una
608 2433 833 2494 conjungit
859 2450 867 2477 ε
894 2431 968 2475 sed
991 2432 1119 2475 etiam
1139 2431 1320 2490 proximi
1339 2431 1542 2485 dilectio-,

204 2527 213 2544 ¹
235 2524 329 2555 Dent.
347 2532 393 2562 vi,
413 2521 520 2554 5.—-²
538 2519 658 2553 Matth.
679 2528 756 2556 xxii,
779 2516 832 2557 37.
1282 2565 1318 2605 31

1280 2589 1288 2600 ·
1306 2579 1344 2605 4.
