1729 3143
262 203 342 237 100
695 207 728 233 S.
765 206 995 234 Aueus‘nm
1029 208 1210 235 EPISCOPI

257 277 308 319 fit
330 276 543 334 particeps
563 270 728 318 consilii
757 274 782 315 J
786 271 1013 316 udaeorum
1031 307 1043 327 ,
1067 272 1142 317 dat
1162 272 1359 317 osculum
1382 272 1540 317 falsum
1559 307 1571 327 ‚
1594 273 1642 316 in
1705 298 1713 326 ,3

255 361 344 405 quo
361 355 452 389 erat
468 343 675 403 nequitiae
691 341 863 400 signum
889 361 898 387 ι
923 343 1051 401 fingit
1068 358 1219 402 pacem
1238 342 1394 402 plenus
1411 342 1574 386 malitia
1593 343 1641 385 in
1708 373 1711 379 -

255 414 401 461 eorde.
428 413 684 458 Excitantur
701 414 725 456 J
730 412 843 456 udaei
862 447 874 468 ,
910 414 1094 458 veniunt
1110 428 1212 458 eum
1231 411 1400 456 facibus
1419 446 1430 466 ‚
1468 411 1644 456 laternis

255 496 298 530 et
320 485 446 530 armis
466 503 475 528 ε
501 493 706 544 quaerunt
726 483 855 528 multi
874 499 1013 528 unum
1030 519 1041 539 ‚
1069 493 1113 529 et
1134 485 1316 528 veniunt
1339 483 1417 527 filii
1438 482 1645 526 tenebra-

254 571 351 599 rum
364 590 375 610 ,
403 553 591 600 ferentes
612 555 658 599 in
678 554 879 599 manibus
899 554 1045 599 lucem
1065 590 1077 611 ‚
1103 571 1180 615 per
1202 570 1335 615 quam
1357 552 1477 597 illam
1499 567 1644 598 veram

255 625 346 669 aliis
368 625 717 670 demonstrarent
732 660 744 680 ‚
768 640 900 686 quam
919 625 1001 684 ipsi
1017 626 1165 670 caecati
1185 624 1316 670 eorde
1333 639 1423 669 non
1444 632 1647 683 poterant

257 696 460 741 retinere.
491 715 511 739 u
538 697 750 741 Dominus
771 705 919 740 autem
940 698 1064 740 Jesus
1091 696 1229 740 sciens
1255 695 1399 739 omnia
1421 709 1521 753 quae
1543 708 1648 739 ven-

261 783 282 807 »
308 775 407 810 tura
424 775 547 810 erant
569 782 700 825 super
723 781 767 810 se
785 770 897 820 (non
919 767 1034 809 enim
1058 765 1222 824 aliquid
1239 764 1470 822 ignorabat
1490 764 1568 822 qui
1594 762 1649 806 ad

256 853 278 876 »
302 836 386 880 hoe
407 839 613 893 venerat)
652 850 846 894 egressus
884 843 949 879 est
974 835 1030 878 ad
1061 850 1158 889 eos,
1194 843 1237 878 et
1267 834 1327 877 ait
1353 833 1436 876 illis
1464 852 1472 876 z
1508 835 1649 884 Quem

252 924 272 947 »
299 907 536 966 quaeritis?
567 909 625 950 At
653 905 718 949 illi
752 925 761 950 ε
793 908 942 949 Jesum
972 907 1261 951 Nazarenum.
1302 905 1373 949 Ait
1399 902 1483 946 iltis
1517 922 1526 947 z
1557 905 1650 960 Ego

252 994 274 1018 »
299 992 411 1021 sum.
439 977 628 1030 Quando
657 985 806 1021 autem
828 975 912 1020 illis
936 976 1073 1020 dixit:
1099 979 1194 1034 Ego
1211 990 1304 1019 sum
1323 1009 1334 1028 o
1360 975 1560 1018 abierunt
1580 988 1651 1017 re-
1704 990 1710 1003 2

253 1064 273 1087 »
299 1056 384 1103 tro,
412 1056 456 1091 et
477 1046 733 1091 ceciderunt
753 1047 800 1090 in
822 1055 987 1090 terram
1002 1048 1034 1090 1.
1058 1064 1078 1087 »
1105 1049 1219 1090 Eeee
1243 1044 1389 1088 radius
1411 1060 1523 1088 verae
1545 1043 1654 1088 lucis
1706 1064 1711 1091 ι,

249 1116 387 1156 latens
408 1107 554 1153 adhue
577 1108 659 1151 sub
682 1111 803 1151 nube
819 1118 983 1162 caruis,
1006 1117 1193 1166 respexit
1207 1113 1409 1154 tenebras
1427 1144 1438 1165 ,
1463 1119 1506 1154 et
1528 1125 1653 1169 pros-

253 1180 388 1225 travit
411 1177 469 1222 ad
500 1187 678 1221 terram.
717 1176 949 1229 Quomodo
972 1186 1079 1221 tunc
1112 1177 1255 1222 Judaei
1285 1178 1513 1223 audebunt
1533 1179 1654 1224 illam
1706 1171 1711 1225 ἶ,

252 1249 467 1307 respicere
493 1246 761 1301 claritatem,
787 1246 966 1305 quando
999 1247 1126 1290 istam
1147 1247 1445 1293 infirmitatem
1468 1249 1653 1294 tolerare

253 1319 432 1364 minime
453 1319 728 1377 potuerunt?
769 1316 855 1362 Sed
879 1326 928 1360 ut
949 1317 1152 1376 impleret
1173 1328 1350 1378 propter
1374 1319 1495 1379 quod
1518 1335 1652 1364 vene-
1705 1317 1708 1337 ¹

256 1400 348 1445 rat,
381 1397 598 1446 exurgunt
626 1403 773 1432 rursus
795 1388 988 1431 tenebrae
1020 1407 1029 1432 z
1064 1387 1140 1432 dat
1167 1389 1226 1433 eis
1254 1398 1512 1448 potestatem
1532 1425 1543 1444 ‚
1577 1406 1652 1435 ea-

260 1461 393 1520 piunt
414 1458 608 1503 tenebrae
624 1457 769 1501 lucem
785 1491 796 1511 ‚
818 1472 908 1502 non
929 1457 1197 1517 sequendam
1217 1493 1228 1514 ,
1253 1458 1329 1503 sed
1349 1459 1649 1505 occidendam:

257 1530 472 1590 permittit
489 1544 532 1573 se
553 1526 629 1571 lux
645 1527 701 1571 ab
719 1529 778 1570 eis
800 1527 965 1582 teneri,
993 1527 1121 1582 duci,
1150 1528 1356 1587 suspendi
1375 1564 1386 1585 ,
1413 1530 1578 1584 occidi,
1604 1539 1653 1575 ut

256 1600 496 1659 expoliatus
536 1598 656 1642 nube
689 1597 830 1641 earnis
852 1632 863 1652 ,
905 1597 1123 1655 fulgorem
1160 1598 1363 1644 redderet
1399 1596 1649 1660 maJestatis.

259 1673 368 1723 Quae
393 1667 573 1712 tandem
595 1676 690 1712 aeta
712 1676 815 1711 sunt
835 1667 882 1710 in
902 1666 978 1711 illo
1001 1668 1268 1712 certamine?
1290 1674 1429 1722 Quam
1452 1669 1651 1715 fortiores

260 1740 343 1785 sibi
364 1755 452 1784 esse
471 1739 735 1784 videbantur
751 1738 936 1782 ministri
955 1739 1142 1794 diaboli,
1167 1739 1274 1783 dum
1293 1739 1530 1785 fremerent
1549 1733 1652 1786 den-

260 1811 402 1864 tibus,
427 1810 534 1854 dum
556 1809 787 1853 irriderent
803 1843 813 1863 ,
852 1808 961 1852 dum
991 1817 1124 1867 eaput·
1156 1810 1370 1868 agitarent
1389 1845 1401 1865 ‚
1426 1810 1533 1855 dum
1563 1813 1652 1870 spi-

263 1895 392 1925 neam
421 1894 627 1924 eoronam
657 1879 935 1938 imponerent
953 1914 963 1934 ,
999 1879 1105 1922 dum
1128 1880 1384 1923 vestimenta
1404 1882 1495 1939 ejus
1523 1897 1652 1926 eons-

265 1951 491 1996 einderent
505 1986 515 2005 ,
541 1949 647 1994 dum
668 1949 865 1994 viderent
882 1949 1146 2008 pendentem
1163 1949 1289 1993 illum
1306 1965 1436 2009 quem
1454 1951 1654 1996 viderant
1701 1955 1704 1961 '

265 2021 474 2066 miracula
492 2019 724 2065 facientem
739 2055 749 2074 ‚
776 2019 883 2063 dum
899 2018 960 2063 fel
976 2029 1018 2063 et
1036 2028 1206 2064 aeetum
1226 2019 1408 2076 darent,
1433 2021 1539 2065 dum
1557 2022 1654 2066 lan·
1701 2066 1703 2070 ,

265 2107 341 2137 eea
376 2090 670 2150 perfoderent.
709 2088 856 2142 Qualis
892 2105 977 2133 vox
1014 2090 1149 2134 veluti
1180 2091 1373 2134 victoriae
1394 2106 1546 2136 eorum
1569 2091 1653 2137 fuit
1700 2076 1704 2101 Υ

264 2162 504 2207 dicentium
533 2180 541 2205 ε
578 2179 598 2202 «
631 2159 674 2204 Si
696 2159 831 2203 Filius
854 2160 932 2203 'Dei
955 2169 1047 2215 est,
1079 2161 1314 2205 descendat
1341 2162 1395 2204 de
1422 2177 1551 2206 eruce
1565 2166 1598 2206 2.
1628 2181 1648 2204 η

267 2231 353 2278 Sed
373 2233 454 2275 hoe
475 2229 548 2274 ille
571 2245 647 2288 per
664 2244 735 2274 eos
758 2228 996 2284 clamabat,
1021 2231 1097 2288 qui
1118 2230 1370 2289 patientiam
1388 2231 1560 2276 Christo
1579 2247 1654 2276 au-

269 2303 381 2346 ferre
413 2302 642 2361 cupiebat,
673 2310 723 2345 ut
755 2301 962 2345 excitatus
983 2300 1337 2345 insultationibus
1365 2304 1390 2345 J
1396 2301 1619 2347 udaeorum
1636 2338 1647 2359 ,

269 2372 581 2416 demonstraret
610 2371 879 2431 potentiam,
919 2371 995 2414 sed
1027 2372 1226 2430 perderet
1258 2372 1530 2429 patientiam.
1572 2372 1667 2417 Ille⁶

271 2451 415 2486 autem
437 2446 527 2486 Rex
547 2442 670 2487 fortis
689 2476 701 2498 ,
725 2450 767 2486 et
793 2440 1008 2499 singulare
1029 2440 1257 2486 eonsilium
1277 2457 1352 2500 per
1368 2442 1488 2502 quod
1508 2443 1658 2487 nasei-v

322 2532 332 2548 ¹
357 2528 446 2557 Joau.
465 2535 555 2566 xvm,
571 2526 648 2567 4-6.
669 2542 709 2550 --
730 2533 743 2548 2
763 2526 883 2557 Matth.
904 2535 1002 2566 xxvxi,
1026 2524 1076 2565 4ο.
