1729 3143
244 188 327 228 354
672 195 703 222 s.
743 198 970 223 mausum
1001 198 1181 225 zmscom

235 265 335 308 lem.
365 264 406 308 Si
427 271 571 306 autem
589 261 671 303 hoc
689 259 819 303 modo
834 260 962 304 etiam
978 260 1103 305 illum
1122 270 1290 306 motum
1304 264 1437 308 habet
1452 266 1610 321 anima,

235 333 429 391 prolecto
451 330 581 373 etiam
601 329 691 387 ipse
713 330 919 373 naturalis
937 339 999 373 est
1018 350 1030 389 3
1053 346 1134 375 nec
1156 346 1208 374 ex
1224 347 1276 376 eo
1299 332 1417 391 quod
1434 343 1614 379 natura-

233 403 329 446 liter
357 408 581 453 movetur‚
620 407 734 443 recte
767 399 1001 458 vituperari
1031 409 1173 459 potest
1200 420 1208 446 ε
1238 402 1341 461 quia
1366 403 1531 446 etiamsi
1560 404 1615 448 ad

230 470 465 531 perniciem
486 478 711 525 movetur,
736 478 904 514 naturae
932 479 1077 514 tamen
1099 486 1187 515 suae
1216 473 1468 517 necessitate
1495 488 1615 517 com-

229 538 419 599 pellitur.
456 543 590 584 Porro
625 540 727 600 quia
765 541 895 605 istum
928 550 1099 585 motum
1131 557 1220 586 non
1251 540 1503 587 dubitamus
1525 558 1614 588 esse

226 609 490 669 culpabilem
509 645 520 664 ‚
559 611 678 654 omni
703 610 833 654 modo
856 611 1110 670 negandum
1133 621 1196 656 est
1226 627 1315 657 esse
1337 613 1579 657 naturalem
1601 632 1610 659 z

229 689 271 724 et
299 681 397 724 ideo
421 696 510 725 non
537 690 601 725 est
631 680 777 724 similis
798 681 869 724 illi·
886 682 1050 737 motui,
1076 698 1166 742 quo
1188 682 1442 728 naturaliter
1462 698 1613 729 move-

224 759 296 794 tur
316 749 439 810 lapis.
468 753 518 795 Α.
545 752 802 810 Egimus-ne
823 750 988 811 aliquid
1009 753 1305 812 superioribus
1330 753 1502 798 duabus
1522 753 1612 798 dis-

226 822 552 880 putationibus?
573 824 624 866 E.
652 822 832 880 Egimus
853 837 968 865 sane.
997 825 1048 866 Α.
1073 823 1216 868 Credo
1237 839 1340 883 ergo
1368 824 1624 873 meminisse*

225 900 268 935 te
288 891 335 935 in
359 893 499 950 prima
522 892 816 950 disputatione
837 892 938 936 satis
959 907 1048 936 esse
1065 902 1339 951 compertum
1357 896 1369 920 ¹
1387 929 1397 948 ‚
1423 894 1544 938 nulla
1566 909 1612 938 re

222 962 315 1006 fieri
349 971 541 1006 mentem
571 975 740 1005 servam
768 962 960 1005 libidinis
980 997 991 1017 ‚
1032 964 1115 1005 nisi
1142 964 1316 1021 propria
1348 964 1574 1008 voluntate
1599 983 1609 1009 t

223 1047 324 1076 nam
355 1046 498 1091 neque
520 1047 544 1075 a
566 1030 812 1090 superiore,
837 1046 981 1090 neque
1015 1032 1070 1074 ab
1093 1033 1252 1091 aequali
1283 1047 1378 1075 eam
1408 1047 1530 1090 posse
1557 1032 1614 1077 ad

222 1104 305 1147 hoc
323 1103 512 1146 dedecus
531 1103 625 1160 cogi
645 1137 656 1156 ,
687 1102 789 1161 quia
812 1102 1024 1161 injustum
1041 1111 1132 1160 est3
1157 1118 1299 1163 neque
1317 1103 1370 1147 ab
1389 1101 1609 1158 inferiore,

223 1174 325 1233 quia
362 1189 451 1217 non
487 1182 642 1231 potest.
679 1175 827 1216 Restat
858 1172 987 1229 igitur
1021 1182 1070 1217 ut
1107 1175 1197 1232 ejus
1226 1176 1280 1217 sit
1313 1174 1511 1233 proprius
1533 1175 1612 1218 iste

222 1252 365 1288 motus
383 1279 394 1301 ,
419 1259 508 1303 quo
527 1242 703 1286 fruendi
726 1242 996 1286 voluntatem
1019 1243 1075 1286 ad
1096 1253 1341 1288 creaturam
1363 1261 1386 1288 a
1406 1247 1611 1289 Creatore

221 1314 435 1359 convertit
465 1333 472 1358 :
499 1313 575 1373 qui
601 1321 744 1357 motus
777 1313 812 1355 si
844 1312 985 1370 culpae
1008 1313 1244 1371 deputatur
1266 1313 1406 1369 (unde
1428 1314 1505 1374 qui
1526 1314 1610 1359 du-

221 1385 357 1439 bitat,
382 1385 578 1428 irrisione
610 1384 769 1441 dignus
791 1382 872 1425 tibi
895 1383 1009 1425 visus
1037 1388 1122 1437 est)
1151 1398 1240 1427 non
1262 1391 1325 1427 est
1348 1384 1499 1443 utique
1527 1400 1608 1428 na-

221 1455 394 1509 turalis,
430 1453 506 1497 sed
539 1452 842 1508 voluntarius3
880 1453 925 1495 in
957 1467 1096 1511 eoque
1125 1452 1275 1496 similis
1298 1462 1361 1497 est
1381 1454 1444 1498 illi
1472 1456 1610 1499 motui

223 1540 312 1584 quo
334 1525 538 1568 deorsum
558 1537 705 1567 versus
725 1521 833 1581 lapis
854 1521 993 1566 fertur
1007 1556 1019 1577 ‚
1044 1522 1166 1582 quod
1186 1523 1298 1566 sicut
1313 1522 1393 1567 iste
1409 1526 1609 1583 proprius

222 1604 283 1639 est
305 1593 460 1655 lapidis
478 1629 490 1648 ‚
527 1594 586 1638 sic
614 1592 687 1637 ille
710 1593 842 1637 animi
868 1612 876 1637 :
902 1603 1203 1637 verumtamen
1224 1593 1270 1638 in
1292 1609 1342 1638 eo
1364 1594 1578 1640 dissimilis
1592 1630 1605 1651 ‚

221 1665 340 1725 quod
366 1665 411 1709 in
438 1674 651 1724 potestate
673 1679 761 1708 non
791 1663 923 1707 habet
948 1664 1056 1722 lapis
1085 1665 1289 1708 cohibere
1316 1674 1486 1709 motum
1519 1681 1608 1725 quo

222 1736 360 1780 fertur
385 1734 566 1780 inferius
581 1770 591 1789 ‚
618 1734 787 1778 animus
805 1749 908 1778 vero
928 1733 1035 1777 dum
1055 1750 1144 1778 non
1170 1735 1292 1789 vult,
1323 1751 1413 1780 non
1429 1736 1488 1780 ita
1509 1751 1607 1781 mo-

220 1816 374 1861 vetur,
405 1815 454 1849 ut
475 1804 769 1865 superioribus
795 1803 971 1847 desertis
992 1804 1197 1848 inferiora
1218 1804 1379 1862 deligat
1407 1825 1416 1850 ι
1441 1815 1484 1849 et
1508 1806 1607 1851 ideo

219 1876 354 1935 lapidi
379 1874 586 1919 naturalis
617 1883 679 1918 est
700 1873 772 1917 ille
795 1882 938 1917 motus
954 1907 964 1927 ‚
989 1874 1134 1917 animo
1162 1889 1265 1918 vero
1292 1875 1372 1918 iste
1398 1875 1606 1920 volunta·

219 1948 321 1991 rius.
348 1947 461 1990 Hinc
487 1955 549 1989 est
571 1944 690 2005 quod
712 1943 903 2003 lapidem
925 1943 959 1986 si
981 1942 1089 2001 quid
1111 1943 1225 1988 dicat
1249 1959 1426 2003 peccare
1441 1980 1452 2000 ‚
1485 1945 1606 2004 quod

222 2016 415 2077 pondere
433 2032 512 2060 suo
537 2014 674 2060 tendit
694 2015 740 2058 in
762 2013 911 2057 infima
928 2047 939 2067 ‚
964 2028 1054 2057 non
1075 2012 1215 2057 dicam
1238 2014 1332 2073 ipso
1351 2014 1496 2074 lapide
1516 2024 1607 2060 sto-

220 2088 375 2146 lidj0r3
399 2087 473 2133 sed
491 2086 688 2147 profecto
705 2085 882 2130 demens
897 2085 1118 2144 judicatur
1140 2104 1148 2129 ε
1171 2086 1366 2130 animum
1388 2101 1491 2130 vero
1509 2101 1607 2146 pec-

221 2161 305 2204 cati
327 2159 547 2217 arguimus
566 2193 575 2212 ‚
602 2173 703 2202 cum
721 2172 821 2200 eum
836 2155 1136 2200 convincimus
1153 2156 1446 2215 superioribus
1459 2155 1607 2201 deser-

220 2231 273 2275 tis
310 2230 366 2275 ad
396 2228 634 2274 fruendum
668 2228 874 2272 inferiora
906 2241 1157 2285 praeponere
1176 2228 1206 2269 ².
1244 2230 1476 2285 Propterea
1498 2227 1606 2286 quid

221 2316 329 2359 opus
351 2310 415 2346 est
442 2315 637 2361 quaerere
658 2297 777 2342 unde
799 2299 877 2342 iste
906 2306 1049 2341 motus
1076 2297 1255 2351 existat,
1281 2313 1370 2357 quo
1401 2297 1603 2342 voluntas

223 2372 429 2416 avertitur
449 2370 505 2415 ab
524 2368 871 2415 incommutabili
890 2368 1008 2412 bono
1022 2366 1078 2412 ad
1094 2366 1404 2412 commutabile
1417 2367 1599 2421 bonum,

223 2456 319 2483 cum
344 2457 444 2485 eum
467 2442 637 2485 nonnisi
661 2440 819 2493 animi,
846 2449 887 2482 ct
909 2437 1201 2482 voluntarium
1219 2473 1229 2492 ,
1256 2448 1299 2482 et
1324 2438 1382 2482 ob
1403 2439 1485 2482 hoc
1502 2435 1599 2481 cul·

274 2539 276 2541 ·
305 2528 381 2557 Vide
401 2538 507 2568 supra,
529 2528 583 2558 lib.
604 2540 622 2557 ι.
641 2544 678 2548 -
698 2535 707 2547 ²
732 2538 741 2557 1
765 2529 906 2558 Retract.
929 2535 988 2566 cap
1008 2536 1048 2565 ἰὴ
1071 2537 1100 2555 n.
1128 2526 1157 2554 5.
