1729 3143
530 218 583 245 DE
615 218 736 244 umus
769 217 954 244 Exeimo.
1351 205 1435 246 203

53 297 185 343 quam
198 295 387 339 vermes3
416 280 682 325 tolerabilius
697 278 752 323 de
768 279 1021 324 vulneribus
1038 279 1208 338 sanguis
1227 293 1432 339 erumpe-

52 361 133 407 ret,
173 365 305 411 quam
339 349 395 394 de
428 348 661 409 putredine
687 348 825 392 sanies
853 348 1095 394 distillaret.
1119 346 1313 394 Cadaver
1340 364 1439 394 cor-

52 422 197 481 rumpi
220 421 410 480 respicis,
438 428 481 463 et
501 419 712 463 horrescis
730 437 740 463 2
765 419 842 462 sed
863 417 962 464 ideo
983 420 1125 464 minor
1154 434 1301 479 poena,
1320 421 1442 480 quod

53 493 209 536 absens
224 491 382 535 anima.
400 491 458 534 At
474 503 578 533 vero
593 489 639 531 in
655 490 681 532 J
683 488 740 533 ob
758 503 947 547 praesens
969 489 1112 533 anima
1131 504 1232 549 quae
1247 490 1440 546 sentiret,

51 562 182 619 ligata
203 575 260 604 ne
284 559 475 616 fugeret,
495 558 691 617 subjecta
706 566 757 602 ut
777 557 960 613 doleret,
980 568 1243 618 compuncta
1262 568 1314 604 ut
1333 558 1445 604 blas-

49 631 294 690 phemaret.
316 627 531 672 Sustinuit
551 635 699 671 autem
721 627 1050 672 tribulationem
1075 629 1100 671 J
1103 627 1177 683 ob,
1199 637 1243 672 et
1260 628 1445 688 deputa-

48 707 144 743 tum
165 705 229 741 est
250 695 314 740 illi
336 696 392 740 ad
412 710 616 755 magnam
632 696 859 756 justitiam.
879 699 979 744 Non
1000 711 1104 757 ergo
1125 697 1359 757 quisquam
1376 707 1446 743 at-

49 766 203 812 tendat
225 765 335 826 quid
356 766 563 825 patiatur,
588 765 664 811 sed
686 767 793 827 quid
815 766 960 813 faciat.
988 769 1148 824 Homo,
1180 768 1227 812 in
1249 783 1300 813 eo
1322 770 1445 828 quod

47 838 222 899 pateris,
249 845 437 896 potestas
457 846 534 882 tua
555 852 646 883 non
668 846 758 883 est:
789 838 835 882 in
859 853 912 884 eo
944 838 1066 899 quod
1096 837 1217 895 faciS,
1241 839 1446 885 voluntas

46 917 123 952 tua
150 905 222 951 vel
254 921 417 952 nocens
443 907 513 953 vel
536 908 747 954 innocens
779 918 857 954 est.
884 909 1139 954 Patiebatur
1171 910 1273 966 Job,
1305 909 1447 953 stabat

44 976 203 1019 mulier
222 976 374 1015 relicta
398 977 510 1024 SOla,
533 989 625 1012 uun
647 979 704 1011 aul
722 979 1065 1011 ιυμουὶαιὶυιωω
1078 999 1090 1021 ,
1123 980 1201 1011 eod
1221 979 1278 1012 ad
1298 985 1446 1017 tenta-

44 1045 238 1099 tionem,
272 1055 364 1085 non
395 1054 496 1098 quae
519 1038 696 1083 afferret
717 1036 999 1092 medicinam,
1025 1036 1104 1081 sed
1126 1051 1227 1096 quae
1248 1052 1448 1087 moneret

47 1110 387 1171 blasphemiam:
409 1126 430 1151 «
445 1109 523 1153 Dic
539 1106 722 1168 aliquid,
736 1107 902 1166 inquit,
924 1107 972 1149 in
993 1109 1133 1151 Deum
1154 1117 1198 1152 et
1216 1123 1400 1156 morere.
1421 1131 1442 1155 »

47 1183 205 1228 Videte
233 1177 611 1240 quemadmodum
642 1176 706 1220 illi
738 1176 850 1222 mori
876 1176 1140 1221 beneficium
1169 1178 1271 1234 fuit,
1296 1189 1340 1225 et
1360 1181 1446 1227 tale

47 1251 313 1297 beneficium
345 1263 476 1294 nemo
497 1247 647 1293 dabat.
676 1247 762 1293 Sed
785 1248 831 1292 in
849 1246 916 1292 his
938 1247 1145 1292 omnibus
1166 1263 1267 1307 quae
1297 1261 1446 1297 sancta

46 1323 192 1367 anima
207 1320 466 1378 sustinebat,
479 1319 690 1379 patientia
707 1317 1008 1373 exercebatur,
1028 1316 1138 1363 fides
1154 1318 1441 1378 probabatur,

46 1391 203 1437 mulier
230 1390 559 1445 confutabatur,
587 1388 789 1433 diabolus
818 1388 1092 1434 vincebatur.
1135 1390 1445 1448 Spectaculum

45 1476 254 1520 magnum
267 1495 279 1515 ,
303 1469 348 1504 et
368 1460 415 1504 in
435 1459 509 1504 illa
529 1458 731 1504 foeditate
754 1458 995 1519 putredinis
1012 1457 1221 1518 praeclara
1242 1459 1441 1519 pulchri-

44 1531 155 1578 tudo
170 1531 358 1576 virtutis.
380 1532 531 1574 Vastat
543 1529 730 1575 latenter
746 1530 949 1575 inimicus
968 1548 977 1575 :
998 1538 1146 1589 aperte
1162 1529 1329 1574 malum
1345 1545 1448 1576 sua-

45 1601 121 1645 det
141 1599 338 1656 inimica,
373 1596 641 1658 adjutorium
664 1599 847 1656 diaboli,
872 1615 963 1645 non
985 1599 1157 1657 mariti,
1193 1602 1286 1644 Eva
1312 1615 1442 1657 nova,

45 1670 122 1716 sed
132 1669 206 1713 ille
218 1684 308 1714 non
321 1677 447 1714 vetus
459 1668 601 1712 Adam
614 1685 623 1711 :
639 1684 660 1708 «
674 1670 750 1710 Dic
763 1669 931 1726 ahquid
944 1671 991 1711 in
1001 1672 1160 1725 Deum,
1171 1678 1216 1715 et
1227 1684 1442 1717 morere.»

45 1738 396 1798 Blasphemando
417 1746 642 1797 extorque,
663 1735 785 1797 quod
806 1736 1026 1796 precando
1046 1754 1137 1784 non
1157 1749 1281 1799 potes
1301 1740 1445 1802 impe-

45 1818 175 1854 trare.
194 1826 215 1851 «
232 1811 399 1853 Locuta
426 1821 487 1863 es,
520 1807 682 1868 inquit,
712 1816 923 1868 tanquam
948 1823 1038 1852 una
1066 1823 1120 1853 ex
1138 1809 1447 1870 insipientibus

0 1918 1 1934 ζ
46 1898 70 1922 »
102 1877 375 1923 mulieribus.
400 1895 422 1920 »
442 1878 670 1923 Attendite
700 1878 835 1923 verba
867 1876 990 1924 sortis
1021 1878 1194 1926 fidelis:
1230 1882 1445 1928 attendite

0 1977 1 1996 η
45 1949 178 1994 verba
200 1948 303 1993 foris
321 1949 626 2008 putrescentis,
643 1948 761 1993 intus
780 1948 953 2007 integri.
974 1967 996 1992 «
1012 1952 1180 1995 Locuta
1197 1965 1258 2006 es,
1278 1952 1440 2012 inquit,

47 2038 69 2062 »
104 2027 315 2078 tanquam
334 2034 424 2063 una
444 2033 496 2063 ex
515 2019 822 2079 insipientibus
838 2018 1111 2065 mulieribus.
1136 2021 1180 2066 Si
1201 2021 1319 2066 bona
1338 2037 1443 2081 per-

47 2107 70 2132 »
104 2088 299 2148 cepimus
321 2086 377 2132 de
398 2102 534 2132 manu
554 2090 746 2146 Domini,
778 2090 892 2135 mala
914 2106 1005 2136 non
1026 2091 1338 2136 sustinebimus
1351 2093 1400 2136 1?
1418 2109 1438 2134 »

45 2162 174 2204 Pater
205 2167 285 2214 est,
323 2156 541 2218 numquid
574 2159 788 2204 amandus
815 2160 1062 2217 blandiens,
1096 2170 1140 2206 et
1171 2162 1440 2222 respuendus

47 2229 313 2287 corripiens?
335 2231 490 2274 Nonne
521 2237 644 2288 pater
671 2237 750 2285 est,
773 2238 818 2273 et
838 2231 1096 2289 promittens
1116 2232 1251 2277 vitam
1284 2241 1327 2276 et
1355 2233 1438 2276 im-

46 2313 214 2360 ponens
248 2297 546 2358 disciplinam?
577 2299 823 2345 Excidit-ne
850 2301 952 2347 tibi:
981 2320 1002 2344 «
1027 2302 1126 2359 Fili,
1147 2303 1356 2348 accedens
1381 2301 1437 2346 ad

51 2387 73 2411 >›
106 2368 361 2414 servitutem
394 2369 489 2425 Dei,
526 2378 591 2414 sta
626 2370 671 2415 in
696 2371 866 2430 justitia
898 2381 942 2416 et
968 2372 1140 2429 timore,
1174 2383 1218 2418 et
1240 2387 1433 2434 praepara

51 2458 72 2481 u
109 2439 298 2484 animam
321 2448 445 2484 tuam
466 2440 522 2486 ad
542 2442 856 2488 tentationem?
877 2444 1017 2489 Omne
1037 2445 1160 2505 quod
1188 2445 1270 2492 tibi
1293 2443 1432 2504 appli-

100 2530 109 2546 ¹
128 2523 203 2565 Job,
215 2534 253 2565 11,
276 2534 327 2557 ιο.
