1729 3143
257 182 341 220 306
685 190 719 217 s.
753 188 985 217 Aucusnm
1016 190 1198 218 EPlscol’l

248 265 337 300 tem
359 269 450 302 non
472 254 650 297 haberet
674 252 874 296 liberam.
901 251 1061 296 Debuit
1082 259 1229 295 autem
1255 259 1299 294 et
1323 252 1372 294 in
1390 251 1601 311 supplicio
1617 283 1630 305 ‚

245 334 290 369 et
308 325 355 368 in
375 323 555 382 praemio
575 336 665 365 esse
684 322 879 381 justitia3
904 321 1113 383 quoniam
1133 322 1218 366 hoc
1240 336 1380 366 unum
1400 331 1465 366 est
1493 324 1635 366 bono-

244 410 339 440 rum
372 409 472 453 quae
506 402 609 437 sunt
640 408 694 437 ex
728 396 836 439 Deo.
858 393 1020 438 Debuit
1046 393 1178 452 igitur
1200 396 1315 439 Deus
1343 393 1447 438 dare
1467 391 1635 437 homini

244 465 427 508 liberam
449 462 739 509 voluntatem.

301 535 378 578 IV.
413 535 465 577 E.
491 535 517 578 J
519 549 589 578 am
605 532 801 579 concedo
815 549 911 578 eam
927 536 1069 578 Deum
1083 533 1268 578 dedisse.
1292 533 1379 579 Sed
1389 547 1538 578 nonne
1554 531 1636 576 tibi

239 602 430 658 videtur,
462 619 611 663 quaeso
642 613 705 658 te,
735 605 770 648 si
791 605 847 649 ad
867 613 984 649 recte
1005 603 1258 649 faciendum
1279 602 1383 647 data
1404 611 1495 657 est,
1516 601 1639 662 quod

239 689 329 718 non
364 672 567 719 debuerit
602 673 659 718 ad
691 674 963 734 peccandum
995 690 1119 735 posse
1148 674 1373 719 converti?
1407 673 1519 717 sicut
1544 671 1638 730 ipsa

234 745 400 804 justitia
418 761 518 805 quae
535 744 635 789 data
657 754 721 789 est
735 746 904 790 homini
922 745 977 790 ad
991 746 1105 789 bene
1124 744 1365 790 vivendum
1383 762 1394 788 ι
1419 740 1639 802 numquid

237 814 353 857 enim
374 823 518 872 potest
535 815 751 874 quispiam
767 830 843 874 per
860 815 1075 874 justitiam
1093 830 1215 859 suam
1237 813 1351 858 male
1370 813 1546 857 vivere?
1570 810 1640 856 Sic

236 898 366 927 nemo
383 893 527 940 posset
543 899 621 938 pcr
634 883 908 923 voluntatem
925 899 1126 937 peccare,
1146 885 1181 922 ei
1195 883 1401 923 voluntas
1414 881 1517 922 data
1530 887 1642 924 esset

237 952 293 995 ad
316 960 432 996 recte
453 950 721 994 faciendum.
748 952 800 993 A.
826 949 1018 993 Donabit
1040 948 1222 1007 quidem
1250 951 1389 1002 Deus,
1420 956 1471 991 ut
1488 962 1638 1007 spero,

236 1032 286 1066 ut
310 1022 387 1066 tibi
409 1020 578 1065 valeam
600 1018 861 1079 respondere
876 1054 887 1074 ,
922 1019 993 1066 vel
1015 1019 1159 1078 potius
1182 1028 1232 1063 ut
1253 1019 1345 1077 ipse
1365 1018 1448 1062 tibi
1469 1017 1637 1073 eadem,

236 1110 336 1154 quae
359 1107 529 1137 summa
551 1092 747 1135 omnium
769 1090 972 1149 magistra
996 1099 1082 1145 est,
1107 1091 1292 1135 veritate
1313 1090 1432 1133 intus
1454 1088 1641 1134 docente

237 1163 512 1223 respondeas.
535 1162 620 1208 Sed
643 1162 859 1221 paulisper
881 1161 988 1205 mihi
1011 1161 1111 1205 volo
1135 1161 1272 1215 dicas,
1295 1161 1330 1204 si
1350 1160 1397 1204 id
1419 1159 1541 1219 quod
1565 1159 1642 1204 abs

238 1245 282 1280 te
314 1234 616 1294 quaesiveram,
655 1242 823 1277 certum
856 1242 899 1276 et
929 1232 1157 1290 cognitum
1188 1241 1326 1285 tenes,
1351 1234 1493 1275 Deum
1515 1229 1643 1274 nobis

240 1304 408 1349 dedisse
441 1304 626 1347 liberam
657 1302 946 1356 voluntatem,
972 1311 1121 1345 utrum
1153 1309 1356 1360 oporteat
1379 1299 1526 1344 dicere
1549 1300 1645 1344 dari

241 1391 332 1419 non
353 1374 569 1426 debuisse,
589 1372 711 1431 quod
732 1371 897 1415 dedisse
910 1371 1174 1415 confitemur
1189 1374 1346 1415 Deum.
1372 1369 1417 1415 Si
1433 1370 1552 1414 enim
1573 1370 1644 1414 in-

241 1453 410 1489 certum
433 1451 497 1486 est
515 1451 665 1486 utrum
687 1440 873 1494 dederit,
894 1450 1011 1485 recte
1033 1441 1271 1501 quaerimus
1288 1450 1438 1485 utrum
1456 1440 1572 1484 bene
1590 1441 1645 1484 sit

243 1514 344 1558 data
365 1532 373 1556 :
398 1521 448 1556 ut·
480 1526 583 1556 cum
609 1511 902 1555 invenerimus
924 1511 1037 1555 bene
1058 1510 1206 1556 datam
1239 1525 1327 1555 esse
1343 1545 1356 1566 ,
1392 1509 1643 1555 inveniatur

244 1584 373 1628 etiam
392 1582 518 1626 illum
537 1581 721 1636 dedisse,
745 1596 769 1626 a
786 1597 875 1641 quo
891 1581 1059 1626 homini
1080 1582 1182 1626 data
1203 1590 1306 1626 sunt
1324 1580 1474 1626 omnia
1495 1580 1642 1636 bona3

246 1654 280 1698 si
301 1663 450 1698 autem
466 1652 760 1696 invenerimus
781 1668 872 1697 non
891 1651 1004 1696 bene
1026 1651 1174 1696 datam
1196 1667 1303 1707 esse,
1327 1667 1420 1696 non
1439 1665 1541 1695 eum
1561 1650 1646 1694 de-

246 1724 357 1768 disse
371 1722 681 1781 intelligamus,
701 1737 837 1782 quem
851 1721 1030 1780 culpare
1052 1720 1175 1766 nefas
1193 1730 1272 1765 est.
1296 1722 1340 1766 Si
1355 1735 1460 1765 vero
1473 1728 1646 1764 certum

250 1803 338 1849 est,
375 1792 496 1852 quod
527 1793 618 1852 ipse
649 1791 769 1835 illam
790 1790 975 1845 dederit,
1005 1799 1178 1850 oportet
1204 1789 1438 1844 fateamur,
1462 1804 1646 1849 quoquo

250 1864 383 1910 modo
403 1863 504 1909 data
524 1873 604 1918 est,
626 1878 771 1923 neque
791 1877 882 1907 non
898 1861 1007 1916 dari,
1032 1876 1177 1922 neque
1194 1860 1318 1905 aliter
1342 1860 1436 1904 dari
1453 1875 1549 1905 eam
1570 1860 1646 1904 de-

250 1936 395 1980 buisse
412 1950 544 1995 quam
567 1934 669 1979 data
691 1942 768 1978 est.
789 1932 870 1977 Ille
890 1932 1006 1976 enim
1030 1930 1168 1987 dedit,
1193 1931 1317 1990 cujus
1338 1929 1506 1975 factum
1528 1938 1645 1975 recte

251 2004 514 2066 reprehendi
531 2003 654 2048 nullo
671 2012 800 2063 pacto
817 2011 977 2062 potest.

289 2073 363 2121 'V.
398 2079 451 2120 Ε.
479 2078 742 2135 Quanquam
759 2074 852 2117 haec
873 2073 1130 2117 inconcussa
1156 2071 1243 2116 fide
1269 2080 1465 2127 teneam,
1495 2080 1645 2116 tamen

250 2148 352 2208 quia
368 2146 615 2205 cognitione
632 2143 830 2189 nondum
847 2153 992 2197 teneo,
1014 2143 1075 2186 ita
1094 2157 1340 2203 quaeramus
1357 2142 1482 2201 quasi
1497 2142 1644 2186 omnia

250 2219 414 2263 incerta
436 2217 536 2261 sint.
557 2215 696 2260 Video
718 2213 833 2258 enim
851 2228 904 2257 ex
920 2213 1004 2258 hoc
1022 2213 1142 2273 quod
1157 2213 1377 2257 incertum
1393 2221 1474 2267 est,
1493 2220 1645 2256 utrum

251 2287 307 2332 ad
323 2296 439 2333 recte
453 2284 702 2332 faciendum
715 2282 917 2329 voluntas
932 2283 1070 2327 libera
1085 2281 1189 2327 data
1209 2283 1281 2337 sit,
1305 2297 1406 2326 cum
1427 2296 1505 2341 per
1519 2280 1640 2325 illam

254 2359 382 2402 etiam
403 2372 582 2418 peccare
603 2356 832 2416 possimus,
851 2353 945 2397 fieri
963 2353 1094 2397 etiam
1107 2351 1219 2396 illud
1241 2351 1476 2405 incertum,
1493 2359 1644 2395 utrum

255 2426 347 2471 dari
369 2428 584 2472 debuerit.
612 2428 654 2472 Si
676 2426 792 2470 enim
818 2425 1034 2469 incertum
1070 2432 1133 2467 est
1154 2421 1208 2467 ad
1238 2431 1354 2467 recte
1387 2420 1640 2466 faciendum

254 2496 398 2541 datam
422 2513 534 2553 esse,
561 2499 776 2542 incertum
799 2504 862 2540 est
884 2495 1015 2540 etiam
1033 2493 1127 2539 dari
1144 2492 1346 2538 debuisse
1365 2510 1373 2536 :
1400 2506 1447 2537 ac
1464 2505 1540 2550 per
1558 2491 1641 2534 hoc

1724 407 1729 434 ί

1723 533 1729 576 l
