1729 3143
587 211 798 240 ADVERSUS
830 214 1007 240 JunAEos.
1408 201 1487 238 261

112 276 279 321 ritalem
301 277 405 321 Sion
421 286 464 321 et
482 278 674 323 civitates
695 276 822 321 Judae
836 311 847 331 ,
872 277 918 320 id
939 287 1028 331 est,
1053 275 1264 321 Ecclesias
1289 294 1300 320 ε
1323 274 1378 319 de
1395 277 1488 335 qui-

110 347 193 391 bus
214 347 447 406 Apostolus
463 347 567 393 dicit
588 367 597 393 :
622 366 642 390 «
662 350 791 391 Eram
809 355 955 391 autem
971 349 1145 406 ignotus
1161 345 1272 391 facie
1288 345 1491 390 Ecclesiis

111 434 131 457 »
157 419 182 460 J
186 416 322 461 udaeae
343 434 442 477 quae
461 427 563 462 sunt
582 418 628 461 in
645 417 818 462 Christo
837 419 867 459 1.
896 435 917 458 »
944 417 1161 470 Quoniam
1179 451 1190 470 ‚
1216 416 1327 460 sicut
1348 416 1393 459 in
1414 431 1491 460 eo-

109 486 210 529 dem
243 487 412 532 Psalmo
443 486 575 546 paulo
604 495 701 546 post
734 485 913 545 ponitur
940 505 949 530 :
982 489 1142 530 «Deus
1173 485 1336 530 salvam
1363 483 1494 530 faciet

111 573 132 596 »
161 556 288 612 Sion,
315 567 358 601 et
373 556 709 601 aedificabuntur
725 557 920 600 civitates
938 555 1081 599 Judae.
1109 559 1165 599 Et
1185 555 1495 600 inhabitabunt

113 644 130 665 »
157 640 250 669 eam
269 660 279 680 ‚
308 635 350 670 et
368 625 622 670 haereditate
642 626 868 685 acquirent
890 640 1001 669 eam.
1027 627 1083 669 Et
1105 639 1251 668 semen
1271 640 1494 670 servorum

111 713 131 735 »
159 697 248 754 ejus
274 696 559 753 possidebunt
578 711 699 750 eam,
724 706 768 740 et
789 696 867 756 qui
888 695 1078 753 diligunt
1099 709 1260 738 nomen
1283 697 1398 754 ejus,
1428 696 1496 739 in-

110 782 130 806 »
157 765 419 809 habitabunt
438 767 485 809 in
503 781 552 809 ea
566 770 599 810 ².
629 787 646 807 »
677 765 760 811 Sed
777 781 876 810 cum
898 766 993 809 haec
1010 764 1196 809 audiunt
1213 767 1236 808 J
1241 765 1355 808 udaei
1372 799 1384 820 ,
1404 780 1498 809 car-

107 834 261 878 naliter
284 836 504 894 accipiunt
524 871 535 890 ,
574 845 617 880 et
638 845 856 880 terrenam
884 835 1122 879 Jerusalem
1151 835 1344 892 cogitant
1360 869 1370 889 ‚
1396 850 1497 894 quae

107 906 237 949 servit
269 920 370 949 cum
400 906 497 950 filiis
528 907 614 949 suis
643 926 651 951 :
677 922 766 950 non
789 916 971 951 matrem
1000 915 1192 951 nostram
1221 913 1429 949 aeternam
1450 905 1497 948 in

106 973 225 1017 coelis
240 976 255 999 3
265 1008 274 1017 .

166 1046 262 1088 Vll.
301 1048 409 1088 Item
448 1045 641 1089 Psalmus
674 1047 1183 1105 septuagesimus-nonus
1207 1044 1337 1088 simili
1363 1043 1497 1087 titulo

106 1123 398 1171 praenotatur:
421 1119 536 1159 «Pro
560 1116 606 1158 iis
622 1131 721 1174 quae
736 1116 1103 1158 immutabuntur.
1122 1133 1142 1153 n
1161 1117 1211 1156 In
1223 1129 1312 1172 quo
1326 1112 1499 1157 Psalmo

106 1183 219 1225 inter
241 1193 395 1227 caetera
414 1185 621 1243 scriptum
644 1194 707 1227 est
725 1203 733 1227 ε
764 1203 781 1222 «
801 1183 984 1241 Respice
1006 1181 1061 1225 de
1079 1182 1194 1226 coelo
1208 1216 1219 1235 ‚
1245 1191 1288 1225 et
1308 1182 1409 1225 vide
1423 1217 1434 1237 ,
1455 1191 1500 1226 et

113 1270 132 1293 n
157 1254 282 1296 visita
298 1256 467 1297 vineam
483 1255 610 1298 istam
629 1274 637 1298 :
661 1264 703 1297 et
722 1253 881 1311 perfice
899 1267 994 1295 eam
1012 1266 1145 1311 quam
1160 1251 1375 1309 plantavit
1390 1252 1498 1294 dex-

110 1340 129 1362 »
156 1331 243 1365 tera
276 1331 377 1376 tua,
412 1331 455 1365 et
489 1337 617 1380 super
648 1322 786 1365 filium
819 1322 1027 1375 hominis,
1067 1334 1200 1380 quem
1233 1320 1500 1364 confirmasti

110 1409 130 1432 »
156 1391 272 1435 tibi⁴.
293 1410 312 1431 »
341 1395 436 1450 Ipsa
450 1400 514 1435 est
533 1392 649 1434 enim
672 1392 798 1435 vinea
816 1391 870 1433 de
892 1406 978 1449 qua
996 1390 1158 1434 dicitur
1180 1408 1189 1434 :
1219 1390 1435 1434 «Vineam
1453 1405 1505 1435 ex

108 1479 128 1502 »
155 1465 346 1520 AEgypto
379 1462 650 1506 transtulisti.
675 1482 692 1502 »
718 1464 816 1505 Non
841 1462 955 1504 enim
987 1460 1183 1505 Christus
1212 1459 1339 1503 aliam
1369 1459 1501 1519 plan-

104 1533 242 1577 tavit:
268 1533 342 1576 sed
362 1533 521 1591 ipsam,
553 1531 792 1585 veniendo,
818 1533 865 1574 in
896 1529 1051 1574 melius
1082 1530 1384 1574 commutavit.
1431 1531 1500 1575 Sic

106 1611 149 1646 et
169 1603 215 1646 in
238 1602 475 1660 Evangelio
502 1602 661 1659 legitur
686 1621 694 1645 ;
731 1621 749 1642 «
769 1600 907 1645 Malos
929 1599 1041 1644 male
1065 1599 1239 1658 perdet,
1266 1609 1309 1643 et
1328 1601 1501 1645 vineam

108 1691 127 1713 »
154 1688 276 1717 suam
303 1672 465 1716 locabit
487 1671 579 1715 aliis
603 1671 842 1730 agricolis&
869 1689 887 1711 »
913 1673 1011 1715 Non
1033 1670 1150 1713 enim
1172 1670 1262 1714 ait:
1288 1669 1497 1715 Eradica-

106 1742 170 1785 bit
186 1777 196 1796 ,
223 1742 441 1801 aliamque
463 1741 679 1800 plantabit
700 1760 708 1785 ε
735 1741 811 1784 sed
833 1739 1031 1783 eamdem
1053 1740 1191 1799 ipsam
1219 1739 1383 1784 locabit
1405 1740 1498 1784 aliis

104 1811 314 1869 agricolis.
340 1812 507 1855 Eadem
528 1825 719 1870 namque
745 1818 808 1854 est
829 1819 1081 1855 sanctorum
1108 1811 1311 1854 societate
1334 1811 1496 1855 Civitas

103 1882 182 1926 Dei
208 1891 251 1925 et
271 1882 546 1939 congregatio
573 1881 763 1926 filiorum
787 1880 1107 1939 promissionis,
1140 1880 1392 1924 mortalium
1416 1881 1496 1924 de-

104 1952 296 1995 cessione
318 1967 367 1995 ac
394 1951 662 1995 successione
691 1950 952 2010 complenda
968 1985 979 2005 ‚
1013 1960 1145 2010 atque
1172 1951 1220 1993 in
1241 1951 1328 1993 fine
1350 1951 1496 1995 saeculi

104 2021 234 2065 simul
247 2022 291 2065 in
308 2022 510 2065 omnibus
525 2021 896 2066 immortalitatem
909 2020 1103 2065 debitam
1121 2030 1349 2080 receptura
1369 2039 1377 2065 ε
1396 2037 1496 2081 quae

106 2091 191 2135 alio
217 2091 350 2135 modo
372 2092 418 2134 in
441 2090 525 2134 alio
550 2090 720 2135 Psalmo
742 2107 820 2149 per
841 2090 999 2152 olivam
1028 2089 1300 2135 fructiferam
1327 2092 1496 2149 signifi-

105 2171 251 2215 catur,
274 2171 315 2205 et
329 2161 435 2204 dicit
455 2178 465 2204 :
496 2181 516 2203 «
537 2165 630 2219 Ego
647 2170 792 2205 autem
809 2163 921 2205 sicut
932 2161 1046 2206 oliva
1063 2160 1289 2206 fructifera
1300 2163 1346 2206 in
1363 2160 1495 2206 domo

109 2250 129 2273 n
156 2232 258 2285 Dei,
286 2231 453 2290 speravi
479 2232 523 2274 in
545 2230 835 2274 misericordia
853 2232 929 2274 Dei
951 2232 997 2275 in
1016 2241 1230 2276 aeternum
1245 2267 1256 2288 ‚
1282 2242 1324 2276 et
1345 2232 1391 2276 in
1412 2247 1494 2276 sae-

108 2321 127 2343 »
155 2302 301 2345 culum
326 2301 472 2345 saeculi
486 2303 517 2344 ⁶.
540 2319 559 2341 η
586 2304 736 2360 Neque
758 2301 860 2360 quia
877 2300 1002 2346 fracti
1022 2312 1123 2346 sunt
1144 2302 1342 2346 infideles
1364 2311 1407 2346 et
1419 2318 1492 2346 su-

106 2372 250 2430 perbi,
279 2385 326 2414 ac
348 2386 422 2429 per
445 2372 527 2414 hoc
540 2370 798 2414 infructuosi
820 2372 943 2425 rami,
965 2380 1014 2415 ut
1028 2372 1289 2416 insereretur
1307 2372 1489 2416 oleaster

159 2464 168 2479 1
194 2456 263 2489 Gal.
283 2468 305 2492 1¹>
322 2465 374 2488 22.
397 2464 455 2478 —2
471 2456 551 2488 Psal.
571 2468 684 2497 tvvm,
700 2457 740 2488 36
754 2462 788 2487 et
805 2456 857 2496 35.
874 2473 914 2478 -
932 2455 944 2478 3
964 2457 1034 2488 Gal?
1052 2469 1097 2497 iv,
1117 2458 1171 2489 25.
1185 2473 1226 2482 --
1244 2457 1260 2487 4
1274 2458 1355 2490 Psal.
1375 2469 1489 2499 Lxxn’,·

103 2526 123 2553 q
146 2517 177 2543 et
195 2522 251 2551 xv,
272 2512 320 2543 16.
345 2528 381 2533 —-
398 2510 411 2533 5
429 2512 545 2543 Maith.
567 2511 750 2551 xx1,4‘1.-
772 2509 787 2532 6
806 2511 884 2542 Psal.
905 2522 944 2542 ιι.
969 2523 1018 2543 10.
